{"gold_per_floor":[112,22,22,22,22,53,53,85,85,35,98,109,109,129,129,227,277,293,208,133,144,33,33,33],"floor_reached":24,"playtime":1581,"items_purged":["Strike_R"],"score":312,"play_id":"44d5f5b8-9a6e-4676-b31d-fe5596233d55","local_time":"20190101192547","is_ascension_mode":true,"campfire_choices":[{"data":"Bash","floor":7,"key":"SMITH"},{"data":"Sword Boomerang","floor":13,"key":"SMITH"},{"data":"Clothesline","floor":15,"key":"SMITH"},{"floor":23,"key":"REST"}],"neow_cost":"NONE","seed_source_timestamp":855978463068067,"circlet_count":0,"master_deck":["Strike_R","Strike_R+1","Defend_R","Defend_R","Defend_R","Bash+1","Finesse","Cleave","Sword Boomerang+1","Warcry","Double Tap","Clothesline+1","Impervious","Armaments","Pommel Strike","Spot Weakness","Inflame"],"relics":["Burning Blood","NeowsBlessing","Red Skull","Bag of Marbles","Blood Vial","Tiny Chest","Tiny House","Potion Belt"],"potions_floor_usage":[11,18],"damage_taken":[{"damage":0,"enemies":"Jaw Worm","floor":1,"turns":1},{"damage":0,"enemies":"3 Sentries","floor":6,"turns":2},{"damage":0,"enemies":"Lagavulin","floor":8,"turns":1},{"damage":20,"enemies":"Gremlin Nob","floor":11,"turns":4},{"damage":6,"enemies":"2 Louse","floor":12,"turns":2},{"damage":3,"enemies":"Small Slimes","floor":14,"turns":2},{"damage":67,"enemies":"The Guardian","floor":16,"turns":8},{"damage":23,"enemies":"2 Thieves","floor":18,"turns":3},{"damage":31,"enemies":"Shell Parasite","floor":21,"turns":6},{"damage":72,"enemies":"Book of Stabbing","floor":24,"turns":5}],"seed_played":"-5374896287793603484","potions_obtained":[{"floor":6,"key":"Block Potion"},{"floor":12,"key":"Explosive Potion"},{"floor":16,"key":"SpeedPotion"},{"floor":17,"key":"Ancient Potion"},{"floor":18,"key":"Energy Potion"}],"is_trial":false,"path_per_floor":["M","$","?","$","?","E","R","E","T","?","E","M","R","M","R","B",null,"M","?","?","M","$","R","E"],"character_chosen":"IRONCLAD","items_purchased":["Finesse","Inflame"],"campfire_rested":1,"item_purchase_floors":[2,22],"current_hp_per_floor":[80,80,73,73,73,79,79,80,80,80,66,68,68,73,73,14,85,68,68,68,45,45,70,0],"gold":33,"neow_bonus":"THREE_ENEMY_KILL","is_prod":false,"is_daily":false,"chose_seed":false,"campfire_upgraded":3,"win_rate":0,"timestamp":1546338347,"path_taken":["M","$","?","$","?","E","R","E","T","?","E","M","R","?","R","BOSS","M","?","?","M","?","R","E"],"build_version":"2018-12-20","purchased_purges":1,"victory":false,"max_hp_per_floor":[80,80,80,80,80,80,80,80,80,80,80,80,80,80,80,80,85,85,85,85,85,85,85,85],"card_choices":[{"not_picked":["Clash","Heavy Blade","Warcry"],"picked":"SKIP","floor":1},{"not_picked":["Havoc","Feel No Pain"],"picked":"Cleave","floor":6},{"not_picked":["Reckless Charge","Wild Strike"],"picked":"Sword Boomerang","floor":8},{"not_picked":["Whirlwind","Havoc"],"picked":"Warcry","floor":11},{"not_picked":["Thunderclap","Clothesline"],"picked":"Double Tap","floor":12},{"not_picked":["Blood for Blood","Feel No Pain"],"picked":"Clothesline","floor":14},{"not_picked":["Berserk","Exhume"],"picked":"Impervious","floor":16},{"not_picked":["Flex","Iron Wave"],"picked":"Armaments","floor":17},{"not_picked":["Clash","Reckless Charge"],"picked":"Pommel Strike","floor":18},{"not_picked":["Evolve","Sword Boomerang"],"picked":"Spot Weakness","floor":21}],"player_experience":309091,"relics_obtained":[{"floor":6,"key":"Red Skull"},{"floor":8,"key":"Bag of Marbles"},{"floor":9,"key":"Blood Vial"},{"floor":11,"key":"Tiny Chest"}],"event_choices":[{"cards_removed":["Defend_R"],"damage_healed":0,"gold_gain":0,"player_choice":"Card Removal","damage_taken":7,"max_hp_gain":0,"max_hp_loss":0,"event_name":"Golden Wing","floor":3,"gold_loss":0},{"damage_healed":0,"gold_gain":0,"player_choice":"Ignored","damage_taken":0,"max_hp_gain":0,"max_hp_loss":0,"event_name":"Liars Game","floor":5,"gold_loss":0},{"cards_removed":["Strike_R"],"damage_healed":0,"gold_gain":0,"player_choice":"Card Removal","damage_taken":0,"max_hp_gain":0,"max_hp_loss":0,"event_name":"The Cleric","floor":10,"gold_loss":50},{"damage_healed":0,"gold_gain":0,"player_choice":"Obtained Relic","damage_taken":0,"relics_obtained":["Potion Belt"],"max_hp_gain":0,"max_hp_loss":0,"event_name":"Addict","floor":19,"gold_loss":85},{"cards_removed":["Strike_R"],"damage_healed":0,"gold_gain":0,"player_choice":"Gave Gold","damage_taken":0,"max_hp_gain":0,"max_hp_loss":0,"event_name":"Beggar","floor":20,"gold_loss":75}],"is_beta":false,"boss_relics":[{"not_picked":["Orrery","Black Star"],"picked":"Tiny House"}],"items_purged_floors":[22],"is_endless":false,"potions_floor_spawned":[6,12,16,18],"killed_by":"Book of Stabbing","ascension_level":4}