{"gold_per_floor":[113,78,103,65,65,65,90,70,70,82,82,102,56,66,66,66],"floor_reached":16,"playtime":540,"items_purged":[],"score":167,"play_id":"290f144a-f880-4757-811d-f2d82e54a75b","local_time":"20190602205447","is_ascension_mode":true,"campfire_choices":[{"data":"Burning Pact","floor":6.0,"key":"SMITH"},{"data":"Dark Embrace","floor":11.0,"key":"SMITH"},{"floor":15.0,"key":"REST"}],"neow_cost":"PERCENT_DAMAGE","seed_source_timestamp":0,"circlet_count":0,"master_deck":["Strike_R","Strike_R","Strike_R","Strike_R","Strike_R","Defend_R","Defend_R","Defend_R","Defend_R","Bash","Burning Pact","Burning Pact+1","Dark Embrace+1","Infernal Blade","Shrug It Off","Shrug It Off"],"special_seed":0,"relics":["Burning Blood","Anchor","Ancient Tea Set","Bottled Lightning"],"potions_floor_usage":[16,16,16],"damage_taken":[{"damage":3.0,"enemies":"2 Louse","floor":1.0,"turns":4.0},{"damage":44.0,"enemies":"Gremlin Nob","floor":7.0,"turns":5.0},{"damage":2.0,"enemies":"Jaw Worm","floor":10.0,"turns":4.0},{"damage":16.0,"enemies":"Cultist","floor":12.0,"turns":4.0},{"damage":15.0,"enemies":"Red Slaver","floor":14.0,"turns":3.0},{"damage":81,"enemies":"The Guardian","floor":16,"turns":10}],"seed_played":"6425042937300346274","potions_obtained":[{"floor":1.0,"key":"SpeedPotion"},{"floor":7.0,"key":"SkillPotion"},{"floor":8.0,"key":"Swift Potion"}],"is_trial":false,"path_per_floor":["M","?","T","$","?","R","E","?","T","M","R","M","$","M","R","B"],"character_chosen":"IRONCLAD","items_purchased":["Burning Pact","Shrug It Off"],"campfire_rested":1,"item_purchase_floors":[4,13],"current_hp_per_floor":[70,94,94,94,99,99,61,61,61,65,65,55,55,46,76,0],"gold":66,"neow_bonus":"TWENTY_PERCENT_HP_BONUS","is_prod":false,"is_daily":false,"chose_seed":false,"campfire_upgraded":2,"win_rate":0,"timestamp":1559523287,"path_taken":["M","?","?","$","?","R","E","?","T","?","R","M","?","M","R","BOSS"],"build_version":"2019-01-23","purchased_purges":0,"victory":false,"max_hp_per_floor":[96,96,96,96,101,101,101,101,101,101,101,101,101,101,101,101],"card_choices":[{"not_picked":["Infernal Blade","Power Through"],"picked":"Burning Pact","floor":1.0},{"not_picked":["Iron Wave","Pommel Strike"],"picked":"Dark Embrace","floor":7.0},{"not_picked":["Body Slam","Metallicize"],"picked":"Infernal Blade","floor":10.0},{"not_picked":["Heavy Blade","Perfected Strike","Wild Strike"],"picked":"SKIP","floor":12.0},{"not_picked":["Perfected Strike","Second Wind"],"picked":"Shrug It Off","floor":14.0}],"player_experience":368341,"relics_obtained":[{"floor":3.0,"key":"Anchor"},{"floor":7.0,"key":"Ancient Tea Set"},{"floor":9.0,"key":"Bottled Lightning"}],"event_choices":[{"damage_healed":24.0,"max_hp_gain":0.0,"max_hp_loss":0.0,"gold_gain":0.0,"event_name":"The Cleric","player_choice":"Healed","floor":2.0,"gold_loss":35.0,"damage_taken":0.0},{"damage_healed":0.0,"max_hp_gain":5.0,"max_hp_loss":0.0,"gold_gain":0.0,"event_name":"Big Fish","player_choice":"Donut","floor":5.0,"gold_loss":0.0,"damage_taken":0.0},{"damage_healed":0.0,"max_hp_gain":0.0,"max_hp_loss":0.0,"gold_gain":0.0,"event_name":"The Woman in Blue","player_choice":"Bought 1 Potion","floor":8.0,"gold_loss":0.0,"damage_taken":0.0}],"is_beta":false,"boss_relics":[],"items_purged_floors":[],"is_endless":false,"potions_floor_spawned":[1,7],"killed_by":"The Guardian","ascension_level":9}