{"gold_per_floor":[111,124,124,10,10,54,54,79,79,98,116,13,13,26,26,154,154,167,167,183,183,206,206,222,222,222,222],"floor_reached":27,"playtime":1729,"items_purged":["Shame"],"score":258,"play_id":"0ac24ee1-f591-498b-8be2-015a91ef47c4","local_time":"20181230012533","is_ascension_mode":true,"campfire_choices":[{"floor":7,"key":"REST"},{"floor":13,"key":"REST"},{"floor":15,"key":"REST"},{"floor":23,"key":"REST"},{"floor":25,"key":"REST"}],"neow_cost":"CURSE","seed_source_timestamp":618209391085438,"circlet_count":0,"master_deck":["Strike_R","Strike_R","Strike_R","Strike_R","Strike_R","Defend_R","Defend_R","Defend_R","Defend_R","Bash","Armaments","Hemokinesis","Whirlwind","Entrench","Bloodletting","Clash","Rupture","Shrug It Off","Inflame","Clothesline","Brutality","Twin Strike","Fire Breathing+1","Fire Breathing+1"],"relics":["Burning Blood","Incense Burner","Golden Idol","Dead Branch","Bottled Flame","Runic Pyramid","Pen Nib"],"potions_floor_usage":[11,16,16,22,22],"damage_taken":[{"damage":15,"enemies":"Small Slimes","floor":1,"turns":3},{"damage":13,"enemies":"2 Louse","floor":2,"turns":3},{"damage":46,"enemies":"3 Sentries","floor":6,"turns":8},{"damage":10,"enemies":"Jaw Worm","floor":8,"turns":3},{"damage":5,"enemies":"Looter","floor":10,"turns":2},{"damage":34,"enemies":"Gremlin Gang","floor":11,"turns":5},{"damage":17,"enemies":"Blue Slaver","floor":14,"turns":3},{"damage":42,"enemies":"The Guardian","floor":16,"turns":10},{"damage":43,"enemies":"Spheric Guardian","floor":18,"turns":5},{"damage":23,"enemies":"Chosen","floor":20,"turns":7},{"damage":34,"enemies":"3 Cultists","floor":22,"turns":5},{"damage":42,"enemies":"Centurion and Healer","floor":24,"turns":9},{"damage":68,"enemies":"Chosen and Byrds","floor":27,"turns":8}],"seed_played":"-4937538612789861435","potions_obtained":[{"floor":8,"key":"FearPotion"},{"floor":11,"key":"Weak Potion"},{"floor":14,"key":"Poison Potion"},{"floor":18,"key":"Strength Potion"},{"floor":20,"key":"Block Potion"}],"is_trial":false,"path_per_floor":["M","M","?","$","?","E","R","M","T","M","M","$","R","M","R","B",null,"M","?","M","?","M","R","M","R","T","M"],"character_chosen":"IRONCLAD","items_purchased":["Whirlwind","Shrug It Off","Inflame"],"campfire_rested":5,"item_purchase_floors":[4,12,12],"current_hp_per_floor":[71,64,64,64,69,29,52,48,48,49,21,21,44,33,56,20,79,42,68,51,51,23,46,10,33,33,0],"gold":222,"neow_bonus":"ONE_RARE_RELIC","is_prod":false,"is_daily":false,"chose_seed":false,"campfire_upgraded":0,"win_rate":0,"timestamp":1546100733,"path_taken":["M","M","?","$","?","E","R","M","T","M","M","$","R","M","R","BOSS","M","?","M","?","?","R","M","R","T","M"],"build_version":"2018-12-20","purchased_purges":1,"victory":false,"max_hp_per_floor":[80,80,74,74,79,79,79,79,79,79,79,79,79,79,79,79,79,79,79,79,79,79,79,79,79,79,79],"card_choices":[{"not_picked":["Havoc","Combust"],"picked":"Armaments","floor":1},{"not_picked":["Perfected Strike","Shrug It Off"],"picked":"Hemokinesis","floor":2},{"not_picked":["Thunderclap","Dropkick"],"picked":"Entrench","floor":6},{"not_picked":["Exhume","Armaments"],"picked":"Bloodletting","floor":8},{"not_picked":["Searing Blow","Dual Wield"],"picked":"Clash","floor":10},{"not_picked":["Iron Wave","Bloodletting"],"picked":"Rupture","floor":11},{"not_picked":["Headbutt","Rampage"],"picked":"Clothesline","floor":14},{"not_picked":["Fiend Fire","Offering"],"picked":"Brutality","floor":16},{"not_picked":["Armaments","Bloodletting"],"picked":"Twin Strike","floor":18},{"not_picked":["Sword Boomerang","Iron Wave"],"picked":"Fire Breathing+1","floor":20},{"not_picked":["Havoc+1","Cleave","Sentinel"],"picked":"SKIP","floor":22},{"not_picked":["Perfected Strike","Twin Strike","Rampage"],"picked":"SKIP","floor":24}],"player_experience":260892,"relics_obtained":[{"floor":6,"key":"Dead Branch"},{"floor":9,"key":"Bottled Flame"},{"floor":26,"key":"Pen Nib"}],"event_choices":[{"damage_healed":0,"gold_gain":0,"player_choice":"Lose Max HP","damage_taken":0,"relics_obtained":["Golden Idol"],"max_hp_gain":0,"max_hp_loss":6,"event_name":"Golden Idol","floor":3,"gold_loss":0},{"damage_healed":0,"gold_gain":0,"player_choice":"Donut","damage_taken":0,"max_hp_gain":5,"max_hp_loss":0,"event_name":"Big Fish","floor":5,"gold_loss":0},{"damage_healed":26,"gold_gain":0,"player_choice":"Heal","damage_taken":0,"max_hp_gain":0,"max_hp_loss":0,"event_name":"The Library","floor":19,"gold_loss":0},{"damage_healed":0,"gold_gain":0,"player_choice":"Copied","damage_taken":0,"max_hp_gain":0,"max_hp_loss":0,"event_name":"Duplicator","floor":21,"gold_loss":0,"cards_obtained":["Fire Breathing"]}],"is_beta":false,"boss_relics":[{"not_picked":["Lizard Tail","Black Star"],"picked":"Runic Pyramid"}],"items_purged_floors":[4],"is_endless":false,"potions_floor_spawned":[8,11,14,18,20],"killed_by":"Chosen and Byrds","ascension_level":4}