{"gold_per_floor":[113,130,146,159,159,188,11,26,101,101,121,150,7,26,26,130,130,143,242,242,157,157,168,168,116,140,182,194],"floor_reached":28,"playtime":1411,"items_purged":["Strike_B"],"score":372,"play_id":"5b890178-c135-4aee-bc3e-abb5c23280c7","local_time":"20190430200417","is_ascension_mode":true,"campfire_choices":[{"data":"Strike_B","floor":10,"key":"PURGE"},{"data":"Strike_B","floor":15,"key":"PURGE"},{"floor":24,"key":"REST"}],"neow_cost":"NONE","seed_source_timestamp":345679243115607,"circlet_count":0,"master_deck":["AscendersBane","Strike_B","Defend_B","Defend_B","Defend_B","Defend_B","Zap","Dualcast","Steam","Ball Lightning","Barrage","Capacitor","Coolheaded","Go for the Eyes","Loop","Ball Lightning","Leap","Clumsy","Doom and Gloom","Chill","Coolheaded"],"relics":["Cracked Core","Mercury Hourglass","Peace Pipe","Gremlin Horn","Omamori","Strawberry","Calling Bell","Blood Vial","Blue Candle","Nunchaku","Happy Flower","MawBank","Thread and Needle"],"potions_floor_usage":[6,12,16],"damage_taken":[{"damage":6,"enemies":"Cultist","floor":1,"turns":4},{"damage":1,"enemies":"2 Louse","floor":2,"turns":2},{"damage":0,"enemies":"Small Slimes","floor":3,"turns":3},{"damage":1,"enemies":"Looter","floor":4,"turns":3},{"damage":9,"enemies":"3 Sentries","floor":6,"turns":5},{"damage":0,"enemies":"2 Fungi Beasts","floor":8,"turns":3},{"damage":9,"enemies":"Red Slaver","floor":11,"turns":3},{"damage":17,"enemies":"Lagavulin","floor":12,"turns":5},{"damage":3,"enemies":"3 Louse","floor":14,"turns":3},{"damage":11,"enemies":"The Guardian","floor":16,"turns":11},{"damage":36,"enemies":"Shell Parasite","floor":18,"turns":7},{"damage":12,"enemies":"3 Byrds","floor":23,"turns":3},{"damage":51,"enemies":"Gremlin Leader","floor":27,"turns":6},{"damage":12,"enemies":"Centurion and Healer","floor":28,"turns":7}],"seed_played":"7565352522052909685","potions_obtained":[{"floor":1,"key":"FearPotion"},{"floor":3,"key":"PowerPotion"},{"floor":8,"key":"FearPotion"},{"floor":14,"key":"Fire Potion"},{"floor":18,"key":"FearPotion"}],"is_trial":false,"path_per_floor":["M","M","M","M","?","E","$","M","T","R","M","E","$","M","R","B",null,"M","?","?","?","?","M","R","$","T","E","M"],"character_chosen":"DEFECT","items_purchased":["Capacitor","Coolheaded","Strawberry","Coolheaded"],"campfire_rested":1,"item_purchase_floors":[7,7,13,25],"current_hp_per_floor":[69,68,68,67,67,58,58,58,58,58,49,32,39,36,36,25,73,39,39,39,39,39,29,55,55,55,6,0],"gold":194,"neow_bonus":"TEN_PERCENT_HP_BONUS","is_prod":false,"is_daily":false,"chose_seed":false,"campfire_upgraded":0,"win_rate":0,"timestamp":1556647457,"path_taken":["M","M","M","M","?","E","?","M","T","R","M","E","$","M","R","BOSS","M","?","?","?","?","?","R","$","T","E","M"],"build_version":"2019-01-23","purchased_purges":1,"victory":false,"max_hp_per_floor":[82,82,82,82,82,82,82,82,82,82,82,82,89,89,89,89,89,89,89,89,89,89,89,89,89,89,89,89],"card_choices":[{"not_picked":["Blizzard","Fusion"],"picked":"Steam","floor":1},{"not_picked":["Hologram","Steam Power"],"picked":"Ball Lightning","floor":2},{"not_picked":["Cold Snap","Leap","Steam"],"picked":"SKIP","floor":3},{"not_picked":["All For One","Leap","Skim"],"picked":"SKIP","floor":4},{"not_picked":["All For One","Leap","Skim"],"picked":"SKIP","floor":4},{"not_picked":["Lockon","White Noise"],"picked":"Barrage","floor":6},{"not_picked":["Conserve Battery","Gash"],"picked":"Go for the Eyes","floor":8},{"not_picked":["Turbo","Heatsinks"],"picked":"Loop","floor":11},{"not_picked":["Compile Driver","Loop"],"picked":"Ball Lightning","floor":12},{"not_picked":["Stack","Skim"],"picked":"Leap","floor":14},{"not_picked":["Chill","Rebound"],"picked":"Doom and Gloom","floor":18},{"not_picked":["Rebound","Self Repair"],"picked":"Chill","floor":23},{"not_picked":["Seek","All For One","Redo"],"picked":"SKIP","floor":27}],"player_experience":515067,"relics_obtained":[{"floor":6,"key":"Peace Pipe"},{"floor":9,"key":"Gremlin Horn"},{"floor":12,"key":"Omamori"},{"floor":17,"key":"Blood Vial"},{"floor":17,"key":"Blue Candle"},{"floor":17,"key":"Nunchaku"},{"floor":26,"key":"MawBank"},{"floor":27,"key":"Thread and Needle"}],"event_choices":[{"damage_healed":0,"gold_gain":0,"player_choice":"Gave Potion","damage_taken":0,"relics_obtained":["Mercury Hourglass"],"max_hp_gain":0,"max_hp_loss":0,"event_name":"WeMeetAgain","floor":5,"gold_loss":0},{"damage_healed":0,"gold_gain":99,"player_choice":"Stole From Cult","damage_taken":0,"max_hp_gain":0,"max_hp_loss":0,"event_name":"Nest","floor":19,"gold_loss":0},{"damage_healed":0,"gold_gain":0,"player_choice":"Ignored","damage_taken":0,"max_hp_gain":0,"max_hp_loss":0,"event_name":"Ghosts","floor":20,"gold_loss":0},{"damage_healed":0,"gold_gain":0,"player_choice":"Obtained Relic","damage_taken":0,"relics_obtained":["Happy Flower"],"max_hp_gain":0,"max_hp_loss":0,"event_name":"Addict","floor":21,"gold_loss":85},{"damage_healed":0,"gold_gain":0,"player_choice":"Ignored","damage_taken":0,"max_hp_gain":0,"max_hp_loss":0,"event_name":"Duplicator","floor":22,"gold_loss":0}],"is_beta":false,"boss_relics":[{"not_picked":["Eternal Feather","Black Star"],"picked":"Calling Bell"}],"items_purged_floors":[7],"is_endless":false,"potions_floor_spawned":[1,3,8,14,18],"killed_by":"Centurion and Healer","ascension_level":10}