{"gold_per_floor":[115,85,104,124,143,143,155,185,212,212,226,151,151,51,51,51],"floor_reached":16,"playtime":1538,"items_purged":["Strike_G","Strike_G"],"score":189,"play_id":"ec4d62ca-a4bb-43c6-867a-7684766a4b69","local_time":"20190412005712","is_ascension_mode":true,"campfire_choices":[{"data":"Skewer","floor":6,"key":"SMITH"},{"data":"Venomology","floor":10,"key":"SMITH"},{"floor":13,"key":"REST"},{"data":"Neutralize","floor":15,"key":"SMITH"}],"neow_cost":"PERCENT_DAMAGE","seed_source_timestamp":3714987484853792,"circlet_count":0,"master_deck":["AscendersBane","Defend_G","Defend_G","Defend_G","Defend_G","Defend_G","Strike_G","Strike_G","Strike_G","Survivor","Neutralize+1","Venomology+1","Backflip","Deadly Poison","Calculated Gamble","Skewer+1","Crippling Poison","Deadly Poison","Flying Knee"],"special_seed":0,"relics":["Ring of the Snake","Snake Skull"],"potions_floor_usage":[3,4,5,7,8,8,8,11,11,16],"damage_taken":[{"damage":11.0,"enemies":"Cultist","floor":1.0,"turns":6.0},{"damage":4,"enemies":"Jaw Worm","floor":3,"turns":6},{"damage":1,"enemies":"Small Slimes","floor":4,"turns":4},{"damage":19,"enemies":"2 Fungi Beasts","floor":5,"turns":6},{"damage":4,"enemies":"Blue Slaver","floor":7,"turns":6},{"damage":19,"enemies":"Gremlin Nob","floor":8,"turns":4},{"damage":12,"enemies":"Exordium Thugs","floor":11,"turns":3},{"damage":17,"enemies":"Slime Boss","floor":16,"turns":6}],"seed_played":"-6937842938261167835","potions_obtained":[{"floor":2.0,"key":"LiquidBronze"},{"floor":2.0,"key":"Block Potion"},{"floor":8,"key":"Strength Potion"},{"floor":11,"key":"Weak Potion"}],"is_trial":false,"path_per_floor":["M","?","M","M","M","R","M","E","T","R","M","$","R","$","R","B"],"character_chosen":"THE_SILENT","items_purchased":[],"campfire_rested":1,"item_purchase_floors":[],"current_hp_per_floor":[33,33,29,28,24,24,35,16,16,16,4,4,23,23,23,6],"gold":51,"neow_bonus":"THREE_RARE_CARDS","is_prod":false,"is_daily":false,"chose_seed":false,"campfire_upgraded":3,"win_rate":0,"timestamp":1554998232,"path_taken":["M","?","M","M","M","R","M","E","T","R","M","$","R","?","R","BOSS"],"build_version":"2019-04-04","purchased_purges":2,"victory":false,"max_hp_per_floor":[66,66,66,66,66,66,66,66,66,66,66,66,66,66,66,66],"card_choices":[{"not_picked":["Grand Finale","Doppelganger"],"picked":"Venomology","floor":0.0},{"not_picked":["Deflect","Blade Dance"],"picked":"Backflip","floor":1.0},{"not_picked":["Escape Plan","Quick Slash"],"picked":"Deadly Poison","floor":3},{"not_picked":["Deadly Poison","Bane"],"picked":"Calculated Gamble","floor":4},{"not_picked":["Sucker Punch","Bane"],"picked":"Skewer","floor":5},{"not_picked":["Setup","Poisoned Stab"],"picked":"Crippling Poison","floor":7},{"not_picked":["Cloak And Dagger","Calculated Gamble"],"picked":"Deadly Poison","floor":8},{"not_picked":["Dagger Throw","Skewer"],"picked":"Flying Knee","floor":11}],"player_experience":2900719,"relics_obtained":[{"floor":8,"key":"Snake Skull"}],"event_choices":[{"damage_healed":0.0,"max_hp_gain":0.0,"max_hp_loss":0.0,"gold_gain":0.0,"event_name":"The Woman in Blue","player_choice":"Bought 2 Potions","floor":2.0,"gold_loss":0.0,"damage_taken":0.0}],"is_beta":true,"boss_relics":[],"items_purged_floors":[12,14],"is_endless":false,"potions_floor_spawned":[3,5,8,11],"killed_by":"Slime Boss","ascension_level":17}