{"gold_per_floor":[126,153,165,102,125,137,174,202,241,263,292,304,351,9,9,88,138,156,156,156,156,173,173,208,227,283,283],"floor_reached":27,"playtime":1624,"items_purged":["Strike_R"],"score":450,"play_id":"f20f5884-0d65-4cef-85d1-3f47c5ffe1c0","local_time":"20190319150213","is_ascension_mode":true,"campfire_choices":[{"data":"Bash","floor":6,"key":"SMITH"},{"floor":12,"key":"REST"},{"data":"Disarm","floor":15,"key":"SMITH"},{"data":"Inflame","floor":23,"key":"SMITH"}],"neow_cost":"NONE","seed_source_timestamp":1692067412117415,"circlet_count":0,"master_deck":["AscendersBane","Strike_R","Strike_R","Strike_R","Defend_R+1","Defend_R","Defend_R","Defend_R","Bash+1","Twin Strike","Headbutt","Clothesline","Rampage","Feed","True Grit","Disarm+1","Inflame+1","Exhume","Clothesline+1","Sentinel+1","Battle Trance","Reckless Charge+1","Sword Boomerang+1","Battle Trance+1"],"relics":["Burning Blood","MawBank","Bronze Scales","Red Skull","Bag of Preparation","Art of War","Molten Egg 2","Tiny House","Enchiridion","Matryoshka","Dodecahedron","Tiny Chest","Pen Nib"],"potions_floor_usage":[10,13,22,24,24],"damage_taken":[{"damage":17,"enemies":"Small Slimes","floor":1,"turns":5},{"damage":4,"enemies":"Jaw Worm","floor":2,"turns":4},{"damage":3,"enemies":"2 Louse","floor":5,"turns":3},{"damage":35,"enemies":"3 Sentries","floor":7,"turns":8},{"damage":10,"enemies":"Blue Slaver","floor":8,"turns":3},{"damage":6,"enemies":"Exordium Thugs","floor":10,"turns":5},{"damage":2,"enemies":"2 Fungi Beasts","floor":11,"turns":3},{"damage":24,"enemies":"Lagavulin","floor":13,"turns":6},{"damage":7,"enemies":"Hexaghost","floor":16,"turns":9},{"damage":23,"enemies":"Shell Parasite","floor":18,"turns":8},{"damage":3,"enemies":"Chosen","floor":22,"turns":4},{"damage":30,"enemies":"Gremlin Leader","floor":24,"turns":7},{"damage":20,"enemies":"Snake Plant","floor":25,"turns":3},{"damage":20,"enemies":"3 Cultists","floor":27,"turns":3}],"seed_played":"-8526465620278750295","potions_obtained":[{"floor":2,"key":"SpeedPotion"},{"floor":7,"key":"Energy Potion"},{"floor":11,"key":"SteroidPotion"},{"floor":16,"key":"FearPotion"},{"floor":17,"key":"Regen Potion"},{"floor":22,"key":"EssenceOfSteel"}],"is_trial":false,"path_per_floor":["M","M","?","?","M","R","E","M","T","M","M","R","E","$","R","B",null,"M","?","?","T","M","R","E","M","T","M"],"character_chosen":"IRONCLAD","items_purchased":["Molten Egg 2"],"campfire_rested":1,"item_purchase_floors":[14],"current_hp_per_floor":[57,59,48,48,51,51,22,18,18,21,28,52,34,34,34,33,74,60,60,39,39,54,54,33,19,19,0],"gold":283,"neow_bonus":"RANDOM_COMMON_RELIC","is_prod":false,"is_daily":false,"chose_seed":false,"campfire_upgraded":3,"win_rate":0,"timestamp":1552975333,"path_taken":["M","M","?","?","M","R","E","M","T","M","M","R","E","?","R","BOSS","M","?","?","?","M","R","E","M","T","M"],"build_version":"2019-03-15","purchased_purges":1,"victory":false,"max_hp_per_floor":[75,75,75,75,75,75,75,75,75,78,81,81,81,81,81,81,86,89,89,89,89,89,89,92,92,92,92],"card_choices":[{"not_picked":["Bloodletting","Headbutt"],"picked":"Twin Strike","floor":1},{"not_picked":["Warcry","Wild Strike"],"picked":"Headbutt","floor":2},{"not_picked":["Wild Strike","Sword Boomerang"],"picked":"Clothesline","floor":5},{"not_picked":["Battle Trance","Headbutt"],"picked":"Rampage","floor":7},{"not_picked":["Armaments","Spot Weakness"],"picked":"Feed","floor":8},{"not_picked":["Cleave","Heavy Blade"],"picked":"True Grit","floor":10},{"not_picked":["Flex","Anger"],"picked":"Disarm","floor":11},{"not_picked":["Uppercut","Searing Blow"],"picked":"Inflame","floor":13},{"not_picked":["Brutality","Impervious"],"picked":"Exhume","floor":16},{"not_picked":["Searing Blow+1","Thunderclap+1"],"picked":"Clothesline+1","floor":17},{"not_picked":["True Grit","Metallicize"],"picked":"Sentinel+1","floor":18},{"not_picked":["Thunderclap+1","Twin Strike+1"],"picked":"Reckless Charge+1","floor":22},{"not_picked":["Anger+1","Body Slam+1"],"picked":"Sword Boomerang+1","floor":24},{"not_picked":["Disarm","Shrug It Off"],"picked":"Battle Trance+1","floor":25}],"player_experience":2716159,"relics_obtained":[{"floor":7,"key":"Red Skull"},{"floor":9,"key":"Bag of Preparation"},{"floor":13,"key":"Art of War"},{"floor":20,"key":"Enchiridion"},{"floor":21,"key":"Matryoshka"},{"floor":24,"key":"Dodecahedron"},{"floor":26,"key":"Tiny Chest"},{"floor":26,"key":"Pen Nib"}],"event_choices":[{"damage_healed":0,"gold_gain":0,"player_choice":"Success","damage_taken":11,"relics_obtained":["Bronze Scales"],"max_hp_gain":0,"max_hp_loss":0,"event_name":"Scrap Ooze","floor":3,"gold_loss":0},{"cards_removed":["Strike_R"],"damage_healed":0,"gold_gain":0,"player_choice":"Card Removal","damage_taken":0,"max_hp_gain":0,"max_hp_loss":0,"event_name":"The Cleric","floor":4,"gold_loss":75},{"damage_healed":0,"gold_gain":0,"player_choice":"Read","damage_taken":0,"max_hp_gain":0,"max_hp_loss":0,"event_name":"The Library","floor":19,"gold_loss":0,"cards_obtained":["Battle Trance"]},{"damage_healed":0,"gold_gain":0,"player_choice":"Obtained Book","damage_taken":21,"max_hp_gain":0,"max_hp_loss":0,"event_name":"Cursed Tome","floor":20,"gold_loss":0}],"is_beta":true,"boss_relics":[{"not_picked":["Black Star","Fusion Hammer"],"picked":"Tiny House"}],"items_purged_floors":[14],"is_endless":false,"potions_floor_spawned":[2,7,11,16,18,22],"killed_by":"3 Cultists","ascension_level":17}