{"gold_per_floor":[119,139,239,251,131,166,166,166,166,166,185,197,197,208,208,304,304,314,314,314,3,13,13,29,91,91,102,102,113,163,180,180,277,277,296,312,416,167,217,217,267,192,260,310,310,337,23,36,36,36],"floor_reached":51,"playtime":3113,"items_purged":["Strike_B","Writhe","Strike_B"],"score":896,"play_id":"ecbebc43-8dd0-41cc-8399-4a24695a5886","local_time":"20190113194316","is_ascension_mode":true,"campfire_choices":[{"data":"Zap","floor":8.0,"key":"SMITH"},{"data":"Dualcast","floor":10.0,"key":"SMITH"},{"data":"Defragment","floor":13.0,"key":"SMITH"},{"floor":15.0,"key":"REST"},{"floor":23.0,"key":"REST"},{"data":"Coolheaded","floor":28.0,"key":"SMITH"},{"floor":32.0,"key":"REST"},{"floor":40,"key":"REST"},{"data":"Defragment","floor":45,"key":"SMITH"},{"floor":49,"key":"REST"}],"neow_cost":"NONE","seed_source_timestamp":274232714985656,"circlet_count":0,"master_deck":["Defend_B","Defend_B","Defend_B","Defend_B","Zap+1","Dualcast+1","Ball Lightning","Defragment+1","Coolheaded+1","Go for the Eyes","Sunder","Double Energy+1","Darkness+1","Multi-Cast+1","Redo+1","Glacier+1","Fusion+1","White Noise+1","Aggregate+1","BootSequence+1","Leap+1","Steam+1","Seek+1","Hologram+1","Defragment+1","Doom and Gloom+1","Discovery+1","Madness+1","Auto Shields+1","Coolheaded+1"],"special_seed":0,"relics":["Cracked Core","NeowsBlessing","Mercury Hourglass","Dream Catcher","Toxic Egg 2","White Beast Statue","SsserpentHead","Ice Cream","Du-Vu Doll","Cables","Empty Cage","Bird Faced Urn","The Courier","Bronze Scales","Lantern","Strawberry"],"potions_floor_usage":[33,33,33,36,36,37,46,46,50],"damage_taken":[{"damage":0.0,"enemies":"Cultist","floor":1.0,"turns":1.0},{"damage":0.0,"enemies":"2 Louse","floor":2.0,"turns":1.0},{"damage":0.0,"enemies":"Jaw Worm","floor":4.0,"turns":1.0},{"damage":24.0,"enemies":"Gremlin Nob","floor":6.0,"turns":4.0},{"damage":7.0,"enemies":"Gremlin Gang","floor":11.0,"turns":2.0},{"damage":0.0,"enemies":"2 Fungi Beasts","floor":12.0,"turns":2.0},{"damage":0.0,"enemies":"Exordium Wildlife","floor":14.0,"turns":2.0},{"damage":16.0,"enemies":"Slime Boss","floor":16.0,"turns":6.0},{"damage":18.0,"enemies":"3 Byrds","floor":18.0,"turns":3.0},{"damage":6.0,"enemies":"Spheric Guardian","floor":22.0,"turns":3.0},{"damage":17.0,"enemies":"Snecko","floor":24.0,"turns":5.0},{"damage":7.0,"enemies":"Chosen and Byrds","floor":25.0,"turns":5.0},{"damage":0.0,"enemies":"Centurion and Healer","floor":27.0,"turns":4.0},{"damage":28.0,"enemies":"Snake Plant","floor":29.0,"turns":3.0},{"damage":22.0,"enemies":"Snecko","floor":31.0,"turns":4.0},{"damage":4,"enemies":"Automaton","floor":33,"turns":6},{"damage":2,"enemies":"Orb Walker","floor":35,"turns":5},{"damage":20,"enemies":"3 Darklings","floor":36,"turns":5},{"damage":10,"enemies":"2 Orb Walkers","floor":37,"turns":5},{"damage":33,"enemies":"Nemesis","floor":46,"turns":7},{"damage":0,"enemies":"Maw","floor":48,"turns":8},{"damage":11,"enemies":"Awakened One","floor":50,"turns":14}],"seed_played":"274094471689946907","potions_obtained":[{"floor":2.0,"key":"GamblersBrew"},{"floor":4.0,"key":"FearPotion"},{"floor":12.0,"key":"Regen Potion"},{"floor":18.0,"key":"SkillPotion"},{"floor":22.0,"key":"SpeedPotion"},{"floor":24.0,"key":"Regen Potion"},{"floor":25.0,"key":"PowerPotion"},{"floor":27.0,"key":"Strength Potion"},{"floor":29.0,"key":"Fire Potion"},{"floor":31.0,"key":"Weak Potion"},{"floor":33,"key":"Swift Potion"},{"floor":35,"key":"AttackPotion"},{"floor":36,"key":"Swift Potion"},{"floor":37,"key":"FocusPotion"},{"floor":46,"key":"Ancient Potion"},{"floor":48,"key":"FocusPotion"}],"is_trial":false,"path_per_floor":["M","M","?","M","$","E","?","R","T","R","M","M","R","M","R","B",null,"M","?","?","$","M","R","M","M","T","M","R","M","?","M","R","B",null,"M","M","?","$","?","R","?","$","T","?","R","E","$","M","R","B",null],"character_chosen":"DEFECT","items_purchased":["Go for the Eyes","Ice Cream","Defragment","Regen Potion","Lantern","Madness+1","Strawberry"],"campfire_rested":5,"item_purchase_floors":[5,21,38,38,47,47,47],"current_hp_per_floor":[68,68,68,68,68,44,44,44,44,44,37,37,37,37,59,43,67,58,44,44,44,38,62,45,52,52,52,52,24,24,2,26,22,66,64,44,34,34,34,58,58,58,58,58,58,46,53,59,85,76],"gold":36,"neow_bonus":"THREE_ENEMY_KILL","is_prod":false,"is_daily":false,"chose_seed":false,"campfire_upgraded":5,"win_rate":0,"timestamp":1547376196,"path_taken":["M","?","?","?","?","E","?","R","T","R","M","M","R","M","R","BOSS","M","?","?","$","M","R","M","?","T","M","R","M","?","M","R","BOSS","M","M","?","$","?","R","?","?","T","?","R","E","$","M","R","BOSS"],"build_version":"2019-01-10","purchased_purges":3,"victory":true,"max_hp_per_floor":[75,75,75,75,75,75,75,75,75,75,75,75,75,75,75,75,75,75,80,80,80,80,80,80,80,80,80,80,80,80,80,80,80,80,80,80,80,80,80,80,80,80,80,80,80,80,87,87,87,87],"card_choices":[{"not_picked":["Compile Driver","Go for the Eyes"],"picked":"Ball Lightning","floor":1.0},{"not_picked":["Cold Snap","Sweeping Beam"],"picked":"Defragment","floor":2.0},{"not_picked":["Self Repair","Gash"],"picked":"Coolheaded","floor":4.0},{"not_picked":["Static Discharge","Hologram"],"picked":"Sunder","floor":6.0},{"not_picked":["Go for the Eyes","Hologram+1"],"picked":"Double Energy+1","floor":11.0},{"not_picked":["Stack+1","Machine Learning"],"picked":"FTL","floor":12.0},{"not_picked":["Storm","Streamline","Barrage"],"picked":"SKIP","floor":14.0},{"not_picked":["Leap+1","Skim+1"],"picked":"Darkness+1","floor":15.0},{"not_picked":["Meteor Strike","Echo Form"],"picked":"Multi-Cast+1","floor":16.0},{"not_picked":["Go for the Eyes+1","Beam Cell"],"picked":"Redo+1","floor":18.0},{"not_picked":["Force Field+1","Rebound"],"picked":"Glacier+1","floor":22.0},{"not_picked":["Sunder","Stack+1"],"picked":"Fusion+1","floor":23.0},{"not_picked":["Coolheaded+1","Sunder+1"],"picked":"White Noise+1","floor":24.0},{"not_picked":["Rebound","Static Discharge"],"picked":"Aggregate+1","floor":25.0},{"not_picked":["Streamline","Loop","Hello World+1"],"picked":"SKIP","floor":27.0},{"not_picked":["Genetic Algorithm+1","Streamline+1"],"picked":"BootSequence+1","floor":29.0},{"not_picked":["Capacitor","Sweeping Beam"],"picked":"Leap+1","floor":31.0},{"not_picked":["Force Field+1","Ball Lightning"],"picked":"Steam+1","floor":32.0},{"not_picked":["All For One","Echo Form"],"picked":"Seek+1","floor":33},{"not_picked":["Conserve Battery+1","Darkness+1"],"picked":"Hologram+1","floor":35},{"not_picked":["Storm+1","Melter","Glacier+1"],"picked":"SKIP","floor":36},{"not_picked":["Hello World","Streamline+1"],"picked":"Doom and Gloom+1","floor":40},{"not_picked":["Mind Blast","Impatience+1"],"picked":"Discovery+1","floor":41},{"not_picked":["Echo Form","Ball Lightning","Leap+1"],"picked":"SKIP","floor":46},{"not_picked":["Sweeping Beam+1","Ball Lightning+1"],"picked":"Auto Shields+1","floor":48},{"not_picked":["Streamline","Gash+1"],"picked":"Coolheaded+1","floor":49}],"player_experience":359927,"relics_obtained":[{"floor":6.0,"key":"Mercury Hourglass"},{"floor":9.0,"key":"Toxic Egg 2"},{"floor":26.0,"key":"Du-Vu Doll"},{"floor":37,"key":"Bird Faced Urn"},{"floor":43,"key":"The Courier"},{"floor":46,"key":"Bronze Scales"}],"event_choices":[{"damage_healed":0.0,"max_hp_gain":0.0,"max_hp_loss":0.0,"gold_gain":100.0,"event_name":"Golden Shrine","player_choice":"Pray","floor":3.0,"gold_loss":0.0,"damage_taken":0.0},{"damage_healed":0.0,"max_hp_gain":0.0,"max_hp_loss":0.0,"gold_gain":0.0,"event_name":"WeMeetAgain","player_choice":"Gave Potion","floor":7.0,"gold_loss":0.0,"damage_taken":0.0,"relics_obtained":["Dream Catcher"]},{"damage_healed":0.0,"max_hp_gain":5.0,"max_hp_loss":0.0,"gold_gain":0.0,"event_name":"Forgotten Altar","player_choice":"Shed Blood","floor":19.0,"gold_loss":0.0,"damage_taken":19.0},{"damage_healed":0.0,"max_hp_gain":0.0,"max_hp_loss":0.0,"gold_gain":0.0,"event_name":"FaceTrader","player_choice":"Trade","floor":20.0,"gold_loss":0.0,"damage_taken":0.0,"relics_obtained":["SsserpentHead"]},{"damage_healed":0.0,"max_hp_gain":0.0,"max_hp_loss":0.0,"gold_gain":0.0,"event_name":"The Mausoleum","player_choice":"Opened","floor":30.0,"gold_loss":0.0,"damage_taken":0.0,"relics_obtained":["Cables"],"cards_obtained":["Writhe"]},{"damage_healed":0,"gold_gain":0,"player_choice":"Fight","damage_taken":0,"max_hp_gain":0,"max_hp_loss":0,"event_name":"Mysterious Sphere","floor":37,"gold_loss":0},{"damage_healed":0,"gold_gain":0,"player_choice":"Ignored","damage_taken":0,"max_hp_gain":0,"max_hp_loss":0,"event_name":"Tomb of Lord Red Mask","floor":39,"gold_loss":0},{"damage_healed":0,"gold_gain":0,"player_choice":"Memory 1","damage_taken":0,"max_hp_gain":0,"max_hp_loss":0,"event_name":"SensoryStone","floor":41,"gold_loss":0},{"cards_removed":["FTL"],"damage_healed":0,"gold_gain":0,"player_choice":"Removed Attack","damage_taken":0,"max_hp_gain":0,"max_hp_loss":0,"event_name":"Falling","floor":44,"gold_loss":0}],"is_beta":false,"boss_relics":[{"not_picked":["Cursed Key","Philosopher\u0027s Stone"],"picked":"White Beast Statue"},{"not_picked":["Eternal Feather","Runic Pyramid"],"picked":"Empty Cage"}],"items_purged_floors":[5,38,42],"is_endless":false,"potions_floor_spawned":[2,4,12,18,22,24,25,27,29,31,33,35,36,37,46,48],"ascension_level":7}