{"gold_per_floor":[112,112,37,37,50,50,76,87,111,111,129,129,160,57,57,136,136,146,160,191,81,81,81,101,131,200,200,211,26,26,26,26,97,97,110,110,130,180,197,197,197,197,197,197,216,232,247,266,266,266],"floor_reached":51,"playtime":3648,"items_purged":["Strike_G","Strike_G"],"score":1360,"play_id":"79f033ac-b77f-41c6-9ff9-d347289ecfb2","local_time":"20190223230223","is_ascension_mode":true,"campfire_choices":[{"data":"Neutralize","floor":6.0,"key":"SMITH"},{"data":"Bouncing Flask","floor":10.0,"key":"SMITH"},{"floor":15.0,"key":"REST"},{"data":"Well Laid Plans","floor":23.0,"key":"SMITH"},{"floor":27.0,"key":"REST"},{"data":"Tools of the Trade","floor":30.0,"key":"SMITH"},{"data":"Calculated Gamble","floor":32.0,"key":"SMITH"},{"data":"Backflip","floor":40,"key":"SMITH"},{"data":"Grand Finale","floor":42,"key":"SMITH"},{"data":"PiercingWail","floor":44,"key":"SMITH"},{"data":"Footwork","floor":49,"key":"SMITH"}],"neow_cost":"NONE","seed_source_timestamp":653019372763352,"circlet_count":0,"master_deck":["AscendersBane","Defend_G+1","Defend_G+1","Defend_G+1","Defend_G+1","Defend_G+1","Survivor","Neutralize+1","PiercingWail+1","Well Laid Plans+1","Escape Plan+1","Bouncing Flask+1","Bane","Grand Finale+1","Deadly Poison","After Image+1","Prepared","Backflip+1","Tools of the Trade+1","Tactician+1","Calculated Gamble+1","Acrobatics+1","Footwork+1"],"special_seed":0,"relics":["Ring of the Snake","NeowsBlessing","Centennial Puzzle","Regal Pillow","Blood Vial","WristBlade","Red Mask","Bottled Tornado","Cursed Key"],"potions_floor_usage":[46,50],"damage_taken":[{"damage":0.0,"enemies":"Small Slimes","floor":1.0,"turns":1.0},{"damage":0.0,"enemies":"2 Louse","floor":5.0,"turns":2.0},{"damage":0.0,"enemies":"Gremlin Nob","floor":7.0,"turns":1.0},{"damage":0.0,"enemies":"Jaw Worm","floor":8.0,"turns":6.0},{"damage":14.0,"enemies":"Large Slime","floor":11.0,"turns":7.0},{"damage":12.0,"enemies":"Lagavulin","floor":13.0,"turns":7.0},{"damage":28.0,"enemies":"Slime Boss","floor":16.0,"turns":10.0},{"damage":6.0,"enemies":"Chosen","floor":18.0,"turns":5.0},{"damage":2.0,"enemies":"Shell Parasite","floor":19.0,"turns":4.0},{"damage":0.0,"enemies":"Masked Bandits","floor":20.0,"turns":2.0},{"damage":0.0,"enemies":"Snake Plant","floor":24.0,"turns":3.0},{"damage":39.0,"enemies":"Slavers","floor":25.0,"turns":5.0},{"damage":0.0,"enemies":"Centurion and Healer","floor":28.0,"turns":4.0},{"damage":25,"enemies":"Collector","floor":33,"turns":7},{"damage":6,"enemies":"3 Shapes","floor":35,"turns":5},{"damage":0,"enemies":"3 Darklings","floor":37,"turns":4},{"damage":3,"enemies":"Maw","floor":39,"turns":7},{"damage":0,"enemies":"Writhing Mass","floor":45,"turns":7},{"damage":0,"enemies":"4 Shapes","floor":46,"turns":2},{"damage":0,"enemies":"3 Darklings","floor":47,"turns":4},{"damage":0,"enemies":"Jaw Worm Horde","floor":48,"turns":3},{"damage":20,"enemies":"Awakened One","floor":50,"turns":17}],"seed_played":"-4594878849897915995","potions_obtained":[{"floor":7.0,"key":"Swift Potion"},{"floor":11.0,"key":"Weak Potion"},{"floor":13.0,"key":"Fire Potion"},{"floor":19.0,"key":"Swift Potion"},{"floor":20.0,"key":"Energy Potion"},{"floor":24.0,"key":"LiquidBronze"},{"floor":37,"key":"GamblersBrew"},{"floor":39,"key":"Dexterity Potion"},{"floor":48,"key":"AttackPotion"}],"is_trial":false,"path_per_floor":["M","?","?","?","M","R","E","M","T","R","M","?","E","$","R","B",null,"M","M","?","?","$","R","M","E","T","R","M","$","R","?","R","B",null,"M","?","M","?","M","R","?","R","T","R","M","M","M","M","R","B",null],"character_chosen":"THE_SILENT","items_purchased":["Deadly Poison","Calculated Gamble"],"campfire_rested":2,"item_purchase_floors":[14,29],"current_hp_per_floor":[59,52,52,57,57,57,57,57,57,57,43,43,31,31,67,41,64,60,60,62,62,62,62,64,27,27,63,65,65,65,65,65,42,64,60,60,62,62,61,61,61,61,61,61,63,65,67,69,69,51],"gold":266,"neow_bonus":"THREE_ENEMY_KILL","is_prod":false,"is_daily":false,"chose_seed":false,"campfire_upgraded":9,"win_rate":0,"timestamp":1550930543,"path_taken":["M","?","?","?","M","R","E","?","T","R","M","?","E","$","R","BOSS","M","M","?","?","$","R","M","E","T","R","?","?","R","?","R","BOSS","M","?","?","?","?","R","?","R","T","R","?","M","M","M","R","BOSS"],"build_version":"2019-01-23","purchased_purges":2,"victory":true,"max_hp_per_floor":[66,66,66,71,71,71,71,71,71,71,71,71,71,71,71,71,71,71,71,71,71,71,71,71,71,71,71,71,71,71,71,71,71,71,71,71,71,71,71,71,71,71,71,71,71,71,71,71,71,71],"card_choices":[{"not_picked":["Dodge and Roll","Caltrops"],"picked":"PiercingWail","floor":1.0},{"not_picked":["Terror","Prepared"],"picked":"Well Laid Plans","floor":5.0},{"not_picked":["Noxious Fumes","Bullet Time"],"picked":"Escape Plan","floor":7.0},{"not_picked":["Caltrops","Quick Slash"],"picked":"Bouncing Flask","floor":8.0},{"not_picked":["Prepared","Dagger Throw"],"picked":"Bane","floor":11.0},{"not_picked":["Doppelganger","Blade Dance"],"picked":"Grand Finale","floor":13.0},{"not_picked":["Corpse Explosion","Unload"],"picked":"After Image","floor":16.0},{"not_picked":["Cloak And Dagger","Flying Knee"],"picked":"Prepared","floor":18.0},{"not_picked":["Dagger Throw","Cloak And Dagger"],"picked":"Backflip","floor":19.0},{"not_picked":["Acrobatics","Blade Dance","Dagger Throw"],"picked":"SKIP","floor":24.0},{"not_picked":["Backstab","Catalyst"],"picked":"Tools of the Trade","floor":25.0},{"not_picked":["Dodge and Roll","Accuracy"],"picked":"Tactician+1","floor":28.0},{"not_picked":["Predator","Tactician"],"picked":"Acrobatics+1","floor":35},{"not_picked":["Prepared","Outmaneuver","Quick Slash+1"],"picked":"SKIP","floor":37},{"not_picked":["Flying Knee","Dodge and Roll","Deadly Poison"],"picked":"SKIP","floor":39},{"not_picked":["Dagger Throw+1","Dagger Spray","Slice+1"],"picked":"SKIP","floor":45},{"not_picked":["Leg Sweep+1","Eviscerate","Blade Dance"],"picked":"SKIP","floor":46},{"not_picked":["Finisher","Leg Sweep+1","Venomology"],"picked":"SKIP","floor":47},{"not_picked":["Prepared","Dagger Spray"],"picked":"Footwork","floor":48}],"player_experience":672404,"relics_obtained":[{"floor":7.0,"key":"Centennial Puzzle"},{"floor":9.0,"key":"Regal Pillow"},{"floor":13.0,"key":"Blood Vial"},{"floor":20.0,"key":"Red Mask"},{"floor":26.0,"key":"Bottled Tornado"}],"event_choices":[{"cards_removed":["Strike_G"],"damage_healed":0.0,"max_hp_gain":0.0,"max_hp_loss":0.0,"gold_gain":0.0,"event_name":"Golden Wing","player_choice":"Card Removal","floor":2.0,"gold_loss":0.0,"damage_taken":7.0},{"cards_removed":["Strike_G"],"damage_healed":0.0,"max_hp_gain":0.0,"max_hp_loss":0.0,"gold_gain":0.0,"event_name":"The Cleric","player_choice":"Card Removal","floor":3.0,"gold_loss":75.0,"damage_taken":0.0},{"damage_healed":0.0,"max_hp_gain":5.0,"max_hp_loss":0.0,"gold_gain":0.0,"event_name":"Big Fish","player_choice":"Donut","floor":4.0,"gold_loss":0.0,"damage_taken":0.0},{"damage_healed":0.0,"max_hp_gain":0.0,"max_hp_loss":0.0,"gold_gain":0.0,"event_name":"Liars Game","player_choice":"Ignored","floor":12.0,"gold_loss":0.0,"damage_taken":0.0},{"damage_healed":0.0,"max_hp_gain":0.0,"max_hp_loss":0.0,"gold_gain":0.0,"event_name":"Masked Bandits","player_choice":"Fought Bandits","floor":20.0,"gold_loss":0.0,"damage_taken":0.0},{"cards_removed":["Strike_G"],"damage_healed":0.0,"max_hp_gain":0.0,"max_hp_loss":0.0,"gold_gain":0.0,"event_name":"Designer","player_choice":"Upgrade and Remove","floor":21.0,"gold_loss":110.0,"damage_taken":0.0,"cards_upgraded":["After Image"]},{"damage_healed":0.0,"max_hp_gain":0.0,"max_hp_loss":0.0,"gold_gain":0.0,"event_name":"Back to Basics","player_choice":"Simplicity","floor":31.0,"gold_loss":0.0,"damage_taken":0.0,"cards_upgraded":["Defend_G","Defend_G","Defend_G","Defend_G","Defend_G"]},{"damage_healed":0,"gold_gain":0,"player_choice":"0 cards matched","damage_taken":0,"max_hp_gain":0,"max_hp_loss":0,"event_name":"Match and Keep!","floor":36,"gold_loss":0,"cards_obtained":[]},{"damage_healed":0,"gold_gain":50,"player_choice":"Pray","damage_taken":0,"max_hp_gain":0,"max_hp_loss":0,"event_name":"Golden Shrine","floor":38,"gold_loss":0},{"damage_healed":0,"gold_gain":0,"player_choice":"Forge","damage_taken":0,"max_hp_gain":0,"max_hp_loss":0,"event_name":"Accursed Blacksmith","floor":41,"gold_loss":0,"cards_upgraded":["Escape Plan"]}],"is_beta":false,"boss_relics":[{"not_picked":["Runic Dome","Snecko Eye"],"picked":"WristBlade"},{"not_picked":["Lizard Tail","Velvet Choker"],"picked":"Cursed Key"}],"items_purged_floors":[14,29],"is_endless":false,"potions_floor_spawned":[7,11,13,19,20,24,37,39,48],"ascension_level":18}