{"gold_per_floor":[116,116,116,38,59,95,95,115,115,131,149,149,164,199,199,298,361,382,401,333,357,56,96,96,96,178,178,25,49,85,110,110,201,201,225,248,1,19,40,40,78,78,124,124,137,4,47,67,67,67],"floor_reached":51,"playtime":4596,"items_purged":["Pain"],"score":1277,"play_id":"c841868b-3901-4dd2-a21a-0afff210dd95","local_time":"20190507210508","is_ascension_mode":true,"campfire_choices":[{"floor":7.0,"key":"REST"},{"floor":15.0,"key":"REST"},{"floor":27.0,"key":"REST"},{"floor":32.0,"key":"REST"},{"floor":40,"key":"REST"},{"floor":42,"key":"REST"},{"floor":44,"key":"REST"},{"floor":49,"key":"REST"}],"neow_cost":"NONE","seed_source_timestamp":2254847672200473,"circlet_count":0,"master_deck":["AscendersBane","Strike_R+1","Strike_R","Strike_R","Strike_R+1","Defend_R","Defend_R","Defend_R","Defend_R+1","Bash","Iron Wave+1","Disarm+1","Spot Weakness","Shockwave","Shockwave","Impervious","Warcry+1","Disarm","Sever Soul","Limit Break","Sentinel","Battle Trance","Havoc","Corruption","Burning Pact+1","Apotheosis","Spot Weakness","Ghostly Armor","Exhume","Body Slam+1","Double Tap","Shame","Writhe","Battle Trance+1","Warcry+1","Corruption","Infernal Blade+1","Havoc+1","Dark Embrace","Armaments+1","Armaments+1","Offering+1","Corruption","Warcry+1","Sentinel+1","Disarm+1"],"special_seed":0,"relics":["Burning Blood","Golden Idol","Dodecahedron","War Paint","Bag of Preparation","Tiny House","Happy Flower","Shuriken","Orichalcum","Ornamental Fan","Calling Bell","Potion Belt","Toxic Egg 2","Ginger","Mercury Hourglass","Whetstone","Strawberry"],"potions_floor_usage":[38,38,45,47,50],"damage_taken":[{"damage":0.0,"enemies":"2 Louse","floor":1.0,"turns":1.0},{"damage":0.0,"enemies":"Small Slimes","floor":5.0,"turns":3.0},{"damage":20.0,"enemies":"3 Sentries","floor":6.0,"turns":8.0},{"damage":0.0,"enemies":"Cultist","floor":8.0,"turns":4.0},{"damage":0.0,"enemies":"3 Louse","floor":10.0,"turns":2.0},{"damage":2.0,"enemies":"Lots of Slimes","floor":11.0,"turns":7.0},{"damage":14.0,"enemies":"Large Slime","floor":13.0,"turns":8.0},{"damage":44.0,"enemies":"Gremlin Nob","floor":14.0,"turns":7.0},{"damage":36.0,"enemies":"Hexaghost","floor":16.0,"turns":11.0},{"damage":21.0,"enemies":"Spheric Guardian","floor":18.0,"turns":8.0},{"damage":21.0,"enemies":"3 Byrds","floor":19.0,"turns":8.0},{"damage":6.0,"enemies":"Snake Plant","floor":21.0,"turns":3.0},{"damage":5.0,"enemies":"Book of Stabbing","floor":23.0,"turns":4.0},{"damage":27.0,"enemies":"Colosseum Slavers","floor":24.0,"turns":3.0},{"damage":10.0,"enemies":"Chosen and Byrds","floor":29.0,"turns":9.0},{"damage":16.0,"enemies":"Slavers","floor":30.0,"turns":6.0},{"damage":1.0,"enemies":"Snecko","floor":31.0,"turns":5.0},{"damage":66.0,"enemies":"Collector","floor":33.0,"turns":8.0},{"damage":37,"enemies":"3 Shapes","floor":35,"turns":7},{"damage":29,"enemies":"Orb Walker","floor":36,"turns":6},{"damage":1,"enemies":"4 Shapes","floor":38,"turns":9},{"damage":0,"enemies":"Jaw Worm Horde","floor":39,"turns":3},{"damage":25,"enemies":"Giant Head","floor":41,"turns":6},{"damage":21,"enemies":"Spire Growth","floor":45,"turns":3},{"damage":33,"enemies":"Nemesis","floor":47,"turns":5},{"damage":25,"enemies":"3 Darklings","floor":48,"turns":3},{"damage":26,"enemies":"Awakened One","floor":50,"turns":8}],"seed_played":"-5865965012731228458","potions_obtained":[{"floor":0.0,"key":"SteroidPotion"},{"floor":0.0,"key":"Explosive Potion"},{"floor":3.0,"key":"EntropicBrew"},{"floor":8.0,"key":"Block Potion"},{"floor":10.0,"key":"PowerPotion"},{"floor":16.0,"key":"Regen Potion"},{"floor":17.0,"key":"Block Potion"},{"floor":21.0,"key":"LiquidBronze"},{"floor":29.0,"key":"Explosive Potion"},{"floor":31.0,"key":"GamblersBrew"},{"floor":36,"key":"Swift Potion"},{"floor":41,"key":"GamblersBrew"}],"is_trial":false,"path_per_floor":["M","?","?","$","M","E","R","M","T","M","M","?","M","E","R","B",null,"M","M","$","M","$","E","?","?","T","R","$","M","E","M","R","B",null,"M","M","$","M","M","R","E","R","T","R","M","$","E","M","R","B",null],"character_chosen":"IRONCLAD","items_purchased":["Disarm","Corruption","Apotheosis","Spot Weakness","PowerPotion","Orichalcum","Corruption","Infernal Blade+1","Havoc+1","Corruption","Warcry+1","Energy Potion"],"campfire_rested":8,"item_purchase_floors":[4,20,22,22,22,28,37,37,37,46,46,46],"current_hp_per_floor":[78,58,58,58,64,50,74,80,80,80,80,80,72,34,58,28,72,72,57,57,57,57,58,37,37,37,62,62,58,48,53,78,18,68,37,14,14,19,25,50,31,56,56,81,66,66,46,27,54,34],"gold":67,"neow_bonus":"THREE_SMALL_POTIONS","is_prod":false,"is_daily":false,"chose_seed":false,"campfire_upgraded":0,"win_rate":0,"timestamp":1557252308,"path_taken":["M","?","?","$","M","E","R","?","T","M","M","?","M","E","R","BOSS","M","M","$","?","$","E","?","?","T","R","$","M","E","?","R","BOSS","M","M","$","M","M","R","E","R","T","R","M","$","E","?","R","BOSS"],"build_version":"2019-01-23","purchased_purges":1,"victory":true,"max_hp_per_floor":[80,80,80,80,80,80,80,80,80,80,80,80,80,80,80,80,85,85,85,85,85,85,85,85,85,85,85,85,85,85,85,85,85,85,85,85,85,85,85,85,85,85,85,85,85,85,92,92,92,92],"card_choices":[{"not_picked":["True Grit","Wild Strike"],"picked":"Iron Wave","floor":1.0},{"not_picked":["Battle Trance","Warcry"],"picked":"Spot Weakness","floor":5.0},{"not_picked":["Dropkick","Combust"],"picked":"Shockwave","floor":6.0},{"not_picked":["Shrug It Off","Dual Wield"],"picked":"Shockwave","floor":8.0},{"not_picked":["Headbutt","Body Slam"],"picked":"Impervious","floor":10.0},{"not_picked":["Armaments","Headbutt"],"picked":"Warcry","floor":11.0},{"not_picked":["Havoc","Perfected Strike"],"picked":"Disarm","floor":13.0},{"not_picked":["Body Slam","Armaments"],"picked":"Sever Soul","floor":14.0},{"not_picked":["Immolate","Double Tap"],"picked":"Limit Break","floor":16.0},{"not_picked":["Headbutt","True Grit"],"picked":"Sentinel","floor":17.0},{"not_picked":["Iron Wave","Entrench"],"picked":"Battle Trance","floor":18.0},{"not_picked":["Clash+1","Perfected Strike"],"picked":"Havoc","floor":19.0},{"not_picked":["Pommel Strike","Thunderclap+1"],"picked":"Burning Pact+1","floor":21.0},{"not_picked":["Clash","Cleave"],"picked":"Ghostly Armor","floor":23.0},{"not_picked":["Clash","Perfected Strike","Cleave"],"picked":"SKIP","floor":29.0},{"not_picked":["Pommel Strike+1","Rampage"],"picked":"Exhume","floor":30.0},{"not_picked":["Headbutt","Dropkick"],"picked":"Body Slam+1","floor":31.0},{"not_picked":["Feed","Barricade"],"picked":"Double Tap","floor":33.0},{"not_picked":["Pommel Strike","Heavy Blade+1"],"picked":"Battle Trance+1","floor":35},{"not_picked":["Clash","Power Through+1"],"picked":"Warcry+1","floor":36},{"not_picked":["Pummel","Disarm+1"],"picked":"Dark Embrace","floor":38},{"not_picked":["Cleave+1","Thunderclap"],"picked":"Armaments+1","floor":39},{"not_picked":["Hemokinesis","Thunderclap"],"picked":"Armaments+1","floor":41},{"not_picked":["Uppercut","Clothesline+1"],"picked":"Offering+1","floor":45},{"not_picked":["Warcry+1","True Grit+1"],"picked":"Sentinel+1","floor":47},{"not_picked":["Headbutt","Sword Boomerang"],"picked":"Disarm+1","floor":48}],"player_experience":1309914,"relics_obtained":[{"floor":6.0,"key":"Dodecahedron"},{"floor":9.0,"key":"War Paint"},{"floor":14.0,"key":"Bag of Preparation"},{"floor":23.0,"key":"Happy Flower"},{"floor":26.0,"key":"Shuriken"},{"floor":30.0,"key":"Ornamental Fan"},{"floor":34.0,"key":"Potion Belt"},{"floor":34.0,"key":"Toxic Egg 2"},{"floor":34.0,"key":"Ginger"},{"floor":41,"key":"Mercury Hourglass"},{"floor":43,"key":"Whetstone"},{"floor":47,"key":"Strawberry"}],"event_choices":[{"damage_healed":0.0,"max_hp_gain":0.0,"max_hp_loss":0.0,"gold_gain":0.0,"event_name":"Golden Idol","player_choice":"Take Damage","floor":2.0,"gold_loss":0.0,"damage_taken":20.0,"relics_obtained":["Golden Idol"]},{"damage_healed":0.0,"max_hp_gain":0.0,"max_hp_loss":0.0,"gold_gain":0.0,"event_name":"Lab","player_choice":"Got Potions","floor":3.0,"gold_loss":0.0,"damage_taken":0.0},{"cards_removed":["Strike_R"],"damage_healed":0.0,"max_hp_gain":0.0,"max_hp_loss":0.0,"gold_gain":0.0,"event_name":"Bonfire Elementals","player_choice":"Offered Basic","floor":12.0,"gold_loss":0.0,"damage_taken":0.0},{"damage_healed":0.0,"max_hp_gain":0.0,"max_hp_loss":0.0,"gold_gain":0.0,"event_name":"Colosseum","player_choice":"Fight","floor":24.0,"gold_loss":0.0,"damage_taken":0.0},{"damage_healed":0.0,"max_hp_gain":0.0,"max_hp_loss":0.0,"gold_gain":0.0,"event_name":"Colosseum","player_choice":"Fled From Nobs","floor":24.0,"gold_loss":0.0,"damage_taken":0.0},{"damage_healed":0.0,"max_hp_gain":0.0,"max_hp_loss":0.0,"gold_gain":0.0,"event_name":"Upgrade Shrine","player_choice":"Upgraded","floor":25.0,"gold_loss":0.0,"damage_taken":0.0,"cards_upgraded":["Warcry"]}],"is_beta":false,"boss_relics":[{"not_picked":["Ectoplasm","Velvet Choker"],"picked":"Tiny House"},{"not_picked":["Runic Pyramid","Black Star"],"picked":"Calling Bell"}],"items_purged_floors":[37],"is_endless":false,"potions_floor_spawned":[5,8,10,16,21,24,29,31,36,41],"ascension_level":13}