{"gold_per_floor":[117,117,133,152,152,182,182,196,196,196,208,239,239,239,239,239],"floor_reached":16,"playtime":662,"items_purged":[],"score":193,"play_id":"0df70233-909e-4f3c-b00d-7339fded2dce","local_time":"20190512132439","is_ascension_mode":true,"campfire_choices":[{"floor":7,"key":"REST"},{"floor":10,"key":"REST"},{"floor":15,"key":"REST"}],"neow_cost":"NONE","seed_source_timestamp":2663419423580348,"circlet_count":0,"master_deck":["AscendersBane","Strike_R","Strike_R","Strike_R","Strike_R","Strike_R","Defend_R","Defend_R","Defend_R","Defend_R","Bash","Armaments","Perfected Strike","Perfected Strike","Warcry","Warcry","Disarm"],"relics":["Burning Blood","NeowsBlessing","Art of War","Kunai","Dead Branch"],"potions_floor_usage":[16],"damage_taken":[{"damage":0,"enemies":"Small Slimes","floor":1,"turns":1},{"damage":0,"enemies":"Cultist","floor":3,"turns":1},{"damage":0,"enemies":"2 Louse","floor":4,"turns":1},{"damage":50,"enemies":"3 Sentries","floor":6,"turns":10},{"damage":16,"enemies":"Blue Slaver","floor":8,"turns":3},{"damage":20,"enemies":"Large Slime","floor":11,"turns":5},{"damage":32,"enemies":"Gremlin Nob","floor":12,"turns":4},{"damage":77,"enemies":"Slime Boss","floor":16,"turns":8}],"seed_played":"-6305380598329216830","potions_obtained":[{"floor":6,"key":"FairyPotion"},{"floor":11,"key":"Energy Potion"}],"is_trial":false,"path_per_floor":["M","?","M","M","?","E","R","M","T","R","M","E","?","?","R","B"],"character_chosen":"IRONCLAD","items_purchased":[],"campfire_rested":3,"item_purchase_floors":[],"current_hp_per_floor":[74,75,75,75,75,31,53,43,43,65,51,25,25,25,47,0],"gold":239,"neow_bonus":"THREE_ENEMY_KILL","is_prod":false,"is_daily":false,"chose_seed":false,"campfire_upgraded":0,"win_rate":0,"timestamp":1557656679,"path_taken":["M","?","?","M","?","E","R","M","T","R","M","E","?","?","R","BOSS"],"build_version":"2019-01-23","purchased_purges":0,"victory":false,"max_hp_per_floor":[75,75,75,75,75,75,75,75,75,75,75,75,75,75,75,75],"card_choices":[{"not_picked":["Anger","Iron Wave"],"picked":"Armaments","floor":1},{"not_picked":["Clash","Clothesline"],"picked":"Perfected Strike","floor":3},{"not_picked":["Entrench","Searing Blow"],"picked":"Perfected Strike","floor":4},{"not_picked":["Feel No Pain","Carnage"],"picked":"Warcry","floor":6},{"not_picked":["Armaments","Heavy Blade"],"picked":"Warcry","floor":8},{"not_picked":["Thunderclap","Anger","Bloodletting"],"picked":"SKIP","floor":11},{"not_picked":["Immolate","Ghostly Armor"],"picked":"Disarm","floor":12}],"player_experience":1341925,"relics_obtained":[{"floor":6,"key":"Art of War"},{"floor":9,"key":"Kunai"},{"floor":12,"key":"Dead Branch"}],"event_choices":[{"damage_healed":1,"gold_gain":0,"player_choice":"Full Heal","damage_taken":0,"max_hp_gain":0,"max_hp_loss":0,"event_name":"Wheel of Change","floor":2,"gold_loss":0},{"damage_healed":0,"gold_gain":0,"player_choice":"Ignored","damage_taken":0,"max_hp_gain":0,"max_hp_loss":0,"event_name":"Shining Light","floor":5,"gold_loss":0},{"damage_healed":0,"gold_gain":0,"player_choice":"Ignored","damage_taken":0,"max_hp_gain":0,"max_hp_loss":0,"event_name":"Golden Wing","floor":13,"gold_loss":0},{"damage_healed":0,"gold_gain":0,"player_choice":"Fled","damage_taken":0,"max_hp_gain":0,"max_hp_loss":0,"event_name":"Scrap Ooze","floor":14,"gold_loss":0}],"is_beta":false,"boss_relics":[],"items_purged_floors":[],"is_endless":false,"potions_floor_spawned":[6,11],"killed_by":"Slime Boss","ascension_level":15}