{"gold_per_floor":[109,259,278,290,121,148,223,223,223,223,242,242,275,88,88,88],"floor_reached":16,"playtime":1043,"items_purged":["Doubt"],"score":200,"play_id":"17e967fb-743e-4ce5-9517-101b5408a0b1","local_time":"20190423212743","is_ascension_mode":true,"campfire_choices":[{"data":"Deep Breath","floor":8,"key":"SMITH"},{"data":"True Grit","floor":10,"key":"SMITH"},{"data":"Bash","floor":12,"key":"SMITH"},{"floor":15,"key":"REST"}],"neow_cost":"CURSE","seed_source_timestamp":969900821463321,"circlet_count":0,"master_deck":["AscendersBane","Strike_R","Strike_R","Strike_R","Strike_R","Strike_R","Defend_R","Defend_R","Defend_R","Defend_R","Bash+1","Injury","Limit Break","Rampage","True Grit+1","Rampage","Deep Breath+1","Dropkick","Flame Barrier","Uppercut","Inflame","Deep Breath"],"relics":["Burning Blood","Pear","Self Forming Clay","Gambling Chip"],"potions_floor_usage":[4,6,11],"damage_taken":[{"damage":2,"enemies":"2 Louse","floor":1,"turns":4},{"damage":14,"enemies":"Jaw Worm","floor":3,"turns":4},{"damage":7,"enemies":"Cultist","floor":4,"turns":4},{"damage":19,"enemies":"3 Sentries","floor":6,"turns":8},{"damage":9,"enemies":"Lots of Slimes","floor":11,"turns":5},{"damage":33,"enemies":"Lagavulin","floor":13,"turns":8},{"damage":44,"enemies":"Hexaghost","floor":16,"turns":9}],"seed_played":"-8986577476261997804","potions_obtained":[{"floor":1,"key":"Poison Potion"},{"floor":3,"key":"Fire Potion"},{"floor":6,"key":"AttackPotion"}],"is_trial":false,"path_per_floor":["M","?","M","M","$","E","?","R","T","R","M","R","E","$","R","B"],"character_chosen":"IRONCLAD","items_purchased":["Deep Breath","Inflame","Deep Breath"],"campfire_rested":1,"item_purchase_floors":[5,14,14],"current_hp_per_floor":[72,72,64,63,63,60,49,49,49,49,46,46,19,19,44,0],"gold":88,"neow_bonus":"THREE_RARE_CARDS","is_prod":false,"is_daily":false,"chose_seed":false,"campfire_upgraded":3,"win_rate":0,"timestamp":1556022463,"path_taken":["M","?","M","M","$","E","?","R","T","R","M","R","E","$","R","BOSS"],"build_version":"2019-04-21","purchased_purges":1,"victory":false,"max_hp_per_floor":[75,75,75,75,75,85,85,85,85,85,85,85,85,85,85,85],"card_choices":[{"not_picked":["Fiend Fire","Impervious"],"picked":"Limit Break","floor":0},{"not_picked":["Corruption","Twin Strike"],"picked":"Rampage","floor":1},{"not_picked":["Disarm","Infernal Blade"],"picked":"True Grit","floor":3},{"not_picked":["Sentinel","Sword Boomerang"],"picked":"Rampage","floor":4},{"not_picked":["Flex","Sever Soul"],"picked":"Dropkick","floor":6},{"not_picked":["Warcry","Clash"],"picked":"Flame Barrier","floor":11},{"not_picked":["Heavy Blade","Pummel"],"picked":"Uppercut","floor":13}],"player_experience":3029564,"relics_obtained":[{"floor":6,"key":"Pear"},{"floor":9,"key":"Self Forming Clay"},{"floor":13,"key":"Gambling Chip"}],"event_choices":[{"damage_healed":0,"gold_gain":150,"player_choice":"AGREE","damage_taken":0,"max_hp_gain":0,"max_hp_loss":0,"event_name":"Liars Game","floor":2,"gold_loss":0,"cards_obtained":["Doubt"]},{"damage_healed":0,"gold_gain":75,"player_choice":"Gather Gold","damage_taken":11,"max_hp_gain":0,"max_hp_loss":0,"event_name":"World of Goop","floor":7,"gold_loss":0}],"is_beta":true,"boss_relics":[],"items_purged_floors":[5],"is_endless":false,"potions_floor_spawned":[1,3,6],"killed_by":"Hexaghost","ascension_level":17}