{"gold_per_floor":[110,129,148,168,187,187,222,222,249,249,262,262,282,301,301,374,374,384,384,394,354,354],"floor_reached":22,"playtime":684,"items_purged":[],"score":380,"play_id":"ab358f66-6dee-4817-a277-e73dce1c1942","local_time":"20190411010723","is_ascension_mode":true,"campfire_choices":[{"data":"Creative AI","floor":6,"key":"SMITH"},{"data":"Self Repair","floor":8,"key":"SMITH"},{"data":"Conserve Battery","floor":10,"key":"SMITH"},{"data":"Skim","floor":12,"key":"SMITH"},{"data":"Double Energy","floor":15,"key":"SMITH"}],"neow_cost":"NONE","seed_source_timestamp":715079310245000,"circlet_count":0,"master_deck":["AscendersBane","Strike_B","Strike_B","Strike_B","Strike_B","Defend_B","Defend_B","Defend_B","Defend_B","Zap","Dualcast","Seek","Self Repair+1","Reinforced Body","Gash","Creative AI+1","Tempest","Conserve Battery+1","Skim+1","Gash","Double Energy+1","Electrodynamics","Recycle","Self Repair"],"relics":["Cracked Core","Ancient Tea Set","Bronze Scales","Inserter"],"potions_floor_usage":[7,16,16,22,22],"damage_taken":[{"damage":4,"enemies":"Small Slimes","floor":1,"turns":3},{"damage":2,"enemies":"Cultist","floor":2,"turns":4},{"damage":2,"enemies":"Jaw Worm","floor":3,"turns":4},{"damage":12,"enemies":"Exordium Thugs","floor":4,"turns":5},{"damage":8,"enemies":"Exordium Wildlife","floor":5,"turns":6},{"damage":44,"enemies":"3 Sentries","floor":7,"turns":8},{"damage":2,"enemies":"2 Fungi Beasts","floor":11,"turns":3},{"damage":10,"enemies":"3 Louse","floor":13,"turns":3},{"damage":16,"enemies":"Blue Slaver","floor":14,"turns":5},{"damage":9,"enemies":"Slime Boss","floor":16,"turns":6},{"damage":18,"enemies":"2 Thieves","floor":18,"turns":3},{"damage":24,"enemies":"Chosen","floor":20,"turns":4},{"damage":36,"enemies":"Centurion and Healer","floor":22,"turns":4}],"seed_played":"3413051308713276283","potions_obtained":[{"floor":2,"key":"Energy Potion"},{"floor":3,"key":"Dexterity Potion"},{"floor":7,"key":"Fire Potion"},{"floor":16,"key":"AttackPotion"},{"floor":20,"key":"Dexterity Potion"},{"floor":21,"key":"AttackPotion"}],"is_trial":false,"path_per_floor":["M","M","M","M","M","R","E","R","T","R","M","R","M","M","R","B",null,"M","?","M","?","M"],"character_chosen":"DEFECT","items_purchased":[],"campfire_rested":0,"item_purchase_floors":[],"current_hp_per_floor":[60,65,70,65,64,64,27,27,27,27,35,35,35,29,29,30,61,43,43,29,29,0],"gold":354,"neow_bonus":"ONE_RANDOM_RARE_CARD","is_prod":false,"is_daily":false,"chose_seed":false,"campfire_upgraded":5,"win_rate":0,"timestamp":1554912443,"path_taken":["M","M","M","M","M","R","E","R","T","R","M","R","M","M","R","BOSS","M","?","?","?","M"],"build_version":"2019-01-23","purchased_purges":0,"victory":false,"max_hp_per_floor":[71,71,71,71,71,71,71,71,71,71,71,71,71,71,71,71,71,71,71,71,71,71],"card_choices":[{"not_picked":["Stack","Sweeping Beam"],"picked":"Self Repair","floor":1},{"not_picked":["Stack","Aggregate"],"picked":"Reinforced Body","floor":2},{"not_picked":["Coolheaded","Go for the Eyes"],"picked":"Gash","floor":3},{"not_picked":["Fusion","Coolheaded"],"picked":"Creative AI","floor":4},{"not_picked":["Go for the Eyes","Conserve Battery"],"picked":"Tempest","floor":5},{"not_picked":["Steam","Ball Lightning"],"picked":"Conserve Battery","floor":7},{"not_picked":["Steam","Tempest"],"picked":"Skim","floor":11},{"not_picked":["Hologram","Redo"],"picked":"Gash","floor":13},{"not_picked":["Doom and Gloom","Ball Lightning"],"picked":"Double Energy","floor":14},{"not_picked":["Seek","Core Surge"],"picked":"Electrodynamics","floor":16},{"not_picked":["Conserve Battery","Beam Cell"],"picked":"Recycle","floor":18},{"not_picked":["Aggregate","Capacitor+1"],"picked":"Self Repair","floor":20}],"player_experience":4750070,"relics_obtained":[{"floor":7,"key":"Ancient Tea Set"},{"floor":9,"key":"Bronze Scales"}],"event_choices":[{"damage_healed":0,"gold_gain":0,"player_choice":"Ignored","damage_taken":0,"max_hp_gain":0,"max_hp_loss":0,"event_name":"N\u0027loth","floor":19,"gold_loss":0},{"damage_healed":0,"gold_gain":0,"player_choice":"Bought 3 Potions","damage_taken":0,"max_hp_gain":0,"max_hp_loss":0,"event_name":"The Woman in Blue","floor":21,"gold_loss":0}],"is_beta":false,"boss_relics":[{"not_picked":["Orrery","Velvet Choker"],"picked":"Inserter"}],"items_purged_floors":[],"is_endless":false,"potions_floor_spawned":[2,3,7,11,16,20],"killed_by":"Centurion and Healer","ascension_level":20}