{"gold_per_floor":[136,186,224,234,8,8,93,158,158,158,188,188,188,188,188,287,287,320,320,340,378,398,398,75,75,101,28,73,84,84,84,84,84],"floor_reached":33,"playtime":2300,"items_purged":["Strike_G"],"score":460,"play_id":"029c64fa-bcd6-4c0d-9e43-200520219bf0","local_time":"20181204102133","is_ascension_mode":true,"campfire_choices":[{"data":"Neutralize","floor":6.0,"key":"SMITH"},{"floor":10.0,"key":"REST"},{"data":"Chrysalis","floor":12.0,"key":"SMITH"},{"floor":15.0,"key":"REST"},{"floor":23.0,"key":"REST"},{"floor":25.0,"key":"REST"},{"floor":30,"key":"REST"},{"data":"Noxious Fumes","floor":32,"key":"SMITH"}],"neow_cost":"TEN_PERCENT_HP_LOSS","seed_source_timestamp":35255126880014,"circlet_count":0,"master_deck":["AscendersBane","Defend_G","Defend_G","Defend_G","Defend_G","Defend_G","Strike_G","Strike_G","Survivor","Neutralize+1","HandOfGreed","Finesse","Dagger Spray","Well Laid Plans","Predator","Chrysalis+1","Well Laid Plans","PiercingWail","Cloak And Dagger","Malaise","Setup+1","Crippling Poison","Finesse","Noxious Fumes+1","Terror","Calculated Gamble"],"special_seed":0,"relics":["Ring of the Snake","Juzu Bracelet","Odd Mushroom","Snake Skull","Sozu","Blood Vial","Vajra","Gremlin Horn","FaceOfCleric"],"potions_floor_usage":[],"damage_taken":[{"damage":0.0,"enemies":"Cultist","floor":1.0,"turns":3.0},{"damage":5.0,"enemies":"Small Slimes","floor":2.0,"turns":4.0},{"damage":1.0,"enemies":"Jaw Worm","floor":3.0,"turns":4.0},{"damage":0.0,"enemies":"Large Slime","floor":4.0,"turns":6.0},{"damage":23.0,"enemies":"3 Sentries","floor":7.0,"turns":11.0},{"damage":4.0,"enemies":"The Mushroom Lair","floor":8.0,"turns":7.0},{"damage":11.0,"enemies":"Exordium Thugs","floor":11.0,"turns":3.0},{"damage":16.0,"enemies":"Hexaghost","floor":16.0,"turns":9.0},{"damage":0.0,"enemies":"3 Byrds","floor":18.0,"turns":3.0},{"damage":19.0,"enemies":"Spheric Guardian","floor":20.0,"turns":6.0},{"damage":15.0,"enemies":"Snecko","floor":21.0,"turns":11.0},{"damage":15.0,"enemies":"Colosseum Slavers","floor":22.0,"turns":4.0},{"damage":14,"enemies":"Gremlin Leader","floor":28,"turns":7},{"damage":8,"enemies":"Cultist and Chosen","floor":29,"turns":6},{"damage":43,"enemies":"Champ","floor":33,"turns":15}],"seed_played":"7288566441559689328","potions_obtained":[{"floor":2.0,"key":"SpeedPotion"},{"floor":4.0,"key":"Energy Potion"},{"floor":8.0,"key":"Energy Potion"},{"floor":16.0,"key":"LiquidBronze"}],"is_trial":false,"path_per_floor":["M","M","M","M","$","R","E","?","T","R","M","R","?","?","R","B",null,"M","?","M","M","?","R","$","R","T","$","E","M","R","?","R","B"],"character_chosen":"THE_SILENT","items_purchased":["Chrysalis","Well Laid Plans","Blood Vial","Finesse","Noxious Fumes"],"campfire_rested":5,"item_purchase_floors":[5,5,24,24,27],"current_hp_per_floor":[59,54,53,53,53,53,30,26,26,44,33,33,33,26,44,28,52,52,52,33,18,3,21,21,39,39,39,27,21,39,39,39,0],"gold":84,"neow_bonus":"RANDOM_COLORLESS_2","is_prod":false,"is_daily":false,"chose_seed":false,"campfire_upgraded":3,"win_rate":0,"timestamp":1543886493,"path_taken":["M","M","M","M","$","R","E","?","T","R","M","R","?","?","R","BOSS","M","?","M","M","?","R","$","R","T","?","E","M","R","?","R","BOSS"],"build_version":"2018-11-15","purchased_purges":1,"victory":false,"max_hp_per_floor":[60,60,60,60,60,60,60,60,60,60,60,60,60,60,60,60,60,60,60,60,60,60,60,60,60,60,60,60,60,60,60,60,60],"card_choices":[{"not_picked":["Slice","Dodge and Roll"],"picked":"Dagger Spray","floor":1.0},{"not_picked":["Deadly Poison","Deflect"],"picked":"Well Laid Plans","floor":2.0},{"not_picked":["Deadly Poison","Skewer"],"picked":"Predator","floor":3.0},{"not_picked":["Flechettes","Bane","Sucker Punch"],"picked":"SKIP","floor":4.0},{"not_picked":["Dagger Spray","Prepared"],"picked":"PiercingWail","floor":7.0},{"not_picked":["Sucker Punch","Catalyst"],"picked":"Cloak And Dagger","floor":11.0},{"not_picked":["Wraith Form v2","Phantasmal Killer"],"picked":"Malaise","floor":16.0},{"not_picked":["Backflip","Deflect"],"picked":"Setup+1","floor":18.0},{"not_picked":["Underhanded Strike","Riddle With Holes"],"picked":"Crippling Poison","floor":20.0},{"not_picked":["Cloak And Dagger","Slice","Quick Slash"],"picked":"SKIP","floor":21.0},{"not_picked":["Riddle With Holes+1","Poisoned Stab"],"picked":"Terror","floor":28},{"not_picked":["Prepared","Dagger Spray"],"picked":"Calculated Gamble","floor":29}],"player_experience":2498970,"relics_obtained":[{"floor":7.0,"key":"Juzu Bracelet"},{"floor":8.0,"key":"Odd Mushroom"},{"floor":9.0,"key":"Snake Skull"},{"floor":26.0,"key":"Vajra"},{"floor":28,"key":"Gremlin Horn"}],"event_choices":[{"damage_healed":0.0,"max_hp_gain":0.0,"max_hp_loss":0.0,"gold_gain":0.0,"event_name":"Mushrooms","player_choice":"Fought Mushrooms","floor":8.0,"gold_loss":0.0,"damage_taken":0.0},{"cards_removed":["Strike_G"],"damage_healed":0.0,"max_hp_gain":0.0,"max_hp_loss":0.0,"gold_gain":0.0,"event_name":"Living Wall","player_choice":"Forget","floor":13.0,"gold_loss":0.0,"damage_taken":0.0},{"cards_removed":["Strike_G"],"damage_healed":0.0,"max_hp_gain":0.0,"max_hp_loss":0.0,"gold_gain":0.0,"event_name":"Golden Wing","player_choice":"Card Removal","floor":14.0,"gold_loss":0.0,"damage_taken":7.0},{"damage_healed":0.0,"max_hp_gain":0.0,"max_hp_loss":0.0,"gold_gain":0.0,"event_name":"The Mausoleum","player_choice":"Ignored","floor":19.0,"gold_loss":0.0,"damage_taken":0.0},{"damage_healed":0.0,"max_hp_gain":0.0,"max_hp_loss":0.0,"gold_gain":0.0,"event_name":"Colosseum","player_choice":"Fight","floor":22.0,"gold_loss":0.0,"damage_taken":0.0},{"damage_healed":0.0,"max_hp_gain":0.0,"max_hp_loss":0.0,"gold_gain":0.0,"event_name":"Colosseum","player_choice":"Fled From Nobs","floor":22.0,"gold_loss":0.0,"damage_taken":0.0},{"damage_healed":0,"gold_gain":0,"player_choice":"Trade","damage_taken":0,"relics_obtained":["FaceOfCleric"],"max_hp_gain":0,"max_hp_loss":0,"event_name":"FaceTrader","floor":31,"gold_loss":0}],"is_beta":true,"boss_relics":[{"not_picked":["Snecko Eye","WristBlade"],"picked":"Sozu"}],"items_purged_floors":[24],"is_endless":false,"potions_floor_spawned":[2,4,8,16,18,22],"killed_by":"Champ","ascension_level":15}