{"gold_per_floor":[18,69,86,98,112,112,131,142,142,142,142,165,204,225,225,318,318,331,349,264,29,45,61,61,61,61,61,74,101,101,23,23,23],"floor_reached":33,"playtime":2172,"items_purged":["Strike_G"],"score":542,"play_id":"da5e7dd6-8120-4084-9aae-d15ac8363dd8","local_time":"20190417200622","is_ascension_mode":true,"campfire_choices":[{"data":"Envenom","floor":6.0,"key":"SMITH"},{"data":"Cloak And Dagger","floor":11.0,"key":"SMITH"},{"data":"Neutralize","floor":15.0,"key":"SMITH"},{"data":"Wraith Form v2","floor":24.0,"key":"SMITH"},{"data":"Burst","floor":30,"key":"SMITH"},{"data":"Footwork","floor":32,"key":"SMITH"}],"neow_cost":"NO_GOLD","seed_source_timestamp":445313098953643,"circlet_count":0,"master_deck":["AscendersBane","Defend_G+1","Defend_G+1","Defend_G+1","Defend_G+1","Defend_G+1","Strike_G+1","Strike_G+1","Survivor","Neutralize+1","Flechettes","Envenom+1","Cloak And Dagger+1","Flechettes","PiercingWail","Infinite Blades","Cloak And Dagger","Wraith Form v2+1","PiercingWail","Backflip","Burst+1","Dodge and Roll+1","Calculated Gamble","Blur","Footwork+1"],"special_seed":0,"relics":["Ring of the Snake","Strawberry","Molten Egg 2","Bloody Idol","Bag of Marbles","Sozu","Bag of Preparation","PreservedInsect","Meat on the Bone"],"potions_floor_usage":[29],"damage_taken":[{"damage":0.0,"enemies":"Cultist","floor":1.0,"turns":3.0},{"damage":0.0,"enemies":"2 Louse","floor":3.0,"turns":3.0},{"damage":1.0,"enemies":"Small Slimes","floor":4.0,"turns":4.0},{"damage":2.0,"enemies":"Looter","floor":5.0,"turns":3.0},{"damage":1.0,"enemies":"Large Slime","floor":7.0,"turns":6.0},{"damage":3.0,"enemies":"Blue Slaver","floor":8.0,"turns":5.0},{"damage":0.0,"enemies":"Looter","floor":12.0,"turns":3.0},{"damage":6.0,"enemies":"Gremlin Nob","floor":13.0,"turns":5.0},{"damage":2.0,"enemies":"Exordium Thugs","floor":14.0,"turns":5.0},{"damage":10.0,"enemies":"Hexaghost","floor":16.0,"turns":10.0},{"damage":2.0,"enemies":"2 Thieves","floor":18.0,"turns":4.0},{"damage":5.0,"enemies":"Chosen","floor":19.0,"turns":5.0},{"damage":12.0,"enemies":"3 Cultists","floor":22.0,"turns":7.0},{"damage":0.0,"enemies":"Centurion and Healer","floor":23.0,"turns":6.0},{"damage":0.0,"enemies":"Snake Plant","floor":28.0,"turns":6.0},{"damage":3,"enemies":"Gremlin Leader","floor":29,"turns":7},{"damage":53,"enemies":"Champ","floor":33,"turns":22}],"seed_played":"6550405412919538905","potions_obtained":[{"floor":1.0,"key":"EssenceOfSteel"},{"floor":4.0,"key":"Weak Potion"},{"floor":13.0,"key":"PowerPotion"},{"floor":14.0,"key":"PowerPotion"}],"is_trial":false,"path_per_floor":["M","T","M","M","M","R","M","M","T","?","R","M","E","M","R","B",null,"M","M","?","$","M","M","R","?","T","?","M","E","R","$","R","B"],"character_chosen":"THE_SILENT","items_purchased":["PreservedInsect","Footwork"],"campfire_rested":0,"item_purchase_floors":[21,31],"current_hp_per_floor":[59,66,66,65,63,63,62,59,59,59,59,59,53,51,51,41,60,58,53,53,53,41,41,41,41,41,41,46,48,48,48,48,0],"gold":23,"neow_bonus":"TRANSFORM_TWO_CARDS","is_prod":false,"is_daily":false,"chose_seed":false,"campfire_upgraded":6,"win_rate":0,"timestamp":1555499182,"path_taken":["M","?","M","M","M","R","M","M","T","?","R","M","E","M","R","BOSS","M","M","?","$","M","M","R","?","T","?","M","E","R","$","R","BOSS"],"build_version":"2019-04-04","purchased_purges":1,"victory":false,"max_hp_per_floor":[66,73,73,73,73,73,73,73,73,66,66,66,66,66,66,66,66,66,66,66,66,66,66,66,66,66,66,66,66,66,66,66,66],"card_choices":[{"not_picked":["Setup","Concentrate"],"picked":"Cloak And Dagger","floor":1.0},{"not_picked":["Deflect","Quick Slash"],"picked":"Flechettes","floor":3.0},{"not_picked":["Bane","Deflect"],"picked":"PiercingWail","floor":4.0},{"not_picked":["Poisoned Stab","Heel Hook"],"picked":"Infinite Blades","floor":5.0},{"not_picked":["Acrobatics","Dagger Throw"],"picked":"Cloak And Dagger","floor":7.0},{"not_picked":["Infinite Blades","Prepared"],"picked":"Wraith Form v2","floor":8.0},{"not_picked":["Blade Dance","Endless Agony+1"],"picked":"PiercingWail","floor":12.0},{"not_picked":["Eviscerate+1","Crippling Poison"],"picked":"Backflip","floor":13.0},{"not_picked":["Choke+1","Setup","Deadly Poison"],"picked":"SKIP","floor":14.0},{"not_picked":["Storm of Steel","Malaise"],"picked":"Burst","floor":16.0},{"not_picked":["Deflect","Slice+1","Concentrate"],"picked":"SKIP","floor":18.0},{"not_picked":["Deflect","Riddle With Holes+1"],"picked":"Dodge and Roll+1","floor":19.0},{"not_picked":["Slice+1","Deadly Poison","Dagger Throw+1"],"picked":"SKIP","floor":22.0},{"not_picked":["Dodge and Roll","Poisoned Stab+1"],"picked":"Calculated Gamble","floor":23.0},{"not_picked":["Flying Knee+1","Quick Slash+1","Blade Dance"],"picked":"SKIP","floor":28.0},{"not_picked":["Masterful Stab+1","Dagger Throw+1"],"picked":"Blur","floor":29}],"player_experience":2972800,"relics_obtained":[{"floor":2.0,"key":"Strawberry"},{"floor":9.0,"key":"Molten Egg 2"},{"floor":13.0,"key":"Bag of Marbles"},{"floor":29,"key":"Meat on the Bone"}],"event_choices":[{"damage_healed":0.0,"max_hp_gain":0.0,"max_hp_loss":7.0,"gold_gain":0.0,"event_name":"Golden Idol","player_choice":"Lose Max HP","floor":10.0,"gold_loss":0.0,"damage_taken":0.0,"relics_obtained":["Golden Idol"]},{"damage_healed":0.0,"max_hp_gain":0.0,"max_hp_loss":0.0,"gold_gain":0.0,"event_name":"Addict","player_choice":"Obtained Relic","floor":20.0,"gold_loss":85.0,"damage_taken":0.0,"relics_obtained":["Bag of Preparation"]},{"damage_healed":0.0,"max_hp_gain":0.0,"max_hp_loss":0.0,"gold_gain":0.0,"event_name":"Back to Basics","player_choice":"Simplicity","floor":25.0,"gold_loss":0.0,"damage_taken":0.0,"cards_upgraded":["Defend_G","Defend_G","Defend_G","Defend_G","Defend_G","Strike_G","Strike_G"]},{"damage_healed":0.0,"max_hp_gain":0.0,"max_hp_loss":0.0,"gold_gain":0.0,"event_name":"Forgotten Altar","player_choice":"Gave Idol","floor":27.0,"relics_lost":["Golden Idol"],"gold_loss":0.0,"damage_taken":0.0,"relics_obtained":["Bloody Idol"]}],"is_beta":true,"boss_relics":[{"not_picked":["Orrery","Velvet Choker"],"picked":"Sozu"}],"items_purged_floors":[21],"is_endless":false,"potions_floor_spawned":[1,4,13,14,19,22],"killed_by":"Champ","ascension_level":20}