{"gold_per_floor":[110,129,144,158,173,199,233,259,285,297,341,353,365,410,422,507,519,549,561,591,277,291,319,344,376,376,402,434,434,434,467,467,539,539,556,575,11,362,129,164,191,218,218,247,274,302,302,302,302,302,302,302,35,69,69],"floor_reached":56,"playtime":2711,"items_purged":["Coolheaded","Blind+1"],"score":3413,"play_id":"b6e6b9df-b36d-49f5-a6f0-d013e5ff9ba6","local_time":"20190325021202","daily_mods":["SealedDeck","Colorless Cards","Heirloom","Flight","Elite Swarm"],"is_ascension_mode":true,"campfire_choices":[{"floor":10,"key":"REST"},{"data":"Buffer","floor":12,"key":"SMITH"},{"data":"Buffer","floor":13,"key":"SMITH"},{"data":"Echo Form","floor":15,"key":"SMITH"},{"data":"Streamline","floor":29,"key":"PURGE"},{"data":"Thinking Ahead","floor":30,"key":"PURGE"},{"data":"Capacitor","floor":32,"key":"SMITH"},{"floor":47,"key":"RECALL"},{"data":"Coolheaded","floor":49,"key":"SMITH"},{"floor":52,"key":"REST"}],"neow_cost":"","seed_source_timestamp":953218710048300,"circlet_count":0,"master_deck":["AscendersBane","Coolheaded+1","Compile Driver","Compile Driver","Undo","Doom and Gloom","The Bomb","Echo Form+1","Buffer+1","Buffer+1","The Bomb","Recycle","Glacier","Capacitor+1","Meteor Strike","Auto Shields+1","Deep Breath+1","Heatsinks+1","Heatsinks+1","Capacitor+1","Meteor Strike","Multi-Cast","Echo Form+1"],"relics":["Snecko Eye","Du-Vu Doll","Turnip","Dream Catcher","Matryoshka","Ancient Tea Set","MawBank","Omamori","Bag of Marbles","Nuclear Battery","Sundial","Girya","Pear","Juzu Bracelet","Peace Pipe","Vajra","Art of War","Ornamental Fan","Astrolabe","Frozen Egg 2","Lantern","Old Coin","Membership Card","Oddly Smooth Stone","Bird Faced Urn","Calipers","Blue Candle","Pantograph","Mercury Hourglass","WarpedTongs","Ice Cream","Dodecahedron","Gambling Chip"],"potions_floor_usage":[27,55,55],"damage_taken":[{"damage":0,"enemies":"2 Louse","floor":1,"turns":1},{"damage":0,"enemies":"Jaw Worm","floor":2,"turns":2},{"damage":0,"enemies":"Cultist","floor":3,"turns":2},{"damage":9,"enemies":"Exordium Thugs","floor":4,"turns":3},{"damage":0,"enemies":"Large Slime","floor":5,"turns":2},{"damage":0,"enemies":"Lagavulin","floor":6,"turns":5},{"damage":5,"enemies":"Gremlin Nob","floor":7,"turns":3},{"damage":28,"enemies":"3 Sentries","floor":8,"turns":3},{"damage":0,"enemies":"Gremlin Nob","floor":11,"turns":2},{"damage":0,"enemies":"3 Sentries","floor":14,"turns":3},{"damage":0,"enemies":"Hexaghost","floor":16,"turns":6},{"damage":0,"enemies":"Chosen","floor":18,"turns":3},{"damage":0,"enemies":"Shell Parasite","floor":20,"turns":3},{"damage":0,"enemies":"Shelled Parasite and Fungi","floor":22,"turns":4},{"damage":0,"enemies":"Gremlin Leader","floor":23,"turns":5},{"damage":0,"enemies":"Book of Stabbing","floor":24,"turns":4},{"damage":0,"enemies":"Gremlin Leader","floor":25,"turns":4},{"damage":14,"enemies":"Slavers","floor":27,"turns":2},{"damage":0,"enemies":"Gremlin Leader","floor":28,"turns":6},{"damage":0,"enemies":"Slavers","floor":31,"turns":2},{"damage":0,"enemies":"Champ","floor":33,"turns":5},{"damage":0,"enemies":"Orb Walker","floor":35,"turns":3},{"damage":0,"enemies":"3 Darklings","floor":36,"turns":3},{"damage":0,"enemies":"2 Orb Walkers","floor":38,"turns":5},{"damage":0,"enemies":"Giant Head","floor":40,"turns":3},{"damage":0,"enemies":"Reptomancer","floor":41,"turns":4},{"damage":0,"enemies":"Giant Head","floor":42,"turns":3},{"damage":0,"enemies":"Reptomancer","floor":44,"turns":4},{"damage":0,"enemies":"Nemesis","floor":45,"turns":3},{"damage":0,"enemies":"Reptomancer","floor":46,"turns":4},{"damage":0,"enemies":"Time Eater","floor":50,"turns":7},{"damage":0,"enemies":"Shield and Spear","floor":54,"turns":3},{"damage":77,"enemies":"The Heart","floor":55,"turns":5}],"seed_played":"7548460937149057632","potions_obtained":[{"floor":2,"key":"Explosive Potion"},{"floor":5,"key":"SpeedPotion"},{"floor":27,"key":"Dexterity Potion"},{"floor":54,"key":"SpeedPotion"}],"is_trial":true,"path_per_floor":["M","M","M","M","M","E","E","E","T","R","E","R","R","E","R","B",null,"M","?","M","$","M","E","E","E","T","E","E","R","R","E","R","B",null,"M","M","$","?","$","E","E","E","T","E","E","E","R","?","R","B",null,"R","$","E","B",null],"character_chosen":"DEFECT","items_purchased":["Sundial","Frozen Egg 2","Lantern","Heatsinks+1","Membership Card","Capacitor+1","Ice Cream","Dodecahedron"],"campfire_rested":2,"item_purchase_floors":[21,37,37,37,39,39,53,53],"current_hp_per_floor":[64,64,64,55,55,55,50,22,22,43,43,43,43,43,43,43,64,64,64,64,64,64,64,74,74,74,60,60,60,60,60,60,60,76,76,76,76,76,76,76,76,81,81,81,81,81,81,81,81,81,81,81,81,81,14],"gold":69,"neow_bonus":"","is_prod":false,"is_daily":false,"chose_seed":false,"campfire_upgraded":5,"win_rate":0,"timestamp":1553447522,"path_taken":["M","M","M","M","M","E","E","E","T","R","E","R","R","E","R","BOSS","M","?","M","$","M","E","E","E","T","E","E","R","R","E","R","BOSS","M","M","$","?","$","E","E","E","T","E","E","E","R","?","R","BOSS","R","$","E","BOSS"],"build_version":"2019-01-23","purchased_purges":2,"victory":true,"max_hp_per_floor":[71,71,71,71,71,71,71,71,71,71,71,71,71,71,71,71,71,71,71,71,71,71,71,81,81,81,81,81,81,81,81,81,81,81,81,81,81,81,81,81,81,81,81,81,81,81,81,81,81,81,81,81,81,81,81],"card_choices":[{"not_picked":["Barrage","Darkness","Ball Lightning"],"picked":"SKIP","floor":1},{"not_picked":["Ball Lightning","Steam Power","Beam Cell"],"picked":"SKIP","floor":2},{"not_picked":["Purity","Coolheaded","Barrage"],"picked":"SKIP","floor":3},{"not_picked":["Barrage","Steam"],"picked":"The Bomb","floor":4},{"not_picked":["Cold Snap","Redo","Auto Shields"],"picked":"SKIP","floor":5},{"not_picked":["Chrysalis","Core Surge"],"picked":"Master of Strategy","floor":6},{"not_picked":["Hyperbeam","Master of Strategy"],"picked":"Echo Form","floor":7},{"not_picked":["The Bomb","Fission"],"picked":"Buffer","floor":8},{"not_picked":["All For One","Core Surge"],"picked":"Buffer","floor":11},{"not_picked":["Chrysalis","Seek"],"picked":"The Bomb","floor":14},{"not_picked":["Ball Lightning","Barrage+1"],"picked":"Recycle","floor":18},{"not_picked":["Leap","Turbo"],"picked":"Capacitor","floor":20},{"not_picked":["Leap","Discovery","Beam Cell"],"picked":"SKIP","floor":22},{"not_picked":["Secret Weapon","Violence","HandOfGreed"],"picked":"SKIP","floor":23},{"not_picked":["The Bomb","Thunder Strike"],"picked":"Meteor Strike","floor":24},{"not_picked":["Electrodynamics","All For One","Master of Strategy"],"picked":"SKIP","floor":25},{"not_picked":["Sadistic Nature","Multi-Cast","Core Surge"],"picked":"SKIP","floor":27},{"not_picked":["All For One","Creative AI"],"picked":"The Bomb","floor":28},{"not_picked":["Master of Strategy","Seek","Multi-Cast"],"picked":"SKIP","floor":31},{"not_picked":["Barrage","Turbo","Coolheaded"],"picked":"SKIP","floor":35},{"not_picked":["Turbo","Stack","Cold Snap+1"],"picked":"SKIP","floor":36},{"not_picked":["Rebound","Secret Technique"],"picked":"Heatsinks+1","floor":38},{"not_picked":["Core Surge","Hyperbeam","Chrysalis"],"picked":"SKIP","floor":40},{"not_picked":["Master of Strategy","Thinking Ahead","HandOfGreed"],"picked":"SKIP","floor":41},{"not_picked":["Core Surge","Sadistic Nature+1","Apotheosis"],"picked":"SKIP","floor":42},{"not_picked":["Secret Technique","Master of Strategy"],"picked":"Meteor Strike","floor":44},{"not_picked":["Thunder Strike","Transmutation","Multi-Cast"],"picked":"SKIP","floor":45},{"not_picked":["Thunder Strike","Transmutation"],"picked":"Multi-Cast","floor":45},{"not_picked":["Magnetism+1","Thunder Strike","Metamorphosis"],"picked":"SKIP","floor":46},{"not_picked":["Core Surge","Machine Learning+1"],"picked":"Echo Form+1","floor":54}],"player_experience":4620155,"relics_obtained":[{"floor":6,"key":"Turnip"},{"floor":7,"key":"Dream Catcher"},{"floor":8,"key":"Matryoshka"},{"floor":9,"key":"Ancient Tea Set"},{"floor":9,"key":"MawBank"},{"floor":11,"key":"Omamori"},{"floor":14,"key":"Bag of Marbles"},{"floor":23,"key":"Girya"},{"floor":24,"key":"Pear"},{"floor":26,"key":"Juzu Bracelet"},{"floor":26,"key":"Peace Pipe"},{"floor":27,"key":"Vajra"},{"floor":28,"key":"Art of War"},{"floor":31,"key":"Ornamental Fan"},{"floor":38,"key":"Old Coin"},{"floor":40,"key":"Oddly Smooth Stone"},{"floor":41,"key":"Bird Faced Urn"},{"floor":42,"key":"Calipers"},{"floor":44,"key":"Blue Candle"},{"floor":45,"key":"Pantograph"},{"floor":46,"key":"Mercury Hourglass"},{"floor":54,"key":"Gambling Chip"}],"event_choices":[{"damage_healed":0,"gold_gain":0,"cards_transformed":["Ball Lightning","Streamline"],"player_choice":"Became Test Subject","damage_taken":0,"max_hp_gain":0,"max_hp_loss":0,"event_name":"Drug Dealer","floor":19,"gold_loss":0,"cards_obtained":["Glacier","Thinking Ahead"]},{"damage_healed":0,"gold_gain":0,"player_choice":"Fight","damage_taken":0,"max_hp_gain":0,"max_hp_loss":0,"event_name":"Mysterious Sphere","floor":38,"gold_loss":0},{"damage_healed":0,"gold_gain":0,"player_choice":"Rummage","damage_taken":0,"relics_obtained":["WarpedTongs"],"max_hp_gain":0,"max_hp_loss":0,"event_name":"Accursed Blacksmith","floor":48,"gold_loss":0,"cards_obtained":["Pain"]}],"is_beta":false,"boss_relics":[{"not_picked":["Black Star","Ectoplasm"],"picked":"Nuclear Battery"},{"not_picked":["Runic Dome","Velvet Choker"],"picked":"Astrolabe"}],"items_purged_floors":[21,37],"is_endless":false,"potions_floor_spawned":[2,5,6,11,14,23,25,27,33,41,42,45,54],"ascension_level":15}