{"gold_per_floor":[111,125,140,140,153,180,11,11,34,184,10,10,39,54,54,128,128,143,143,161,161,180,180,190,190,190,209,209,229,229,229],"floor_reached":31,"playtime":1309,"items_purged":["Doubt"],"score":469,"play_id":"9b7609b6-90fa-42f7-a7ed-0d79929d0e7e","local_time":"20190524162143","is_ascension_mode":true,"campfire_choices":[{"data":"Infernal Blade","floor":8.0,"key":"SMITH"},{"floor":12.0,"key":"REST"},{"floor":15.0,"key":"REST"},{"floor":23,"key":"REST"},{"floor":25,"key":"REST"},{"floor":28,"key":"REST"}],"neow_cost":"NONE","seed_source_timestamp":260121982460419,"circlet_count":0,"master_deck":["AscendersBane","Strike_R","Strike_R","Defend_R","Defend_R","Defend_R","Bash","Shockwave","Corruption","Infernal Blade+1","Infernal Blade+1","Flame Barrier","Spot Weakness","Discovery","Pummel","Limit Break","Fiend Fire+1","Reckless Charge+1","True Grit","Sword Boomerang","Clothesline","Entrench","Bloodletting","Double Tap","Havoc+1","Flame Barrier"],"special_seed":0,"relics":["Burning Blood","NeowsBlessing","Pen Nib","Bronze Scales","Boot","Astrolabe","Bottled Lightning"],"potions_floor_usage":[18],"damage_taken":[{"damage":0.0,"enemies":"Small Slimes","floor":1.0,"turns":1.0},{"damage":0.0,"enemies":"Jaw Worm","floor":2.0,"turns":1.0},{"damage":0.0,"enemies":"Cultist","floor":3.0,"turns":1.0},{"damage":6.0,"enemies":"Looter","floor":5.0,"turns":3.0},{"damage":25.0,"enemies":"Lagavulin","floor":6.0,"turns":4.0},{"damage":32.0,"enemies":"Gremlin Nob","floor":13.0,"turns":4.0},{"damage":4.0,"enemies":"2 Fungi Beasts","floor":14.0,"turns":1.0},{"damage":73,"enemies":"Slime Boss","floor":16,"turns":12},{"damage":23,"enemies":"Shell Parasite","floor":18,"turns":4},{"damage":0,"enemies":"3 Byrds","floor":20,"turns":2},{"damage":27,"enemies":"Centurion and Healer","floor":22,"turns":6},{"damage":50,"enemies":"Shelled Parasite and Fungi","floor":24,"turns":5},{"damage":13,"enemies":"Snake Plant","floor":27,"turns":2},{"damage":24,"enemies":"3 Cultists","floor":29,"turns":4},{"damage":21,"enemies":"Colosseum Slavers","floor":30,"turns":4},{"damage":27,"enemies":"Shelled Parasite and Fungi","floor":31,"turns":4}],"seed_played":"-5979562278119481959","potions_obtained":[{"floor":3.0,"key":"FairyPotion"},{"floor":6.0,"key":"Fire Potion"},{"floor":16,"key":"BloodPotion"},{"floor":22,"key":"Ancient Potion"},{"floor":29,"key":"Weak Potion"}],"is_trial":false,"path_per_floor":["M","M","M","?","M","E","$","R","T","?","$","R","E","M","R","B",null,"M","?","M","?","M","R","M","R","T","M","R","M","?","M"],"character_chosen":"IRONCLAD","items_purchased":["Flame Barrier","Spot Weakness","Discovery"],"campfire_rested":5,"item_purchase_floors":[7,7,11],"current_hp_per_floor":[74,75,75,75,75,56,56,56,56,56,56,75,49,51,73,13,60,50,50,56,56,35,57,13,35,35,28,50,32,17,0],"gold":229,"neow_bonus":"THREE_ENEMY_KILL","is_prod":false,"is_daily":false,"chose_seed":false,"campfire_upgraded":1,"win_rate":0,"timestamp":1558704103,"path_taken":["M","M","M","?","M","E","$","R","T","?","$","R","E","M","R","BOSS","M","?","M","?","M","R","?","R","T","M","R","M","?","M"],"build_version":"2019-01-23","purchased_purges":1,"victory":false,"max_hp_per_floor":[75,75,75,75,75,75,75,75,75,75,75,75,75,75,75,75,75,75,75,75,75,75,75,75,75,75,75,75,75,75,75],"card_choices":[{"not_picked":["Perfected Strike","Wild Strike"],"picked":"Shockwave","floor":1.0},{"not_picked":["Rage","Uppercut"],"picked":"Corruption","floor":2.0},{"not_picked":["Body Slam","Flame Barrier"],"picked":"Infernal Blade","floor":3.0},{"not_picked":["Cleave","Perfected Strike","Power Through"],"picked":"SKIP","floor":5.0},{"not_picked":["Warcry","Inflame"],"picked":"Infernal Blade","floor":6.0},{"not_picked":["Clash","Combust","Demon Form"],"picked":"SKIP","floor":13.0},{"not_picked":["Anger","Pommel Strike"],"picked":"Pummel","floor":14.0},{"not_picked":["Brutality","Berserk"],"picked":"Limit Break","floor":16},{"not_picked":["Blood for Blood","Dropkick"],"picked":"True Grit","floor":18},{"not_picked":["Clash","Sword Boomerang"],"picked":"Entrench","floor":20},{"not_picked":["Anger","Power Through"],"picked":"Bloodletting","floor":22},{"not_picked":["Second Wind","Flex"],"picked":"Double Tap","floor":24},{"not_picked":["Shockwave+1","Fire Breathing"],"picked":"Havoc+1","floor":27},{"not_picked":["Flex+1","Searing Blow"],"picked":"Flame Barrier","floor":29}],"player_experience":1398255,"relics_obtained":[{"floor":6.0,"key":"Pen Nib"},{"floor":9.0,"key":"Bronze Scales"},{"floor":13.0,"key":"Boot"},{"floor":26,"key":"Bottled Lightning"}],"event_choices":[{"damage_healed":0.0,"max_hp_gain":0.0,"max_hp_loss":0.0,"gold_gain":0.0,"event_name":"Living Wall","player_choice":"Grow","floor":4.0,"gold_loss":0.0,"damage_taken":0.0,"cards_upgraded":["Infernal Blade"]},{"damage_healed":0.0,"max_hp_gain":0.0,"max_hp_loss":0.0,"gold_gain":150.0,"event_name":"Liars Game","player_choice":"AGREE","floor":10.0,"gold_loss":0.0,"damage_taken":0.0,"cards_obtained":["Doubt"]},{"damage_healed":0,"gold_gain":0,"cards_transformed":["Barricade","Strike_R"],"player_choice":"Became Test Subject","damage_taken":0,"max_hp_gain":0,"max_hp_loss":0,"event_name":"Drug Dealer","floor":19,"gold_loss":0,"cards_obtained":["Sword Boomerang","Clothesline"]},{"damage_healed":0,"gold_gain":0,"player_choice":"Ignored","damage_taken":0,"max_hp_gain":0,"max_hp_loss":0,"event_name":"N\u0027loth","floor":21,"gold_loss":0},{"damage_healed":0,"gold_gain":0,"player_choice":"Fight","damage_taken":0,"max_hp_gain":0,"max_hp_loss":0,"event_name":"Colosseum","floor":30,"gold_loss":0},{"damage_healed":0,"gold_gain":0,"player_choice":"Fled From Nobs","damage_taken":0,"max_hp_gain":0,"max_hp_loss":0,"event_name":"Colosseum","floor":30,"gold_loss":0}],"is_beta":false,"boss_relics":[{"not_picked":["Runic Cube","Snecko Eye"],"picked":"Astrolabe"}],"items_purged_floors":[11],"is_endless":false,"potions_floor_spawned":[3,6,16,22,29],"killed_by":"Shelled Parasite and Fungi","ascension_level":18}