{"gold_per_floor":[116,135,95,95,114,114,149,149,149,162,194,207,221,234,234,309,309,326,356,246,264,264,292,292,321,372,46,46,80,100,110,110,182,182,202,202,214,214,231,231,257,257,302,302,316,335,335,351,351,351],"floor_reached":51,"playtime":3545,"items_purged":["Strike_G"],"score":1336,"play_id":"aaf37537-533f-4d79-a9b9-e010f5b1ead0","local_time":"20190524222401","is_ascension_mode":true,"campfire_choices":[{"data":"Noxious Fumes","floor":6,"key":"SMITH"},{"floor":8,"key":"REST"},{"data":"Caltrops","floor":15,"key":"SMITH"},{"floor":24,"key":"REST"},{"data":"Footwork","floor":28,"key":"SMITH"},{"floor":32,"key":"REST"},{"floor":40,"key":"REST"},{"data":"Envenom","floor":47,"key":"SMITH"},{"floor":49,"key":"REST"}],"neow_cost":"NONE","seed_source_timestamp":612864544698171,"circlet_count":0,"master_deck":["AscendersBane","Defend_G","Defend_G","Defend_G","Defend_G","Defend_G","Strike_G","Strike_G","Strike_G","Survivor","Neutralize","Storm of Steel+1","Noxious Fumes+1","Dash","Caltrops+1","Leg Sweep","Deflect","PiercingWail","Adrenaline","Footwork+1","Deflect","Footwork","Die Die Die","Terror+1","Envenom+1","Backflip","Malaise","Caltrops+1"],"relics":["Ring of the Snake","Meat on the Bone","Snake Skull","StoneCalendar","Runic Pyramid","Red Mask","Centennial Puzzle","Letter Opener","Bag of Marbles","Mummified Hand","Kunai","Busted Crown","Ornamental Fan","Pen Nib","Potion Belt"],"potions_floor_usage":[23,39,50],"damage_taken":[{"damage":1,"enemies":"Small Slimes","floor":1,"turns":6},{"damage":2,"enemies":"Cultist","floor":2,"turns":4},{"damage":7,"enemies":"2 Louse","floor":5,"turns":3},{"damage":28,"enemies":"Gremlin Nob","floor":7,"turns":6},{"damage":12,"enemies":"2 Fungi Beasts","floor":10,"turns":5},{"damage":12,"enemies":"Lagavulin","floor":11,"turns":9},{"damage":19,"enemies":"Lots of Slimes","floor":12,"turns":5},{"damage":1,"enemies":"Looter","floor":13,"turns":5},{"damage":5,"enemies":"Exordium Thugs","floor":14,"turns":6},{"damage":0,"enemies":"Hexaghost","floor":16,"turns":9},{"damage":4,"enemies":"Chosen","floor":18,"turns":6},{"damage":35,"enemies":"Masked Bandits","floor":19,"turns":7},{"damage":5,"enemies":"Spheric Guardian","floor":21,"turns":6},{"damage":12,"enemies":"Slavers","floor":23,"turns":5},{"damage":17,"enemies":"Gremlin Leader","floor":25,"turns":7},{"damage":10,"enemies":"Slavers","floor":29,"turns":5},{"damage":3,"enemies":"Snecko","floor":30,"turns":7},{"damage":0,"enemies":"3 Cultists","floor":31,"turns":6},{"damage":1,"enemies":"Collector","floor":33,"turns":10},{"damage":19,"enemies":"3 Darklings","floor":35,"turns":5},{"damage":3,"enemies":"Orb Walker","floor":37,"turns":4},{"damage":8,"enemies":"Maw","floor":39,"turns":7},{"damage":2,"enemies":"Giant Head","floor":41,"turns":11},{"damage":18,"enemies":"3 Darklings","floor":45,"turns":3},{"damage":0,"enemies":"4 Shapes","floor":46,"turns":7},{"damage":0,"enemies":"Spire Growth","floor":48,"turns":6},{"damage":26,"enemies":"Donu and Deca","floor":50,"turns":9}],"seed_played":"-6346311143682826398","potions_obtained":[{"floor":1,"key":"Block Potion"},{"floor":5,"key":"GamblersBrew"},{"floor":25,"key":"Fire Potion"},{"floor":39,"key":"Energy Potion"},{"floor":48,"key":"PowerPotion"}],"is_trial":false,"path_per_floor":["M","M","$","?","M","R","E","R","T","M","E","M","M","M","R","B",null,"M","?","?","M","?","E","R","E","T","$","R","E","M","M","R","B",null,"M","T","M","?","M","R","E","?","T","?","M","M","R","M","R","B",null],"character_chosen":"THE_SILENT","items_purchased":["Well Laid Plans","Mummified Hand"],"campfire_rested":5,"item_purchase_floors":[3,27],"current_hp_per_floor":[58,56,56,52,45,45,17,36,36,36,36,29,40,35,35,35,58,54,31,31,38,38,38,57,40,40,40,40,42,39,39,58,57,64,45,45,42,42,34,53,51,51,51,51,45,45,45,45,64,38],"gold":351,"neow_bonus":"ONE_RANDOM_RARE_CARD","is_prod":false,"is_daily":false,"chose_seed":false,"campfire_upgraded":4,"win_rate":0,"timestamp":1558729441,"path_taken":["M","M","$","?","?","R","E","R","T","M","E","?","M","M","R","BOSS","M","?","?","?","?","E","R","E","T","?","R","E","M","M","R","BOSS","M","?","M","?","M","R","E","?","T","?","M","M","R","M","R","BOSS"],"build_version":"2019-01-23","purchased_purges":1,"victory":true,"max_hp_per_floor":[66,66,66,66,66,66,66,66,66,66,66,66,66,66,66,66,66,66,66,66,66,66,66,66,66,66,66,66,66,66,66,66,66,66,66,66,66,66,66,66,66,66,66,66,66,66,66,66,66,66],"card_choices":[{"not_picked":["All Out Attack","Outmaneuver"],"picked":"Noxious Fumes","floor":1},{"not_picked":["Deflect","Blade Dance"],"picked":"Dash","floor":2},{"not_picked":["Escape Plan","Slice"],"picked":"Caltrops","floor":5},{"not_picked":["Flying Knee","Deadly Poison"],"picked":"Leg Sweep","floor":7},{"not_picked":["Infinite Blades","Poisoned Stab","Accuracy"],"picked":"SKIP","floor":10},{"not_picked":["Flying Knee","Phantasmal Killer","Storm of Steel"],"picked":"SKIP","floor":11},{"not_picked":["Skewer","Dagger Throw"],"picked":"Deflect","floor":12},{"not_picked":["Finisher","Quick Slash","Dagger Spray"],"picked":"SKIP","floor":13},{"not_picked":["Dagger Spray","Distraction"],"picked":"PiercingWail","floor":14},{"not_picked":["Storm of Steel","Corpse Explosion"],"picked":"Adrenaline","floor":16},{"not_picked":["Flechettes","Outmaneuver"],"picked":"Footwork","floor":18},{"not_picked":["Masterful Stab","Slice","Tactician"],"picked":"SKIP","floor":21},{"not_picked":["Masterful Stab","Prepared","Slice"],"picked":"SKIP","floor":23},{"not_picked":["Prepared","Slice"],"picked":"Deflect","floor":25},{"not_picked":["Endless Agony","Sucker Punch"],"picked":"Footwork","floor":29},{"not_picked":["Deadly Poison","Dagger Spray"],"picked":"Die Die Die","floor":30},{"not_picked":["Underhanded Strike","Acrobatics"],"picked":"Terror+1","floor":31},{"not_picked":["Tools of the Trade","Storm of Steel"],"picked":"Envenom","floor":33},{"not_picked":["Endless Agony+1"],"picked":"SKIP","floor":35},{"not_picked":[],"picked":"Backflip","floor":37},{"not_picked":["Sucker Punch"],"picked":"SKIP","floor":39},{"not_picked":[],"picked":"Malaise","floor":41},{"not_picked":["Bane"],"picked":"SKIP","floor":45},{"not_picked":[],"picked":"Caltrops+1","floor":46},{"not_picked":["Riddle With Holes+1"],"picked":"SKIP","floor":48}],"player_experience":611776,"relics_obtained":[{"floor":7,"key":"Meat on the Bone"},{"floor":9,"key":"Snake Skull"},{"floor":11,"key":"StoneCalendar"},{"floor":19,"key":"Red Mask"},{"floor":23,"key":"Centennial Puzzle"},{"floor":25,"key":"Letter Opener"},{"floor":26,"key":"Bag of Marbles"},{"floor":29,"key":"Kunai"},{"floor":36,"key":"Ornamental Fan"},{"floor":41,"key":"Pen Nib"},{"floor":43,"key":"Potion Belt"}],"event_choices":[{"damage_healed":0,"gold_gain":0,"player_choice":"Bought 0 Potions","damage_taken":0,"max_hp_gain":0,"max_hp_loss":0,"event_name":"The Woman in Blue","floor":4,"gold_loss":0},{"damage_healed":0,"gold_gain":0,"player_choice":"Fought Bandits","damage_taken":0,"max_hp_gain":0,"max_hp_loss":0,"event_name":"Masked Bandits","floor":19,"gold_loss":0},{"cards_removed":["Strike_G"],"damage_healed":0,"gold_gain":0,"player_choice":"Upgrade and Remove","damage_taken":0,"max_hp_gain":0,"max_hp_loss":0,"event_name":"Designer","floor":20,"gold_loss":110,"cards_upgraded":["Storm of Steel"]},{"damage_healed":0,"gold_gain":0,"player_choice":"Ignored","damage_taken":0,"max_hp_gain":0,"max_hp_loss":0,"event_name":"Ghosts","floor":22,"gold_loss":0},{"damage_healed":0,"gold_gain":0,"player_choice":"Memory 1","damage_taken":0,"max_hp_gain":0,"max_hp_loss":0,"event_name":"SensoryStone","floor":38,"gold_loss":0},{"damage_healed":0,"gold_gain":0,"player_choice":"Ignored","damage_taken":0,"max_hp_gain":0,"max_hp_loss":0,"event_name":"Mysterious Sphere","floor":42,"gold_loss":0},{"cards_removed":["Well Laid Plans"],"damage_healed":0,"gold_gain":0,"player_choice":"Removed Power","damage_taken":0,"max_hp_gain":0,"max_hp_loss":0,"event_name":"Falling","floor":44,"gold_loss":0}],"is_beta":false,"boss_relics":[{"not_picked":["Ring of the Serpent","Snecko Eye"],"picked":"Runic Pyramid"},{"not_picked":["Velvet Choker","White Beast Statue"],"picked":"Busted Crown"}],"items_purged_floors":[27],"is_endless":false,"potions_floor_spawned":[1,5,11,14,18,25,29,31,39,41,48],"ascension_level":15}