{"gold_per_floor":[116,41,59,24,24,24,36,36,62,82,82,142,157,157,157,229,229,239,289,309,129,139,139,156,156,156,175,175,225,225,241,241,314,314,324,324,324,10,25,55,73,73,73,83,100,100,129,149,149,149,149],"floor_reached":51,"playtime":2189,"items_purged":["Strike_B","Strike_B"],"score":1398,"play_id":"3b63053b-a618-46a8-a459-7bcaaae33e0e","local_time":"20190326035130","is_ascension_mode":true,"campfire_choices":[{"data":"Undo","floor":6.0,"key":"SMITH"},{"data":"Dualcast","floor":8.0,"key":"SMITH"},{"data":"Tempest","floor":11.0,"key":"SMITH"},{"data":"Hologram","floor":15.0,"key":"SMITH"},{"data":"Darkness","floor":23,"key":"SMITH"},{"data":"Conserve Battery","floor":25,"key":"SMITH"},{"data":"Capacitor","floor":28,"key":"SMITH"},{"floor":32,"key":"REST"},{"floor":46,"key":"RECALL"},{"data":"Redo","floor":49,"key":"SMITH"}],"neow_cost":"PERCENT_DAMAGE","seed_source_timestamp":1049507039367500,"circlet_count":0,"master_deck":["AscendersBane","Zap+1","Dualcast+1","Consume+1","Undo+1","Tempest+1","Cold Snap","Self Repair","Hologram+1","Seek","Capacitor+1","Darkness+1","Conserve Battery+1","White Noise+1","Seek+1","Heatsinks+1","Chill+1","Aggregate+1","Undo+1","Coolheaded+1","Purity","Conserve Battery+1","Double Energy","Recycle+1","Redo+1"],"special_seed":0,"relics":["Cracked Core","Boot","DataDisk","Empty Cage","Bottled Lightning","Astrolabe","War Paint","Happy Flower","Mango","Gremlin Horn","PreservedInsect"],"potions_floor_usage":[31,50,50],"damage_taken":[{"damage":10.0,"enemies":"Small Slimes","floor":1.0,"turns":5.0},{"damage":0.0,"enemies":"2 Louse","floor":3.0,"turns":3.0},{"damage":0.0,"enemies":"Jaw Worm","floor":7.0,"turns":3.0},{"damage":0.0,"enemies":"Exordium Wildlife","floor":10.0,"turns":2.0},{"damage":4.0,"enemies":"Lagavulin Event","floor":12.0,"turns":5.0},{"damage":1.0,"enemies":"3 Louse","floor":13.0,"turns":4.0},{"damage":20.0,"enemies":"The Guardian","floor":16.0,"turns":13.0},{"damage":4.0,"enemies":"2 Thieves","floor":18.0,"turns":5.0},{"damage":0.0,"enemies":"Chosen","floor":20.0,"turns":4.0},{"damage":12,"enemies":"Centurion and Healer","floor":22,"turns":5},{"damage":11,"enemies":"Sentry and Sphere","floor":24,"turns":5},{"damage":20,"enemies":"Snecko","floor":27,"turns":4},{"damage":6,"enemies":"Shelled Parasite and Fungi","floor":31,"turns":5},{"damage":38,"enemies":"Automaton","floor":33,"turns":9},{"damage":7,"enemies":"Orb Walker","floor":35,"turns":4},{"damage":0,"enemies":"3 Darklings","floor":39,"turns":7},{"damage":12,"enemies":"Nemesis","floor":40,"turns":9},{"damage":35,"enemies":"Maw","floor":41,"turns":8},{"damage":2,"enemies":"Writhing Mass","floor":44,"turns":8},{"damage":0,"enemies":"Sphere and 2 Shapes","floor":45,"turns":5},{"damage":0,"enemies":"Giant Head","floor":47,"turns":10},{"damage":0,"enemies":"3 Darklings","floor":48,"turns":7},{"damage":62,"enemies":"Time Eater","floor":50,"turns":13},{"damage":26,"enemies":"Awakened One","floor":51,"turns":3}],"seed_played":"3579666153311039087","potions_obtained":[{"floor":1.0,"key":"PowerPotion"},{"floor":10.0,"key":"FocusPotion"},{"floor":13.0,"key":"Ancient Potion"},{"floor":27,"key":"SkillPotion"},{"floor":40,"key":"SteroidPotion"},{"floor":45,"key":"Block Potion"},{"floor":48,"key":"SkillPotion"}],"is_trial":false,"path_per_floor":["M","$","M","?","?","R","M","R","T","M","R","?","M","T","R","B",null,"M","?","M","$","M","R","M","R","T","M","R","?","?","M","R","B",null,"M","?","?","$","M","E","M","?","T","M","M","R","E","M","R","B","B"],"character_chosen":"DEFECT","items_purchased":["Darkness","Coolheaded","War Paint","Purity"],"campfire_rested":1,"item_purchase_floors":[21,38,38,38],"current_hp_per_floor":[36,36,36,53,32,32,32,32,32,32,32,28,27,27,27,14,57,60,53,60,60,55,55,51,51,51,38,38,38,38,32,53,22,59,59,59,59,59,66,61,33,47,47,52,59,59,66,73,73,18,0],"gold":149,"neow_bonus":"TRANSFORM_TWO_CARDS","is_prod":false,"is_daily":false,"chose_seed":false,"campfire_upgraded":8,"win_rate":0,"timestamp":1553539890,"path_taken":["M","$","M","?","?","R","M","R","T","M","R","?","?","?","R","BOSS","M","?","M","$","M","R","?","R","T","M","R","?","?","M","R","BOSS","M","?","?","$","M","E","?","?","T","?","M","R","E","M","R","BOSS","BOSS"],"build_version":"2019-01-23","purchased_purges":2,"victory":false,"max_hp_per_floor":[71,71,71,71,71,71,71,71,71,71,71,71,71,71,71,71,71,71,71,71,71,71,71,71,71,71,71,71,71,71,71,71,71,71,71,71,71,71,71,71,71,85,85,85,85,85,85,85,85,85,85],"card_choices":[{"not_picked":["Redo","Beam Cell"],"picked":"Tempest","floor":1.0},{"not_picked":["Ball Lightning","Sweeping Beam","Barrage"],"picked":"SKIP","floor":3.0},{"not_picked":["Gash","Go for the Eyes"],"picked":"Cold Snap","floor":7.0},{"not_picked":["Streamline","Melter","FTL"],"picked":"SKIP","floor":10.0},{"not_picked":["Streamline","Barrage"],"picked":"Self Repair","floor":12.0},{"not_picked":["Double Energy","Fission"],"picked":"Hologram","floor":13.0},{"not_picked":["Reboot","All For One"],"picked":"Seek","floor":16.0},{"not_picked":["Barrage+1","Ball Lightning"],"picked":"Capacitor","floor":18.0},{"not_picked":["Stack","Aggregate"],"picked":"Tempest+1","floor":20.0},{"not_picked":["Aggregate","Sweeping Beam","Stack"],"picked":"SKIP","floor":22},{"not_picked":["Sweeping Beam","Sunder"],"picked":"Conserve Battery","floor":24},{"not_picked":["Compile Driver","Barrage","Redo"],"picked":"SKIP","floor":27},{"not_picked":["Hologram","Leap"],"picked":"White Noise+1","floor":31},{"not_picked":["Buffer","Rainbow"],"picked":"Seek","floor":33},{"not_picked":["Hologram","Stack","Ball Lightning"],"picked":"SKIP","floor":35},{"not_picked":["Sweeping Beam","Genetic Algorithm"],"picked":"Conserve Battery+1","floor":39},{"not_picked":["Conserve Battery","Ball Lightning"],"picked":"Double Energy","floor":40},{"not_picked":["Darkness","Double Energy","Ball Lightning"],"picked":"SKIP","floor":41},{"not_picked":["Darkness","Double Energy","Ball Lightning"],"picked":"SKIP","floor":41},{"not_picked":["Hyperbeam","Go for the Eyes","Glacier"],"picked":"SKIP","floor":44},{"not_picked":["Streamline+1","Self Repair","Tempest+1"],"picked":"SKIP","floor":45},{"not_picked":["Steam+1","Tempest+1"],"picked":"Recycle+1","floor":47},{"not_picked":["Compile Driver","Scrape"],"picked":"Redo","floor":48}],"player_experience":4634089,"relics_obtained":[{"floor":9.0,"key":"Boot"},{"floor":12.0,"key":"DataDisk"},{"floor":26,"key":"Bottled Lightning"},{"floor":40,"key":"Happy Flower"},{"floor":43,"key":"Gremlin Horn"},{"floor":47,"key":"PreservedInsect"}],"event_choices":[{"damage_healed":17.0,"max_hp_gain":0.0,"max_hp_loss":0.0,"gold_gain":0.0,"event_name":"The Cleric","player_choice":"Healed","floor":4.0,"gold_loss":35.0,"damage_taken":0.0},{"damage_healed":0.0,"max_hp_gain":0.0,"max_hp_loss":0.0,"gold_gain":0.0,"event_name":"Shining Light","player_choice":"Entered Light","floor":5.0,"gold_loss":0.0,"damage_taken":21.0,"cards_upgraded":["Zap","Consume"]},{"damage_healed":0.0,"max_hp_gain":0.0,"max_hp_loss":0.0,"gold_gain":0.0,"event_name":"Dead Adventurer","player_choice":"Searched \u00271\u0027 times","floor":12.0,"gold_loss":0.0,"damage_taken":0.0},{"damage_healed":0.0,"max_hp_gain":0.0,"max_hp_loss":0.0,"gold_gain":50.0,"event_name":"FaceTrader","player_choice":"Touch","floor":19.0,"gold_loss":0.0,"damage_taken":7.0},{"damage_healed":0,"gold_gain":50,"player_choice":"Stole From Cult","damage_taken":0,"max_hp_gain":0,"max_hp_loss":0,"event_name":"Nest","floor":29,"gold_loss":0},{"damage_healed":0,"gold_gain":0,"player_choice":"Ignored","damage_taken":0,"max_hp_gain":0,"max_hp_loss":0,"event_name":"Ghosts","floor":30,"gold_loss":0},{"damage_healed":0,"gold_gain":0,"player_choice":"Ignored","damage_taken":0,"max_hp_gain":0,"max_hp_loss":0,"event_name":"Tomb of Lord Red Mask","floor":36,"gold_loss":0},{"damage_healed":0,"gold_gain":0,"player_choice":"Copied","damage_taken":0,"max_hp_gain":0,"max_hp_loss":0,"event_name":"Duplicator","floor":37,"gold_loss":0,"cards_obtained":["Undo"]},{"damage_healed":0,"gold_gain":0,"player_choice":"Gave Potion","damage_taken":0,"relics_obtained":["Mango"],"max_hp_gain":0,"max_hp_loss":0,"event_name":"WeMeetAgain","floor":42,"gold_loss":0}],"is_beta":false,"boss_relics":[{"not_picked":["Nuclear Battery","Pandora\u0027s Box"],"picked":"Empty Cage"},{"not_picked":["Runic Dome","Orrery"],"picked":"Astrolabe"}],"items_purged_floors":[2,21],"is_endless":false,"potions_floor_spawned":[1,10,13,27,40,45,48],"killed_by":"Awakened One","ascension_level":20}