{"gold_per_floor":[14,28,28,28,48,48,83,97,169,18,29,29,29,41,41,146,146,162,179,179,199,67,67,67,67,67,67,28,41,41,110,110,207,207,223,49,0,10,110,110,144,144,144,176,194,49,65,92,92,92],"floor_reached":51,"playtime":4131,"items_purged":["Strike_G","Strike_G+1"],"score":1331,"play_id":"903e8714-c6af-4609-ad92-68822eb2768e","local_time":"20190113154321","is_ascension_mode":true,"campfire_choices":[{"data":"Neutralize","floor":6,"key":"SMITH"},{"floor":13,"key":"REST"},{"data":"Dagger Spray","floor":15,"key":"SMITH"},{"floor":23,"key":"REST"},{"floor":25,"key":"REST"},{"data":"Calculated Gamble","floor":30,"key":"SMITH"},{"floor":32,"key":"REST"},{"data":"Reflex","floor":40,"key":"SMITH"},{"data":"Footwork","floor":42,"key":"SMITH"},{"data":"Noxious Fumes","floor":49,"key":"SMITH"}],"neow_cost":"NO_GOLD","seed_source_timestamp":258961273557488,"circlet_count":0,"master_deck":["Defend_G+1","Defend_G+1","Defend_G+1","Defend_G+1","Survivor","Neutralize+1","Well Laid Plans","Calculated Gamble+1","Dagger Spray+1","Reflex+1","Footwork+1","Backflip+1","Escape Plan+1","A Thousand Cuts","Deadly Poison+1","Acrobatics+1","Noxious Fumes+1","Slice","Escape Plan+1","Tactician+1","Madness+1","Setup+1","Burst+1","Blur+1","Dodge and Roll+1","Setup+1","PiercingWail+1","Deflect+1","Tactician+1","Terror+1"],"relics":["Ring of the Snake","Calipers","Tough Bandages","Vajra","Toxic Egg 2","Empty Cage","Snake Skull","Singing Bowl","Orrery","Red Mask","Torii","Ninja Scroll","Blue Candle","Pear","Blood Vial","Kunai"],"potions_floor_usage":[7,16,16,19,21,38,38,44,45,50,50],"damage_taken":[{"damage":3,"enemies":"2 Louse","floor":1,"turns":4},{"damage":9,"enemies":"Cultist","floor":2,"turns":6},{"damage":0,"enemies":"Small Slimes","floor":5,"turns":4},{"damage":24,"enemies":"3 Sentries","floor":7,"turns":12},{"damage":10,"enemies":"2 Fungi Beasts","floor":8,"turns":3},{"damage":0,"enemies":"3 Louse","floor":11,"turns":3},{"damage":7,"enemies":"Exordium Wildlife","floor":14,"turns":8},{"damage":0,"enemies":"Slime Boss","floor":16,"turns":11},{"damage":4,"enemies":"Shell Parasite","floor":18,"turns":8},{"damage":19,"enemies":"2 Thieves","floor":19,"turns":4},{"damage":20,"enemies":"Snake Plant","floor":21,"turns":5},{"damage":11,"enemies":"3 Cultists","floor":29,"turns":4},{"damage":0,"enemies":"Collector","floor":33,"turns":9},{"damage":0,"enemies":"3 Darklings","floor":35,"turns":7},{"damage":0,"enemies":"Orb Walker","floor":38,"turns":5},{"damage":4,"enemies":"Mind Bloom Boss Battle","floor":39,"turns":8},{"damage":1,"enemies":"Nemesis","floor":41,"turns":13},{"damage":38,"enemies":"Reptomancer","floor":44,"turns":8},{"damage":0,"enemies":"4 Shapes","floor":45,"turns":7},{"damage":0,"enemies":"Writhing Mass","floor":47,"turns":8},{"damage":0,"enemies":"Nemesis","floor":48,"turns":11},{"damage":0,"enemies":"Donu and Deca","floor":50,"turns":13}],"seed_played":"-2418293059685837134","potions_obtained":[{"floor":2,"key":"Poison Potion"},{"floor":5,"key":"FearPotion"},{"floor":8,"key":"Dexterity Potion"},{"floor":11,"key":"SteroidPotion"},{"floor":16,"key":"Energy Potion"},{"floor":19,"key":"Fire Potion"},{"floor":29,"key":"Energy Potion"},{"floor":38,"key":"FearPotion"},{"floor":41,"key":"Dexterity Potion"},{"floor":44,"key":"Fire Potion"},{"floor":48,"key":"Explosive Potion"}],"is_trial":false,"path_per_floor":["M","M","?","?","M","R","E","M","T","$","M","?","R","M","R","B",null,"M","M","?","M","$","R","?","R","T","?","$","M","R","T","R","B",null,"M","$","?","M","?","R","E","R","T","E","M","$","M","E","R","B",null],"character_chosen":"THE_SILENT","items_purchased":["Footwork","Tactician+1","Madness+1","Setup+1","Deflect+1","Swift Potion","Blood Vial"],"campfire_rested":4,"item_purchase_floors":[10,22,22,28,36,36,46],"current_hp_per_floor":[60,51,51,51,51,51,27,17,17,17,17,17,38,31,31,31,60,56,37,37,17,17,38,25,47,47,47,47,36,36,36,58,58,73,75,75,75,75,73,73,72,72,72,46,48,48,52,56,56,58],"gold":92,"neow_bonus":"ONE_RARE_RELIC","is_prod":false,"is_daily":false,"chose_seed":false,"campfire_upgraded":6,"win_rate":0,"timestamp":1547361801,"path_taken":["M","M","?","?","M","R","E","M","T","$","?","?","R","M","R","BOSS","M","M","?","M","$","R","?","R","T","?","$","?","R","?","R","BOSS","M","$","?","M","?","R","E","R","T","E","M","$","M","E","R","BOSS"],"build_version":"2019-01-10","purchased_purges":2,"victory":true,"max_hp_per_floor":[70,70,70,70,70,70,70,70,70,70,70,70,70,70,70,70,70,70,70,70,70,70,70,75,75,75,75,75,75,75,75,75,75,77,79,79,79,79,81,81,81,81,81,93,95,95,97,99,99,99],"card_choices":[{"not_picked":["Dagger Spray","Riddle With Holes"],"picked":"Well Laid Plans","floor":1},{"not_picked":["Dagger Spray","Outmaneuver"],"picked":"Calculated Gamble","floor":2},{"not_picked":["Heel Hook","Endless Agony","Setup"],"picked":"SKIP","floor":5},{"not_picked":["Outmaneuver","Setup"],"picked":"Dagger Spray","floor":7},{"not_picked":["Dagger Throw","Distraction"],"picked":"Reflex","floor":8},{"not_picked":["Bullet Time+1","Concentrate+1"],"picked":"Backflip+1","floor":11},{"not_picked":["Masterful Stab","Dagger Spray"],"picked":"Escape Plan+1","floor":14},{"not_picked":["Tools of the Trade","Night Terror+1"],"picked":"A Thousand Cuts","floor":16},{"not_picked":["Expertise+1","Reflex+1"],"picked":"Deadly Poison+1","floor":18},{"not_picked":["Finisher","Slice"],"picked":"Acrobatics+1","floor":19},{"not_picked":["All Out Attack","Footwork"],"picked":"Escape Plan+1","floor":21},{"not_picked":["Finisher","Poisoned Stab","Backstab"],"picked":"SKIP","floor":29},{"not_picked":["Doppelganger+1","Wraith Form v2"],"picked":"Burst+1","floor":33},{"not_picked":["Dagger Spray","Slice"],"picked":"Blur+1","floor":34},{"not_picked":["Sucker Punch","Eviscerate"],"picked":"Dodge and Roll+1","floor":34},{"not_picked":["Dagger Spray","Distraction+1"],"picked":"Setup+1","floor":34},{"not_picked":["Predator","Noxious Fumes","Deflect+1"],"picked":"Singing Bowl","floor":34},{"not_picked":["Deadly Poison+1","Poisoned Stab"],"picked":"PiercingWail+1","floor":34},{"not_picked":["Dagger Spray","Bane+1","Sucker Punch"],"picked":"Singing Bowl","floor":35},{"not_picked":["Accuracy+1","Blade Dance+1"],"picked":"Tactician+1","floor":38},{"not_picked":["Backstab","Blade Dance+1","Quick Slash"],"picked":"Singing Bowl","floor":39},{"not_picked":["Noxious Fumes","Deadly Poison+1"],"picked":"Terror+1","floor":41},{"not_picked":["Dagger Throw","Accuracy+1","PiercingWail+1"],"picked":"Singing Bowl","floor":44},{"not_picked":["Infinite Blades+1","Bane+1","Backstab+1"],"picked":"Singing Bowl","floor":45},{"not_picked":["Storm of Steel+1","Deflect+1","Distraction+1"],"picked":"Singing Bowl","floor":47},{"not_picked":["Calculated Gamble+1","Well Laid Plans","PiercingWail+1"],"picked":"Singing Bowl","floor":48}],"player_experience":354760,"relics_obtained":[{"floor":7,"key":"Vajra"},{"floor":9,"key":"Toxic Egg 2"},{"floor":26,"key":"Snake Skull"},{"floor":31,"key":"Singing Bowl"},{"floor":39,"key":"Torii"},{"floor":41,"key":"Ninja Scroll"},{"floor":43,"key":"Blue Candle"},{"floor":44,"key":"Pear"},{"floor":48,"key":"Kunai"}],"event_choices":[{"damage_healed":0,"gold_gain":0,"player_choice":"Leave","damage_taken":0,"max_hp_gain":0,"max_hp_loss":0,"event_name":"The Cleric","floor":3,"gold_loss":0},{"damage_healed":0,"gold_gain":0,"player_choice":"Gave Potion","damage_taken":0,"relics_obtained":["Tough Bandages"],"max_hp_gain":0,"max_hp_loss":0,"event_name":"WeMeetAgain","floor":4,"gold_loss":0},{"damage_healed":0,"gold_gain":0,"player_choice":"Fled","damage_taken":0,"max_hp_gain":0,"max_hp_loss":0,"event_name":"Scrap Ooze","floor":12,"gold_loss":0},{"damage_healed":0,"gold_gain":0,"cards_transformed":["Strike_G","Strike_G"],"player_choice":"Became Test Subject","damage_taken":0,"max_hp_gain":0,"max_hp_loss":0,"event_name":"Drug Dealer","floor":20,"gold_loss":0,"cards_obtained":["Noxious Fumes","Slice"]},{"damage_healed":0,"gold_gain":0,"player_choice":"Shed Blood","damage_taken":18,"max_hp_gain":5,"max_hp_loss":0,"event_name":"Forgotten Altar","floor":24,"gold_loss":0},{"damage_healed":0,"gold_gain":0,"player_choice":"Simplicity","damage_taken":0,"max_hp_gain":0,"max_hp_loss":0,"event_name":"Back to Basics","floor":27,"gold_loss":0,"cards_upgraded":["Defend_G","Defend_G","Defend_G","Defend_G","Strike_G"]},{"damage_healed":0,"gold_gain":0,"player_choice":"Paid","damage_taken":0,"relics_obtained":["Red Mask"],"max_hp_gain":0,"max_hp_loss":0,"event_name":"Tomb of Lord Red Mask","floor":37,"gold_loss":49},{"damage_healed":0,"gold_gain":0,"player_choice":"Fight","damage_taken":0,"max_hp_gain":0,"max_hp_loss":0,"event_name":"MindBloom","floor":39,"gold_loss":0}],"is_beta":false,"boss_relics":[{"not_picked":["White Beast Statue","HoveringKite"],"picked":"Empty Cage"},{"not_picked":["Runic Pyramid","Fusion Hammer"],"picked":"Orrery"}],"items_purged_floors":[10,36],"is_endless":false,"potions_floor_spawned":[2,5,8,11,16,19,29,38,41,44,48],"ascension_level":8}