{"gold_per_floor":[118,118,118,133,34,34,54,54,54,69,103,122,141,141,141,260,260,281,304,320,344,360,360,111,149,149,149,64,64,64,85,85,85],"floor_reached":33,"playtime":1856,"items_purged":["Strike_R","Strike_R"],"score":350,"play_id":"827cc80c-7632-40a4-80da-8a12571b7084","local_time":"20190114225447","is_ascension_mode":true,"campfire_choices":[{"data":"Bash","floor":6,"key":"SMITH"},{"data":"Wild Strike","floor":8,"key":"SMITH"},{"data":"Entrench","floor":15,"key":"SMITH"},{"data":"Body Slam","floor":23,"key":"SMITH"},{"floor":27,"key":"REST"},{"floor":32,"key":"REST"}],"neow_cost":"NONE","seed_source_timestamp":373533615871953,"circlet_count":0,"master_deck":["Strike_R+1","Defend_R+1","Defend_R+1","Defend_R+1","Defend_R+1","Bash+1","Panacea","Wild Strike+1","Twin Strike","Pommel Strike","Cleave","Shrug It Off","Entrench+1","Flame Barrier","Impervious","Immolate","Power Through","Body Slam+1","Body Slam+1","Inflame","Flex+1","Burning Pact"],"relics":["Burning Blood","Gremlin Horn","Omamori","Golden Idol","Empty Cage","Bronze Scales","Kunai","Strawberry","WingedGreaves"],"potions_floor_usage":[16,16,20,21,21,21,22,25,33],"damage_taken":[{"damage":2,"enemies":"2 Louse","floor":1,"turns":3},{"damage":12,"enemies":"Jaw Worm","floor":4,"turns":3},{"damage":0,"enemies":"Cultist","floor":7,"turns":2},{"damage":7,"enemies":"2 Fungi Beasts","floor":10,"turns":3},{"damage":9,"enemies":"3 Sentries","floor":11,"turns":7},{"damage":8,"enemies":"Blue Slaver","floor":12,"turns":2},{"damage":1,"enemies":"Exordium Wildlife","floor":13,"turns":3},{"damage":54,"enemies":"Hexaghost","floor":16,"turns":11},{"damage":12,"enemies":"Chosen","floor":18,"turns":5},{"damage":22,"enemies":"3 Byrds","floor":19,"turns":7},{"damage":12,"enemies":"3 Cultists","floor":20,"turns":4},{"damage":0,"enemies":"Snake Plant","floor":21,"turns":2},{"damage":7,"enemies":"Cultist and Chosen","floor":22,"turns":4},{"damage":40,"enemies":"Gremlin Leader","floor":25,"turns":7},{"damage":8,"enemies":"Chosen and Byrds","floor":31,"turns":4},{"damage":86,"enemies":"Collector","floor":33,"turns":7}],"seed_played":"-6284225411750053144","potions_obtained":[{"floor":1,"key":"SteroidPotion"},{"floor":4,"key":"BloodPotion"},{"floor":11,"key":"SteroidPotion"},{"floor":20,"key":"EntropicBrew"},{"floor":22,"key":"LiquidBronze"},{"floor":31,"key":"Swift Potion"}],"is_trial":false,"path_per_floor":["M","?","?","M","$","R","M","R","T","M","E","M","M","?","R","B",null,"M","M","M","M","M","R","$","E","T","R","?","?","$","M","R","B"],"character_chosen":"IRONCLAD","items_purchased":["Pommel Strike","Bronze Scales"],"campfire_rested":2,"item_purchase_floors":[5,24],"current_hp_per_floor":[76,60,80,74,74,74,80,80,80,79,76,74,79,59,59,19,65,59,43,37,43,42,42,42,8,15,41,41,41,41,39,65,0],"gold":85,"neow_bonus":"RANDOM_COLORLESS","is_prod":false,"is_daily":false,"chose_seed":false,"campfire_upgraded":4,"win_rate":0,"timestamp":1547474087,"path_taken":["M","?","?","M","$","R","M","R","T","M","E","?","M","?","R","BOSS","M","M","M","M","M","R","$","E","T","R","?","?","?","?","R","BOSS"],"build_version":"2019-01-10","purchased_purges":2,"victory":false,"max_hp_per_floor":[80,80,80,80,80,80,80,80,80,80,80,80,80,80,80,80,80,80,80,80,80,80,80,80,80,87,87,87,87,87,87,87,87],"card_choices":[{"not_picked":["Sentinel","Rampage"],"picked":"Wild Strike","floor":1},{"not_picked":["Sword Boomerang","Sentinel"],"picked":"Twin Strike","floor":4},{"not_picked":["Armaments","Combust"],"picked":"Cleave","floor":7},{"not_picked":["Heavy Blade","Sever Soul"],"picked":"Shrug It Off","floor":10},{"not_picked":["Wild Strike","Shrug It Off"],"picked":"Entrench","floor":11},{"not_picked":["Intimidate","Searing Blow"],"picked":"Flame Barrier","floor":12},{"not_picked":["Anger","Iron Wave"],"picked":"Impervious","floor":13},{"not_picked":["Exhume","Juggernaut"],"picked":"Immolate","floor":16},{"not_picked":["Uppercut","Havoc"],"picked":"Power Through","floor":18},{"not_picked":["Wild Strike+1","Clash"],"picked":"Body Slam","floor":19},{"not_picked":["Cleave","Armaments"],"picked":"Body Slam+1","floor":20},{"not_picked":["Sword Boomerang","Sever Soul+1","Havoc"],"picked":"SKIP","floor":21},{"not_picked":["Twin Strike","Body Slam"],"picked":"Inflame","floor":22},{"not_picked":["Heavy Blade","Wild Strike+1"],"picked":"Flex+1","floor":25},{"not_picked":["Bloodletting","Disarm"],"picked":"Burning Pact","floor":31}],"player_experience":367489,"relics_obtained":[{"floor":9,"key":"Gremlin Horn"},{"floor":11,"key":"Omamori"},{"floor":25,"key":"Kunai"},{"floor":26,"key":"Strawberry"}],"event_choices":[{"damage_healed":0,"gold_gain":0,"player_choice":"Entered Light","damage_taken":16,"max_hp_gain":0,"max_hp_loss":0,"event_name":"Shining Light","floor":2,"gold_loss":0,"cards_upgraded":["Defend_R","Strike_R"]},{"damage_healed":20,"gold_gain":0,"player_choice":"Full Heal","damage_taken":0,"max_hp_gain":0,"max_hp_loss":0,"event_name":"Wheel of Change","floor":3,"gold_loss":0},{"damage_healed":0,"gold_gain":0,"player_choice":"Take Damage","damage_taken":20,"relics_obtained":["Golden Idol"],"max_hp_gain":0,"max_hp_loss":0,"event_name":"Golden Idol","floor":14,"gold_loss":0},{"damage_healed":0,"gold_gain":0,"player_choice":"Obtained Relic","damage_taken":0,"relics_obtained":["WingedGreaves"],"max_hp_gain":0,"max_hp_loss":0,"event_name":"Addict","floor":28,"gold_loss":85},{"damage_healed":0,"gold_gain":0,"player_choice":"Simplicity","damage_taken":0,"max_hp_gain":0,"max_hp_loss":0,"event_name":"Back to Basics","floor":29,"gold_loss":0,"cards_upgraded":["Defend_R","Defend_R","Defend_R"]}],"is_beta":false,"boss_relics":[{"not_picked":["Eternal Feather","Tiny House"],"picked":"Empty Cage"}],"items_purged_floors":[5,24],"is_endless":false,"potions_floor_spawned":[1,4,11,20,22,31],"killed_by":"Collector","ascension_level":6}