{"gold_per_floor":[109,5,5,19,19,19,54,70,151,177,190,190,201,181,181,253,253,263,188,188,208,223,223,223],"floor_reached":24,"playtime":709,"items_purged":["Strike_B"],"score":427,"play_id":"b74e25bd-5e16-457a-a668-cef666038e9b","local_time":"20190413173855","is_ascension_mode":true,"campfire_choices":[{"data":"Static Discharge","floor":6.0,"key":"SMITH"},{"data":"Sunder","floor":12.0,"key":"SMITH"},{"data":"Zap","floor":15.0,"key":"SMITH"},{"floor":23.0,"key":"REST"}],"neow_cost":"NONE","seed_source_timestamp":92428319114255,"circlet_count":0,"master_deck":["AscendersBane","Strike_B","Strike_B","Defend_B","Defend_B","Defend_B","Defend_B","Zap+1","Dualcast","Static Discharge+1","Pain","Gash","Electrodynamics","Sunder+1","Capacitor","Cold Snap","Biased Cognition","Static Discharge","White Noise"],"special_seed":0,"relics":["Cracked Core","NeowsBlessing","PreservedInsect","WarpedTongs","DataDisk","Blue Candle","Fusion Hammer"],"potions_floor_usage":[],"damage_taken":[{"damage":0.0,"enemies":"2 Louse","floor":1.0,"turns":1.0},{"damage":0.0,"enemies":"Cultist","floor":4.0,"turns":1.0},{"damage":0.0,"enemies":"Lagavulin","floor":7.0,"turns":1.0},{"damage":9.0,"enemies":"Small Slimes","floor":8.0,"turns":4.0},{"damage":10.0,"enemies":"Gremlin Nob","floor":10.0,"turns":2.0},{"damage":10.0,"enemies":"Red Slaver","floor":11.0,"turns":2.0},{"damage":0.0,"enemies":"3 Louse","floor":13.0,"turns":4.0},{"damage":14.0,"enemies":"Hexaghost","floor":16.0,"turns":7.0},{"damage":18.0,"enemies":"Shell Parasite","floor":18.0,"turns":3.0},{"damage":18.0,"enemies":"2 Thieves","floor":21.0,"turns":3.0},{"damage":24.0,"enemies":"Snecko","floor":22.0,"turns":3.0},{"damage":39,"enemies":"Cultist and Chosen","floor":24,"turns":4}],"seed_played":"-8669998833140201779","potions_obtained":[{"floor":7.0,"key":"GamblersBrew"},{"floor":8.0,"key":"Regen Potion"},{"floor":11.0,"key":"SpeedPotion"},{"floor":13.0,"key":"Fire Potion"},{"floor":14.0,"key":"Explosive Potion"},{"floor":21.0,"key":"LiquidBronze"}],"is_trial":false,"path_per_floor":["M","$","?","M","?","R","E","M","T","E","M","R","M","?","R","B",null,"M","?","?","M","M","R","M"],"character_chosen":"DEFECT","items_purchased":["Hologram"],"campfire_rested":1,"item_purchase_floors":[2],"current_hp_per_floor":[64,64,64,64,64,64,64,55,55,45,35,35,35,35,35,21,59,41,41,41,23,11,32,0],"gold":223,"neow_bonus":"THREE_ENEMY_KILL","is_prod":false,"is_daily":false,"chose_seed":false,"campfire_upgraded":3,"win_rate":0,"timestamp":1555144735,"path_taken":["M","$","?","?","?","R","E","?","T","E","M","R","M","?","R","BOSS","M","?","?","M","M","R","M"],"build_version":"2019-04-04","purchased_purges":1,"victory":false,"max_hp_per_floor":[71,71,71,71,71,71,71,71,71,71,71,71,71,71,71,71,71,71,71,71,71,71,71,71],"card_choices":[{"not_picked":["Turbo","Redo","Stack"],"picked":"SKIP","floor":1.0},{"not_picked":["Coolheaded","Force Field"],"picked":"Static Discharge","floor":4.0},{"not_picked":["Coolheaded","Stack"],"picked":"Gash","floor":7.0},{"not_picked":["Coolheaded","Redo"],"picked":"Electrodynamics","floor":8.0},{"not_picked":["Rebound","Fusion"],"picked":"Sunder","floor":10.0},{"not_picked":["Coolheaded","Loop"],"picked":"Capacitor","floor":11.0},{"not_picked":["Compile Driver","Rainbow"],"picked":"Cold Snap","floor":13.0},{"not_picked":["Meteor Strike","Machine Learning"],"picked":"Biased Cognition","floor":16.0},{"not_picked":["Rebound","Turbo"],"picked":"Static Discharge","floor":18.0},{"not_picked":["Consume","Turbo+1","Streamline"],"picked":"SKIP","floor":21.0},{"not_picked":["Ball Lightning","Redo"],"picked":"White Noise","floor":22.0}],"player_experience":2926331,"relics_obtained":[{"floor":7.0,"key":"DataDisk"},{"floor":10.0,"key":"Blue Candle"}],"event_choices":[{"cards_removed":["Hologram"],"damage_healed":0.0,"max_hp_gain":0.0,"max_hp_loss":0.0,"gold_gain":0.0,"event_name":"WeMeetAgain","player_choice":"Gave Card","floor":3.0,"gold_loss":0.0,"damage_taken":0.0,"relics_obtained":["PreservedInsect"]},{"damage_healed":0.0,"max_hp_gain":0.0,"max_hp_loss":0.0,"gold_gain":0.0,"event_name":"Accursed Blacksmith","player_choice":"Rummage","floor":5.0,"gold_loss":0.0,"damage_taken":0.0,"relics_obtained":["WarpedTongs"],"cards_obtained":["Pain"]},{"damage_healed":0.0,"max_hp_gain":0.0,"max_hp_loss":0.0,"gold_gain":0.0,"event_name":"The Woman in Blue","player_choice":"Bought 1 Potion","floor":14.0,"gold_loss":0.0,"damage_taken":0.0},{"cards_removed":["Strike_B"],"damage_healed":0.0,"max_hp_gain":0.0,"max_hp_loss":0.0,"gold_gain":0.0,"event_name":"Beggar","player_choice":"Gave Gold","floor":19.0,"gold_loss":75.0,"damage_taken":0.0},{"damage_healed":0.0,"max_hp_gain":0.0,"max_hp_loss":0.0,"gold_gain":0.0,"event_name":"Cursed Tome","player_choice":"Ignored","floor":20.0,"gold_loss":0.0,"damage_taken":0.0}],"is_beta":true,"boss_relics":[{"not_picked":["Orrery","Pandora\u0027s Box"],"picked":"Fusion Hammer"}],"items_purged_floors":[2],"is_endless":false,"potions_floor_spawned":[7,8,11,13,21],"killed_by":"Cultist and Chosen","ascension_level":17}