{"gold_per_floor":[119,119,44,69,92,92,111,111,136,136,177,17,17,36,36,132,132,151,166,12,12,35,69,88,88,88,104,104,19,19,37,37,37],"floor_reached":33,"playtime":2285,"items_purged":["Strike_G","Strike_G"],"score":586,"play_id":"7da5445d-384f-4aab-a72b-72720ea718e0","local_time":"20190409022235","is_ascension_mode":true,"campfire_choices":[{"data":"Crippling Poison","floor":6.0,"key":"SMITH"},{"data":"Neutralize","floor":8.0,"key":"SMITH"},{"data":"Endless Agony","floor":10.0,"key":"SMITH"},{"data":"Footwork","floor":13.0,"key":"SMITH"},{"data":"Well Laid Plans","floor":15.0,"key":"SMITH"},{"floor":25,"key":"REST"},{"data":"Flechettes","floor":28,"key":"SMITH"},{"data":"RitualDagger","floor":30,"key":"SMITH"},{"data":"Bouncing Flask","floor":32,"key":"SMITH"}],"neow_cost":"NONE","seed_source_timestamp":3460149679435111,"circlet_count":0,"master_deck":["AscendersBane","Defend_G","Defend_G","Defend_G","Defend_G","Defend_G","Strike_G","Strike_G","Survivor","Neutralize+1","Endless Agony+1","Escape Plan","Crippling Poison+1","Well Laid Plans+1","Cloak And Dagger","Footwork+1","Envenom","Venomology","Flechettes+1","RitualDagger+1","Heel Hook","Cloak And Dagger","Well Laid Plans","Bullet Time","Bouncing Flask+1"],"special_seed":0,"relics":["Ring of the Snake","Potion Belt","Golden Idol","Pen Nib","Ancient Tea Set","White Beast Statue","Molten Egg 2","Anchor","Tingsha"],"potions_floor_usage":[16,18,19,22,22,22,23,23,24,27,31,33,33,33],"damage_taken":[{"damage":0.0,"enemies":"2 Louse","floor":1.0,"turns":3.0},{"damage":1.0,"enemies":"Small Slimes","floor":4.0,"turns":5.0},{"damage":7.0,"enemies":"Jaw Worm","floor":5.0,"turns":7.0},{"damage":11.0,"enemies":"Large Slime","floor":7.0,"turns":8.0},{"damage":15.0,"enemies":"Lagavulin","floor":11.0,"turns":7.0},{"damage":0.0,"enemies":"3 Louse","floor":14.0,"turns":2.0},{"damage":0,"enemies":"The Guardian","floor":16,"turns":11},{"damage":4,"enemies":"Shell Parasite","floor":18,"turns":9},{"damage":0,"enemies":"Chosen","floor":19,"turns":7},{"damage":18,"enemies":"Shelled Parasite and Fungi","floor":22,"turns":7},{"damage":4,"enemies":"Book of Stabbing","floor":23,"turns":7},{"damage":13,"enemies":"Snecko","floor":24,"turns":11},{"damage":6,"enemies":"Snake Plant","floor":27,"turns":6},{"damage":0,"enemies":"3 Cultists","floor":31,"turns":4},{"damage":33,"enemies":"Collector","floor":33,"turns":6}],"seed_played":"7901029715806106867","potions_obtained":[{"floor":4.0,"key":"Swift Potion"},{"floor":5.0,"key":"Energy Potion"},{"floor":14.0,"key":"Explosive Potion"},{"floor":18,"key":"Block Potion"},{"floor":19,"key":"Poison Potion"},{"floor":22,"key":"GamblersBrew"},{"floor":23,"key":"Swift Potion"},{"floor":24,"key":"Strength Potion"}],"is_trial":false,"path_per_floor":["M","?","?","M","M","R","M","R","T","R","E","$","R","M","R","B",null,"M","M","$","?","M","E","M","R","T","M","R","?","R","M","R","B"],"character_chosen":"THE_SILENT","items_purchased":["Footwork","PowerPotion"],"campfire_rested":1,"item_purchase_floors":[12,20],"current_hp_per_floor":[59,59,59,58,51,51,40,40,40,40,25,25,25,25,25,25,51,47,47,47,41,35,31,18,36,36,30,30,30,30,30,30,0],"gold":37,"neow_bonus":"RANDOM_COMMON_RELIC","is_prod":false,"is_daily":false,"chose_seed":false,"campfire_upgraded":8,"win_rate":0,"timestamp":1554744155,"path_taken":["M","?","?","M","M","R","M","R","T","R","E","$","R","M","R","BOSS","M","M","$","?","M","E","M","R","T","M","R","?","R","M","R","BOSS"],"build_version":"2019-04-04","purchased_purges":2,"victory":false,"max_hp_per_floor":[66,60,60,60,60,60,60,60,60,60,60,60,60,60,60,60,60,60,60,60,60,60,60,60,60,60,60,60,60,60,60,60,60],"card_choices":[{"not_picked":["Bane","Choke"],"picked":"Endless Agony","floor":1.0},{"not_picked":["Slice","Expertise"],"picked":"Escape Plan","floor":4.0},{"not_picked":["Caltrops","Dagger Spray"],"picked":"Crippling Poison","floor":5.0},{"not_picked":["Backflip","Catalyst"],"picked":"Well Laid Plans","floor":7.0},{"not_picked":["Sucker Punch","Underhanded Strike"],"picked":"Cloak And Dagger","floor":11.0},{"not_picked":["Underhanded Strike","Quick Slash"],"picked":"Envenom","floor":14.0},{"not_picked":["Wraith Form v2","Phantasmal Killer"],"picked":"Venomology","floor":16},{"not_picked":["Outmaneuver","Prepared","Deadly Poison"],"picked":"SKIP","floor":18},{"not_picked":["Prepared","Riddle With Holes"],"picked":"Flechettes","floor":19},{"not_picked":["Blade Dance","Flying Knee"],"picked":"Heel Hook","floor":22},{"not_picked":["Quick Slash","Choke"],"picked":"Cloak And Dagger","floor":23},{"not_picked":["Underhanded Strike+1","Deflect"],"picked":"Well Laid Plans","floor":24},{"not_picked":["Dagger Throw+1","Well Laid Plans"],"picked":"Bullet Time","floor":27},{"not_picked":["Slice+1","Flying Knee+1"],"picked":"Bouncing Flask","floor":31}],"player_experience":2861588,"relics_obtained":[{"floor":9.0,"key":"Pen Nib"},{"floor":11.0,"key":"Ancient Tea Set"},{"floor":23,"key":"Molten Egg 2"},{"floor":26,"key":"Anchor"}],"event_choices":[{"damage_healed":0.0,"max_hp_gain":0.0,"max_hp_loss":6.0,"gold_gain":0.0,"event_name":"Golden Idol","player_choice":"Lose Max HP","floor":2.0,"gold_loss":0.0,"damage_taken":0.0,"relics_obtained":["Golden Idol"]},{"cards_removed":["Strike_G"],"damage_healed":0.0,"max_hp_gain":0.0,"max_hp_loss":0.0,"gold_gain":0.0,"event_name":"The Cleric","player_choice":"Card Removal","floor":3.0,"gold_loss":75.0,"damage_taken":0.0},{"damage_healed":0,"gold_gain":0,"player_choice":"Joined the Cult","damage_taken":6,"max_hp_gain":0,"max_hp_loss":0,"event_name":"Nest","floor":21,"gold_loss":0,"cards_obtained":["RitualDagger"]},{"damage_healed":0,"gold_gain":0,"player_choice":"Obtained Relic","damage_taken":0,"relics_obtained":["Tingsha"],"max_hp_gain":0,"max_hp_loss":0,"event_name":"Addict","floor":29,"gold_loss":85}],"is_beta":true,"boss_relics":[{"not_picked":["HoveringKite","Lizard Tail"],"picked":"White Beast Statue"}],"items_purged_floors":[12,20],"is_endless":false,"potions_floor_spawned":[4,5,14,18,19,22,23,24,27,31],"killed_by":"Collector","ascension_level":17}