{"gold_per_floor":[18,18,18,31,47,47,74,74,128,53,71,89,89,100,100,171,171,191,208,35,54,73,73,88,102,154,154,154],"floor_reached":28,"playtime":1315,"items_purged":["Strike_B"],"score":448,"play_id":"c0766834-4f4e-4547-b252-593d34cd331e","local_time":"20190107214227","is_ascension_mode":true,"campfire_choices":[{"data":"Zap","floor":6,"key":"SMITH"},{"data":"Dualcast","floor":8,"key":"SMITH"},{"floor":15,"key":"REST"},{"floor":23,"key":"REST"},{"floor":27,"key":"REST"}],"neow_cost":"NO_GOLD","seed_source_timestamp":446158362748328,"circlet_count":0,"master_deck":["AscendersBane","Strike_B","Defend_B","Defend_B+1","Defend_B","Defend_B","Zap+1","Dualcast+1","Scrape+1","Rebound","Gash","Steam","Beam Cell","FTL","Coolheaded","Conserve Battery","Reboot","Creative AI","Scrape","Defragment","Go for the Eyes","Conserve Battery","Glacier"],"relics":["Cracked Core","Lantern","Art of War","Vajra","Sozu","Happy Flower","Bag of Marbles"],"potions_floor_usage":[7,16,18,18],"damage_taken":[{"damage":4,"enemies":"Small Slimes","floor":1,"turns":5},{"damage":0,"enemies":"2 Louse","floor":4,"turns":2},{"damage":1,"enemies":"Jaw Worm","floor":5,"turns":3},{"damage":24,"enemies":"Lagavulin","floor":7,"turns":5},{"damage":4,"enemies":"Lots of Slimes","floor":11,"turns":3},{"damage":2,"enemies":"Blue Slaver","floor":12,"turns":3},{"damage":0,"enemies":"3 Louse","floor":14,"turns":2},{"damage":8,"enemies":"The Guardian","floor":16,"turns":9},{"damage":9,"enemies":"Chosen","floor":18,"turns":4},{"damage":1,"enemies":"3 Byrds","floor":19,"turns":5},{"damage":6,"enemies":"3 Cultists","floor":21,"turns":3},{"damage":10,"enemies":"Centurion and Healer","floor":22,"turns":5},{"damage":11,"enemies":"Chosen and Byrds","floor":24,"turns":7},{"damage":26,"enemies":"Shelled Parasite and Fungi","floor":25,"turns":7},{"damage":44,"enemies":"Book of Stabbing","floor":28,"turns":3}],"seed_played":"5412602392275437696","potions_obtained":[{"floor":4,"key":"FocusPotion"},{"floor":7,"key":"Poison Potion"},{"floor":12,"key":"GamblersBrew"},{"floor":14,"key":"SteroidPotion"},{"floor":16,"key":"Fire Potion"}],"is_trial":false,"path_per_floor":["M","?","?","M","M","R","E","R","T","$","M","M","?","M","R","B",null,"M","M","$","M","M","R","M","M","T","R","E"],"character_chosen":"DEFECT","items_purchased":["Happy Flower"],"campfire_rested":3,"item_purchase_floors":[20],"current_hp_per_floor":[60,55,60,60,59,59,35,35,35,35,31,29,6,6,28,20,62,53,52,52,46,36,58,47,21,21,43,0],"gold":154,"neow_bonus":"TRANSFORM_TWO_CARDS","is_prod":false,"is_daily":false,"chose_seed":false,"campfire_upgraded":2,"win_rate":0,"timestamp":1546864947,"path_taken":["M","?","?","M","M","R","E","R","T","$","M","M","?","?","R","BOSS","M","M","$","M","M","R","M","M","T","R","E"],"build_version":"2019-01-03v4","purchased_purges":1,"victory":false,"max_hp_per_floor":[71,71,76,76,76,76,76,76,76,76,76,76,76,76,76,76,76,76,76,76,76,76,76,76,76,76,76,76],"card_choices":[{"not_picked":["Compile Driver","Barrage"],"picked":"Gash","floor":1},{"not_picked":["Streamline","Consume"],"picked":"Steam","floor":4},{"not_picked":["Compile Driver","Stack"],"picked":"Beam Cell","floor":5},{"not_picked":["Steam Power","Recycle"],"picked":"FTL","floor":7},{"not_picked":["Tempest","Ball Lightning"],"picked":"Coolheaded","floor":11},{"not_picked":["Hello World","Sweeping Beam"],"picked":"Conserve Battery","floor":12},{"not_picked":["Barrage","Chill"],"picked":"Reboot","floor":14},{"not_picked":["Machine Learning","Hyperbeam"],"picked":"Creative AI","floor":16},{"not_picked":["Darkness","Compile Driver"],"picked":"Scrape","floor":18},{"not_picked":["Beam Cell","Sweeping Beam","Redo"],"picked":"SKIP","floor":19},{"not_picked":["Hologram","Rebound"],"picked":"Defragment","floor":21},{"not_picked":["Compile Driver+1","Consume"],"picked":"Go for the Eyes","floor":22},{"not_picked":["Reprogram","Steam"],"picked":"Conserve Battery","floor":24},{"not_picked":["Streamline","Leap"],"picked":"Glacier","floor":25}],"player_experience":2615612,"relics_obtained":[{"floor":7,"key":"Art of War"},{"floor":9,"key":"Vajra"},{"floor":26,"key":"Bag of Marbles"}],"event_choices":[{"damage_healed":0,"gold_gain":0,"player_choice":"Success","damage_taken":5,"relics_obtained":["Lantern"],"max_hp_gain":0,"max_hp_loss":0,"event_name":"Scrap Ooze","floor":2,"gold_loss":0},{"damage_healed":0,"gold_gain":0,"player_choice":"Donut","damage_taken":0,"max_hp_gain":5,"max_hp_loss":0,"event_name":"Big Fish","floor":3,"gold_loss":0},{"damage_healed":0,"gold_gain":0,"player_choice":"Entered Light","damage_taken":23,"max_hp_gain":0,"max_hp_loss":0,"event_name":"Shining Light","floor":13,"gold_loss":0,"cards_upgraded":["Scrape","Defend_B"]}],"is_beta":true,"boss_relics":[{"not_picked":["FrozenCore","Eternal Feather"],"picked":"Sozu"}],"items_purged_floors":[10],"is_endless":false,"potions_floor_spawned":[4,7,12,14,16,19,22,24],"killed_by":"Book of Stabbing","ascension_level":20}