{"gold_per_floor":[109,128,128,146,221,221,231,231,231,231,231,20,20,50,50,122,122,135,148,98,12,24,24,54,54,78,78,92,92,104,120,120,120],"floor_reached":33,"playtime":5904,"items_purged":[],"score":490,"play_id":"0bc0b970-f687-4765-b2f0-3638f734a4d0","local_time":"20190317114340","is_ascension_mode":true,"campfire_choices":[{"data":"Venomology","floor":6,"key":"SMITH"},{"data":"Neutralize","floor":8,"key":"SMITH"},{"floor":11,"key":"REST"},{"data":"Dagger Spray","floor":13,"key":"SMITH"},{"data":"Deadly Poison","floor":15,"key":"SMITH"},{"floor":23,"key":"REST"},{"data":"Well Laid Plans","floor":25,"key":"SMITH"},{"floor":27,"key":"REST"},{"floor":32,"key":"REST"}],"neow_cost":"NONE","seed_source_timestamp":1503077023155277,"circlet_count":0,"master_deck":["AscendersBane","Defend_G","Defend_G","Defend_G","Defend_G","Defend_G","Strike_G","Strike_G+1","Strike_G","Strike_G+1","Survivor","Neutralize+1","Dagger Spray+1","Venomology+1","Deadly Poison+1","Flying Knee","Cloak And Dagger","Die Die Die+1","Slice+1","Sucker Punch+1","Well Laid Plans+1","Dagger Spray+1","Acrobatics","Dash+1","Bullet Time"],"relics":["Ring of the Serpent","NeowsBlessing","Lee\u0027s Waffle","Molten Egg 2","Frozen Egg 2","Juzu Bracelet","CultistMask"],"potions_floor_usage":[14,16,16,16,19,19,22,24,24,28,30,31,31],"damage_taken":[{"damage":0,"enemies":"2 Louse","floor":1,"turns":1},{"damage":0,"enemies":"Jaw Worm","floor":2,"turns":1},{"damage":0,"enemies":"Cultist","floor":4,"turns":1},{"damage":11,"enemies":"Red Slaver","floor":7,"turns":5},{"damage":10,"enemies":"3 Sentries","floor":14,"turns":4},{"damage":41,"enemies":"Slime Boss","floor":16,"turns":10},{"damage":16,"enemies":"2 Thieves","floor":18,"turns":4},{"damage":0,"enemies":"Chosen","floor":19,"turns":4},{"damage":26,"enemies":"Snecko","floor":22,"turns":8},{"damage":15,"enemies":"Slavers","floor":24,"turns":3},{"damage":20,"enemies":"Centurion and Healer","floor":28,"turns":5},{"damage":9,"enemies":"Shelled Parasite and Fungi","floor":30,"turns":9},{"damage":9,"enemies":"Chosen and Byrds","floor":31,"turns":5},{"damage":29,"enemies":"Champ","floor":33,"turns":11}],"seed_played":"-307465034670388340","potions_obtained":[{"floor":2,"key":"Explosive Potion"},{"floor":7,"key":"Energy Potion"},{"floor":14,"key":"Swift Potion"},{"floor":18,"key":"Swift Potion"},{"floor":22,"key":"Strength Potion"}],"is_trial":false,"path_per_floor":["M","M","?","M","?","R","M","R","T","?","R","$","R","E","R","B",null,"M","M","?","$","M","R","E","R","T","R","M","?","M","M","R","B"],"character_chosen":"THE_SILENT","items_purchased":["Lee\u0027s Waffle","Well Laid Plans"],"campfire_rested":4,"item_purchase_floors":[12,21],"current_hp_per_floor":[59,59,39,39,28,28,17,17,17,10,29,73,73,63,63,22,60,44,44,44,44,18,39,24,24,24,45,25,25,16,7,28,0],"gold":120,"neow_bonus":"THREE_ENEMY_KILL","is_prod":false,"is_daily":false,"chose_seed":false,"campfire_upgraded":5,"win_rate":0,"timestamp":1552790620,"path_taken":["M","M","?","M","?","R","M","R","T","?","R","?","R","E","R","BOSS","M","M","?","$","M","R","E","R","T","R","M","?","M","M","R","BOSS"],"build_version":"2019-03-15","purchased_purges":0,"victory":false,"max_hp_per_floor":[66,66,66,66,66,66,66,66,66,66,66,73,73,73,73,73,73,73,73,73,73,73,73,73,73,73,73,73,73,73,73,73,73],"card_choices":[{"not_picked":["PiercingWail","Acrobatics"],"picked":"Dagger Spray","floor":1},{"not_picked":["Dodge and Roll","Expertise"],"picked":"Venomology","floor":2},{"not_picked":["Underhanded Strike","Deadly Poison","Distraction"],"picked":"SKIP","floor":4},{"not_picked":["Underhanded Strike","Distraction"],"picked":"Deadly Poison","floor":4},{"not_picked":["Riddle With Holes","Blade Dance"],"picked":"Flying Knee","floor":7},{"not_picked":["Tactician","Slice"],"picked":"Cloak And Dagger","floor":14},{"not_picked":["Storm of Steel","Adrenaline"],"picked":"Die Die Die+1","floor":16},{"not_picked":["Crippling Poison","Setup"],"picked":"Slice+1","floor":18},{"not_picked":["Underhanded Strike+1","Bane+1"],"picked":"Sucker Punch+1","floor":19},{"not_picked":["Backflip","Blade Dance"],"picked":"Dagger Spray+1","floor":22},{"not_picked":["Dodge and Roll","Sucker Punch+1"],"picked":"Acrobatics","floor":24},{"not_picked":["Accuracy+1","Deflect"],"picked":"Dash+1","floor":28},{"not_picked":["Dodge and Roll","Tactician","Slice+1"],"picked":"SKIP","floor":30},{"not_picked":["Deflect","Underhanded Strike+1"],"picked":"Bullet Time","floor":31}],"player_experience":2689041,"relics_obtained":[{"floor":14,"key":"Molten Egg 2"},{"floor":24,"key":"Frozen Egg 2"},{"floor":26,"key":"Juzu Bracelet"}],"event_choices":[{"damage_healed":0,"gold_gain":0,"player_choice":"Entered Light","damage_taken":20,"max_hp_gain":0,"max_hp_loss":0,"event_name":"Shining Light","floor":3,"gold_loss":0,"cards_upgraded":["Strike_G","Strike_G"]},{"damage_healed":0,"gold_gain":75,"player_choice":"Gather Gold","damage_taken":11,"max_hp_gain":0,"max_hp_loss":0,"event_name":"World of Goop","floor":5,"gold_loss":0},{"cards_removed":["Strike_G"],"damage_healed":0,"gold_gain":0,"player_choice":"Card Removal","damage_taken":7,"max_hp_gain":0,"max_hp_loss":0,"event_name":"Golden Wing","floor":10,"gold_loss":0},{"damage_healed":0,"gold_gain":0,"player_choice":"Bet on Owner","damage_taken":0,"max_hp_gain":0,"max_hp_loss":0,"event_name":"The Joust","floor":20,"gold_loss":50},{"damage_healed":0,"gold_gain":0,"player_choice":"Trade","damage_taken":0,"relics_obtained":["CultistMask"],"max_hp_gain":0,"max_hp_loss":0,"event_name":"FaceTrader","floor":29,"gold_loss":0}],"is_beta":true,"boss_relics":[{"not_picked":["Calling Bell","Coffee Dripper"],"picked":"Ring of the Serpent"}],"items_purged_floors":[],"is_endless":false,"potions_floor_spawned":[2,7,14,18,22],"killed_by":"Champ","ascension_level":17}