{"gold_per_floor":[109,59,59,69,30,44,44,64,90,90,106,136,136,146,146,217,217,235,253,253,264,264,264,283,283,307,307,332,342,342,355,355,355],"floor_reached":33,"playtime":1705,"items_purged":["Strike_G"],"score":523,"play_id":"950eaeb4-b32e-4003-bbba-9427f6157125","local_time":"20190516060640","is_ascension_mode":true,"campfire_choices":[{"data":"Noxious Fumes","floor":7.0,"key":"SMITH"},{"data":"Neutralize","floor":10.0,"key":"SMITH"},{"data":"Footwork","floor":13.0,"key":"SMITH"},{"data":"All Out Attack","floor":15,"key":"SMITH"},{"data":"Catalyst","floor":23,"key":"SMITH"},{"floor":25,"key":"REST"},{"floor":30,"key":"REST"},{"data":"Footwork","floor":32,"key":"SMITH"}],"neow_cost":"NONE","seed_source_timestamp":1688266900024573,"circlet_count":0,"master_deck":["AscendersBane","Defend_G","Defend_G","Defend_G","Defend_G","Defend_G","Strike_G","Survivor","Neutralize+1","Masterful Stab+1","PiercingWail","Noxious Fumes+1","Leg Sweep","Footwork+1","PiercingWail","All Out Attack+1","Glass Knife+1","Footwork+1","Footwork","Catalyst+1","Deflect","Dodge and Roll","Backstab","PiercingWail","PiercingWail","Dodge and Roll+1"],"special_seed":0,"relics":["Ring of the Snake","Smiling Mask","Potion Belt","Anchor","Lizard Tail","PreservedInsect","Whetstone"],"potions_floor_usage":[16,18,18,19,19],"damage_taken":[{"damage":5.0,"enemies":"Jaw Worm","floor":1.0,"turns":6.0},{"damage":0.0,"enemies":"Cultist","floor":4.0,"turns":4.0},{"damage":0.0,"enemies":"Small Slimes","floor":6.0,"turns":4.0},{"damage":0.0,"enemies":"Looter","floor":8.0,"turns":3.0},{"damage":0.0,"enemies":"Large Slime","floor":11.0,"turns":6.0},{"damage":2.0,"enemies":"Gremlin Nob","floor":12.0,"turns":5.0},{"damage":0.0,"enemies":"Blue Slaver","floor":14.0,"turns":5.0},{"damage":40,"enemies":"Slime Boss","floor":16,"turns":16},{"damage":3,"enemies":"Chosen","floor":18,"turns":6},{"damage":3,"enemies":"Spheric Guardian","floor":19,"turns":9},{"damage":6,"enemies":"Centurion and Healer","floor":21,"turns":9},{"damage":40,"enemies":"Cultist and Chosen","floor":24,"turns":8},{"damage":21,"enemies":"Gremlin Leader","floor":28,"turns":8},{"damage":17,"enemies":"3 Cultists","floor":29,"turns":7},{"damage":17,"enemies":"Sentry and Sphere","floor":31,"turns":10},{"damage":30,"enemies":"Champ","floor":33,"turns":16}],"seed_played":"-5010142838718352504","potions_obtained":[{"floor":4.0,"key":"SteroidPotion"},{"floor":11.0,"key":"Block Potion"},{"floor":12.0,"key":"Poison Potion"},{"floor":14.0,"key":"LiquidBronze"},{"floor":16,"key":"Block Potion"},{"floor":18,"key":"Ancient Potion"},{"floor":19,"key":"Fruit Juice"},{"floor":31,"key":"SteroidPotion"}],"is_trial":false,"path_per_floor":["M","$","?","M","$","M","R","M","T","R","M","E","R","M","R","B",null,"M","M","?","M","?","R","M","R","T","?","E","M","R","M","R","B"],"character_chosen":"THE_SILENT","items_purchased":["Noxious Fumes"],"campfire_rested":2,"item_purchase_floors":[5],"current_hp_per_floor":[54,54,54,54,54,54,54,54,54,54,54,52,52,52,52,12,53,50,52,52,46,26,26,32,54,54,54,33,16,38,21,21,0],"gold":355,"neow_bonus":"RANDOM_COMMON_RELIC","is_prod":false,"is_daily":false,"chose_seed":false,"campfire_upgraded":6,"win_rate":0,"timestamp":1557954400,"path_taken":["M","$","?","M","$","?","R","?","T","R","M","E","R","M","R","BOSS","M","?","?","M","?","R","M","R","T","?","E","M","R","M","R","BOSS"],"build_version":"2019-05-07","purchased_purges":1,"victory":false,"max_hp_per_floor":[66,66,66,66,66,66,66,66,66,66,66,66,66,66,66,66,66,66,71,71,71,76,76,76,76,76,76,76,76,76,76,76,76],"card_choices":[{"not_picked":["Slice","Underhanded Strike"],"picked":"Masterful Stab","floor":1.0},{"not_picked":["Choke","Distraction"],"picked":"PiercingWail","floor":4.0},{"not_picked":["Riddle With Holes","PiercingWail"],"picked":"Leg Sweep","floor":6.0},{"not_picked":["Prepared","Poisoned Stab","Infinite Blades"],"picked":"SKIP","floor":8.0},{"not_picked":["Flechettes","Blade Dance"],"picked":"Footwork","floor":11.0},{"not_picked":["Outmaneuver","Choke"],"picked":"PiercingWail","floor":12.0},{"not_picked":["Poisoned Stab","Masterful Stab"],"picked":"All Out Attack","floor":14.0},{"not_picked":["Doppelganger","Envenom"],"picked":"Glass Knife","floor":16},{"not_picked":["Concentrate","Leg Sweep+1"],"picked":"Footwork","floor":18},{"not_picked":["Choke","Blade Dance"],"picked":"Footwork","floor":19},{"not_picked":["Choke","Underhanded Strike"],"picked":"Deflect","floor":21},{"not_picked":["Quick Slash","Concentrate"],"picked":"Dodge and Roll","floor":24},{"not_picked":["Poisoned Stab","Predator"],"picked":"PiercingWail","floor":28},{"not_picked":["Cloak And Dagger","Slice","Dagger Throw+1"],"picked":"SKIP","floor":29},{"not_picked":["Deflect","Setup"],"picked":"Dodge and Roll+1","floor":31}],"player_experience":3259032,"relics_obtained":[{"floor":9.0,"key":"Potion Belt"},{"floor":12.0,"key":"Anchor"},{"floor":26,"key":"PreservedInsect"},{"floor":28,"key":"Whetstone"}],"event_choices":[{"cards_removed":["Strike_G"],"damage_healed":0.0,"max_hp_gain":0.0,"max_hp_loss":0.0,"gold_gain":0.0,"event_name":"Purifier","player_choice":"Purged","floor":3.0,"gold_loss":0.0,"damage_taken":0.0},{"damage_healed":0,"gold_gain":0,"player_choice":"Read","damage_taken":0,"max_hp_gain":0,"max_hp_loss":0,"event_name":"The Library","floor":20,"gold_loss":0,"cards_obtained":["Catalyst"]},{"damage_healed":0,"gold_gain":0,"player_choice":"Shed Blood","damage_taken":25,"max_hp_gain":5,"max_hp_loss":0,"event_name":"Forgotten Altar","floor":22,"gold_loss":0},{"damage_healed":0,"gold_gain":0,"cards_transformed":["Strike_G","Strike_G"],"player_choice":"Became Test Subject","damage_taken":0,"max_hp_gain":0,"max_hp_loss":0,"event_name":"Drug Dealer","floor":27,"gold_loss":0,"cards_obtained":["Backstab","PiercingWail"]}],"is_beta":true,"boss_relics":[{"not_picked":["Eternal Feather","Velvet Choker"],"picked":"Lizard Tail"}],"items_purged_floors":[2],"is_endless":false,"potions_floor_spawned":[4,11,12,14,16,18,19,31],"killed_by":"Champ","ascension_level":17}