{"gold_per_floor":[110,128,146,71,146,171,171,197,251,251,300,315,331,344,344,419,419,433,433,453,473,491,491,491,491,539,559,127,127,153,163,163,236,236,246,246,246,16,32,32,61,78,131,131,131,148,148,165,165,165,165],"floor_reached":51,"playtime":1469,"items_purged":["Strike_B"],"score":1368,"play_id":"01b8388c-5034-4bf2-a48e-14ef77a9e5f9","local_time":"20190326014058","is_ascension_mode":true,"campfire_choices":[{"floor":7,"key":"REST"},{"floor":10,"key":"REST"},{"data":"Zap","floor":15,"key":"SMITH"},{"data":"Skim","floor":23,"key":"SMITH"},{"floor":25,"key":"REST"},{"data":"Defragment","floor":32,"key":"SMITH"},{"data":"Creative AI","floor":40,"key":"SMITH"},{"floor":44,"key":"RECALL"},{"floor":47,"key":"REST"},{"floor":49,"key":"REST"}],"neow_cost":"NONE","seed_source_timestamp":1042462259038000,"circlet_count":0,"master_deck":["AscendersBane","Strike_B","Defend_B","Defend_B","Zap+1","Dualcast","Conserve Battery+1","Sweeping Beam","FTL","Undo+1","Ball Lightning","Rip and Tear","Glacier","Barrage","Electrodynamics","Electrodynamics","Skim+1","BootSequence","Defragment+1","Creative AI+1","Go for the Eyes+1","Amplify","Sweeping Beam+1","Buffer+1","Sweeping Beam+1","Bandage Up","Double Energy+1","Conserve Battery+1"],"relics":["Cracked Core","Bottled Lightning","War Paint","Omamori","Strawberry","Cursed Key","Regal Pillow","Pantograph","Ginger","Astrolabe","Runic Capacitor","Symbiotic Virus"],"potions_floor_usage":[6,13,16,21,30,33,41,46],"damage_taken":[{"damage":7,"enemies":"Jaw Worm","floor":1,"turns":4},{"damage":3,"enemies":"2 Louse","floor":2,"turns":3},{"damage":6,"enemies":"Small Slimes","floor":3,"turns":4},{"damage":32,"enemies":"Lagavulin","floor":6,"turns":8},{"damage":26,"enemies":"3 Sentries","floor":8,"turns":10},{"damage":10,"enemies":"Gremlin Gang","floor":12,"turns":4},{"damage":3,"enemies":"Blue Slaver","floor":13,"turns":4},{"damage":4,"enemies":"3 Louse","floor":14,"turns":4},{"damage":1,"enemies":"The Guardian","floor":16,"turns":10},{"damage":7,"enemies":"2 Thieves","floor":18,"turns":3},{"damage":5,"enemies":"3 Byrds","floor":20,"turns":3},{"damage":25,"enemies":"Snake Plant","floor":21,"turns":5},{"damage":11,"enemies":"Centurion and Healer","floor":22,"turns":3},{"damage":0,"enemies":"3 Cultists","floor":27,"turns":3},{"damage":14,"enemies":"Slavers","floor":30,"turns":3},{"damage":0,"enemies":"Snake Plant","floor":31,"turns":3},{"damage":59,"enemies":"Automaton","floor":33,"turns":12},{"damage":0,"enemies":"3 Darklings","floor":35,"turns":3},{"damage":0,"enemies":"Orb Walker","floor":39,"turns":4},{"damage":60,"enemies":"Nemesis","floor":41,"turns":10},{"damage":6,"enemies":"Writhing Mass","floor":42,"turns":8},{"damage":0,"enemies":"Sphere and 2 Shapes","floor":46,"turns":3},{"damage":13,"enemies":"Jaw Worm Horde","floor":48,"turns":4},{"damage":70,"enemies":"Time Eater","floor":50,"turns":20},{"damage":52,"enemies":"Donu and Deca","floor":51,"turns":7}],"seed_played":"-705786559231938094","potions_obtained":[{"floor":2,"key":"SpeedPotion"},{"floor":6,"key":"LiquidBronze"},{"floor":8,"key":"PowerPotion"},{"floor":12,"key":"Regen Potion"},{"floor":16,"key":"SkillPotion"},{"floor":22,"key":"SkillPotion"},{"floor":30,"key":"Ancient Potion"},{"floor":31,"key":"Dexterity Potion"},{"floor":35,"key":"LiquidBronze"},{"floor":42,"key":"SkillPotion"}],"is_trial":false,"path_per_floor":["M","M","M","?","?","E","R","E","T","R","T","M","M","M","R","B",null,"M","?","M","M","M","R","?","R","T","M","$","?","E","M","R","B",null,"M","?","?","$","M","R","E","M","T","R","T","M","R","M","R","B","B"],"character_chosen":"DEFECT","items_purchased":["Defragment","Pantograph","Runic Capacitor"],"campfire_rested":5,"item_purchase_floors":[28,28,38],"current_hp_per_floor":[64,61,55,55,44,12,35,9,9,32,39,29,38,34,34,33,72,65,65,60,35,24,24,24,49,49,49,49,49,35,35,35,1,64,64,64,64,64,68,68,12,10,10,10,10,10,50,37,77,19,0],"gold":165,"neow_bonus":"TEN_PERCENT_HP_BONUS","is_prod":false,"is_daily":false,"chose_seed":false,"campfire_upgraded":4,"win_rate":0,"timestamp":1553532058,"path_taken":["M","M","M","?","?","E","R","E","T","R","?","M","M","M","R","BOSS","M","?","?","?","M","R","?","R","T","M","$","?","E","M","R","BOSS","M","?","?","$","M","R","E","M","T","R","?","?","R","?","R","BOSS","BOSS"],"build_version":"2019-01-23","purchased_purges":1,"victory":false,"max_hp_per_floor":[78,78,78,78,78,78,78,78,78,78,85,85,85,85,85,85,85,85,85,85,85,85,85,85,85,85,85,85,85,85,85,85,85,85,85,85,85,85,85,85,85,85,85,85,85,85,85,85,85,85,85],"card_choices":[{"not_picked":["Steam","Chaos"],"picked":"Conserve Battery","floor":1},{"not_picked":["Blizzard","Turbo"],"picked":"Sweeping Beam","floor":2},{"not_picked":["Turbo","Blizzard"],"picked":"FTL","floor":3},{"not_picked":["Leap","Auto Shields"],"picked":"Undo","floor":6},{"not_picked":["Amplify","Streamline"],"picked":"Ball Lightning","floor":8},{"not_picked":["Storm","Barrage"],"picked":"Rip and Tear","floor":12},{"not_picked":["Go for the Eyes","Melter"],"picked":"Glacier","floor":13},{"not_picked":["Redo","Stack"],"picked":"Barrage","floor":14},{"not_picked":["Multi-Cast","Meteor Strike"],"picked":"Electrodynamics","floor":16},{"not_picked":["Ball Lightning","Compile Driver","Go for the Eyes"],"picked":"SKIP","floor":18},{"not_picked":["Hologram","Static Discharge","Sweeping Beam"],"picked":"SKIP","floor":20},{"not_picked":["Steam","Loop"],"picked":"Skim","floor":21},{"not_picked":["Reinforced Body","Hologram"],"picked":"BootSequence","floor":22},{"not_picked":["Hologram","Tempest","Glacier"],"picked":"SKIP","floor":27},{"not_picked":["Double Energy","Conserve Battery"],"picked":"Creative AI","floor":30},{"not_picked":["Gash","Ball Lightning"],"picked":"Go for the Eyes+1","floor":31},{"not_picked":["Buffer","Meteor Strike"],"picked":"Amplify","floor":33},{"not_picked":["Storm","Leap","Tempest"],"picked":"SKIP","floor":35},{"not_picked":["Swift Strike","Finesse"],"picked":"Bandage Up","floor":36},{"not_picked":["Sweeping Beam","Barrage+1","Rebound"],"picked":"SKIP","floor":39},{"not_picked":["Sweeping Beam","Barrage+1","Rebound"],"picked":"SKIP","floor":39},{"not_picked":["Beam Cell","Go for the Eyes"],"picked":"Double Energy+1","floor":41},{"not_picked":["Machine Learning","Steam","Double Energy"],"picked":"SKIP","floor":42},{"not_picked":["Reprogram","Conserve Battery","Cold Snap"],"picked":"SKIP","floor":46},{"not_picked":["Streamline","Rebound+1"],"picked":"Conserve Battery+1","floor":48}],"player_experience":4627643,"relics_obtained":[{"floor":6,"key":"Bottled Lightning"},{"floor":8,"key":"War Paint"},{"floor":9,"key":"Omamori"},{"floor":11,"key":"Strawberry"},{"floor":26,"key":"Regal Pillow"},{"floor":30,"key":"Ginger"},{"floor":41,"key":"Symbiotic Virus"}],"event_choices":[{"cards_removed":["Defend_B"],"damage_healed":0,"gold_gain":0,"player_choice":"Card Removal","damage_taken":0,"max_hp_gain":0,"max_hp_loss":0,"event_name":"The Cleric","floor":4,"gold_loss":75},{"damage_healed":0,"gold_gain":75,"player_choice":"Gather Gold","damage_taken":11,"max_hp_gain":0,"max_hp_loss":0,"event_name":"World of Goop","floor":5,"gold_loss":0},{"damage_healed":0,"gold_gain":0,"player_choice":"1 cards matched","damage_taken":0,"max_hp_gain":0,"max_hp_loss":0,"event_name":"Match and Keep!","floor":19,"gold_loss":0,"cards_obtained":["Electrodynamics"]},{"damage_healed":0,"gold_gain":0,"player_choice":"Ignored","damage_taken":0,"max_hp_gain":0,"max_hp_loss":0,"event_name":"Vampires","floor":24,"gold_loss":0},{"damage_healed":0,"gold_gain":0,"player_choice":"Ignored","damage_taken":0,"max_hp_gain":0,"max_hp_loss":0,"event_name":"Ghosts","floor":29,"gold_loss":0},{"damage_healed":0,"gold_gain":0,"player_choice":"Memory 1","damage_taken":0,"max_hp_gain":0,"max_hp_loss":0,"event_name":"SensoryStone","floor":36,"gold_loss":0},{"damage_healed":0,"gold_gain":0,"player_choice":"Ignored","damage_taken":0,"max_hp_gain":0,"max_hp_loss":0,"event_name":"Tomb of Lord Red Mask","floor":37,"gold_loss":0}],"is_beta":false,"boss_relics":[{"not_picked":["Ectoplasm","Nuclear Battery"],"picked":"Cursed Key"},{"not_picked":["Philosopher\u0027s Stone","Coffee Dripper"],"picked":"Astrolabe"}],"items_purged_floors":[28],"is_endless":false,"potions_floor_spawned":[2,6,8,12,16,22,30,31,35,42],"killed_by":"Donu and Deca","ascension_level":20}