{"gold_per_floor":[114,64,84,84,95,95,115,115,141,178,190,214,245,271,283,372,384,407,369,383,393,135,135,135],"floor_reached":24,"playtime":920,"items_purged":["Strike_R","Strike_R","Strike_R"],"score":330,"play_id":"b3655df5-f2ca-4263-ac12-a139e98a948d","local_time":"20190207233748","is_ascension_mode":true,"campfire_choices":[{"data":"True Grit","floor":6.0,"key":"SMITH"},{"data":"Bash","floor":11.0,"key":"SMITH"},{"data":"Clothesline","floor":15.0,"key":"SMITH"},{"floor":23,"key":"REST"}],"neow_cost":"NONE","seed_source_timestamp":2450531007312823,"circlet_count":0,"master_deck":["AscendersBane","Strike_R","Strike_R","Defend_R","Defend_R","Defend_R","Defend_R","Bash+1","True Grit+1","Flex","Inflame","Sever Soul+1","Spot Weakness","Clothesline+1","Sword Boomerang","Wild Strike","Demon Form","Rampage+1","Battle Trance","Shrug It Off"],"special_seed":0,"relics":["Burning Blood","Smiling Mask","MawBank","Bag of Preparation","Fusion Hammer","Bag of Marbles"],"potions_floor_usage":[20],"damage_taken":[{"damage":7.0,"enemies":"Jaw Worm","floor":1.0,"turns":3.0},{"damage":4.0,"enemies":"Cultist","floor":3.0,"turns":4.0},{"damage":7.0,"enemies":"2 Louse","floor":5.0,"turns":3.0},{"damage":9.0,"enemies":"Red Slaver","floor":7.0,"turns":4.0},{"damage":26.0,"enemies":"Gremlin Nob","floor":10.0,"turns":4.0},{"damage":17.0,"enemies":"Exordium Wildlife","floor":12.0,"turns":4.0},{"damage":6.0,"enemies":"Looter","floor":13.0,"turns":4.0},{"damage":8.0,"enemies":"3 Louse","floor":14.0,"turns":3.0},{"damage":39.0,"enemies":"The Guardian","floor":16.0,"turns":13.0},{"damage":2,"enemies":"Chosen","floor":18,"turns":4},{"damage":29,"enemies":"3 Byrds","floor":20,"turns":5},{"damage":38,"enemies":"Snake Plant","floor":21,"turns":4},{"damage":59,"enemies":"Gremlin Leader","floor":24,"turns":4}],"seed_played":"352904893421017904","potions_obtained":[{"floor":5.0,"key":"Explosive Potion"},{"floor":12.0,"key":"Strength Potion"},{"floor":13.0,"key":"Poison Potion"},{"floor":18,"key":"Explosive Potion"},{"floor":21,"key":"FairyPotion"}],"is_trial":false,"path_per_floor":["M","$","M","?","M","R","M","?","T","E","R","M","M","M","R","B",null,"M","$","M","M","$","R","E"],"character_chosen":"IRONCLAD","items_purchased":["Bag of Marbles","Shrug It Off"],"campfire_rested":1,"item_purchase_floors":[22,22],"current_hp_per_floor":[71,71,73,78,77,77,74,74,74,54,54,43,43,41,41,8,66,70,70,47,15,15,40,0],"gold":135,"neow_bonus":"RANDOM_COMMON_RELIC","is_prod":false,"is_daily":false,"chose_seed":false,"campfire_upgraded":3,"win_rate":0,"timestamp":1549550268,"path_taken":["M","$","M","?","M","R","M","?","T","E","R","M","M","M","R","BOSS","M","$","M","M","$","R","E"],"build_version":"2019-01-23","purchased_purges":3,"victory":false,"max_hp_per_floor":[80,80,80,85,85,85,85,85,85,85,85,85,85,85,85,85,85,85,85,85,85,85,85,85],"card_choices":[{"not_picked":["Body Slam","Blood for Blood"],"picked":"True Grit","floor":1.0},{"not_picked":["Thunderclap","Sentinel"],"picked":"Flex","floor":3.0},{"not_picked":["Body Slam","Clash"],"picked":"Inflame","floor":5.0},{"not_picked":["Body Slam","Exhume"],"picked":"Sever Soul","floor":7.0},{"not_picked":["Iron Wave","Whirlwind"],"picked":"Spot Weakness","floor":10.0},{"not_picked":["Anger","Rampage"],"picked":"Clothesline","floor":12.0},{"not_picked":["Headbutt","Pommel Strike"],"picked":"Sword Boomerang","floor":13.0},{"not_picked":["True Grit","Warcry"],"picked":"Wild Strike","floor":14.0},{"not_picked":["Barricade","Juggernaut"],"picked":"Demon Form","floor":16.0},{"not_picked":["Flex","Cleave"],"picked":"Rampage+1","floor":18},{"not_picked":["Wild Strike","Thunderclap","Twin Strike"],"picked":"SKIP","floor":20},{"not_picked":["Warcry","Cleave"],"picked":"Battle Trance","floor":21}],"player_experience":566641,"relics_obtained":[{"floor":9.0,"key":"MawBank"},{"floor":10.0,"key":"Bag of Preparation"}],"event_choices":[{"damage_healed":0.0,"max_hp_gain":5.0,"max_hp_loss":0.0,"gold_gain":0.0,"event_name":"Big Fish","player_choice":"Donut","floor":4.0,"gold_loss":0.0,"damage_taken":0.0},{"damage_healed":0.0,"max_hp_gain":0.0,"max_hp_loss":0.0,"gold_gain":0.0,"event_name":"Accursed Blacksmith","player_choice":"Forge","floor":8.0,"gold_loss":0.0,"damage_taken":0.0,"cards_upgraded":["Sever Soul"]}],"is_beta":false,"boss_relics":[{"not_picked":["White Beast Statue","Pandora\u0027s Box"],"picked":"Fusion Hammer"}],"items_purged_floors":[2,19,22],"is_endless":false,"potions_floor_spawned":[5,12,13,14,18,21],"killed_by":"Gremlin Leader","ascension_level":13}