{"gold_per_floor":[119,131,147,158,175,175,208,208,256,256,273,283,283,310,310,386,386,404,166,178,178,195,222,222,257,257,257,307,307,319,63,63,142,142,159,171,191,5,22,22,33,33,33,33,48,48,48,63,63,63],"floor_reached":50,"playtime":4569,"items_purged":["Strike_R","Defend_R"],"score":968,"play_id":"c7170dad-f6c9-4b2f-8121-259d29f2c310","local_time":"20190322223922","is_ascension_mode":true,"campfire_choices":[{"data":"Armaments","floor":6.0,"key":"SMITH"},{"data":"True Grit","floor":8.0,"key":"SMITH"},{"data":"Pommel Strike","floor":10.0,"key":"SMITH"},{"floor":13.0,"key":"REST"},{"data":"Disarm","floor":15.0,"key":"SMITH"},{"data":"Body Slam","floor":24.0,"key":"SMITH"},{"data":"Feed","floor":27.0,"key":"SMITH"},{"data":"Havoc","floor":29.0,"key":"SMITH"},{"data":"Apotheosis","floor":32.0,"key":"SMITH"},{"data":"Whirlwind","floor":40.0,"key":"SMITH"},{"data":"Exhume","floor":44.0,"key":"SMITH"},{"floor":46.0,"key":"RECALL"},{"data":"Burning Pact","floor":49.0,"key":"SMITH"}],"neow_cost":"PERCENT_DAMAGE","seed_source_timestamp":0,"circlet_count":0,"master_deck":["AscendersBane","Defend_R","Defend_R","Defend_R","Bash","Armaments+1","Havoc+1","Metallicize","True Grit+1","Dropkick","Pommel Strike+1","Disarm+1","Rampage","Flame Barrier","Impervious","Body Slam+1","Feed+1","Feel No Pain+1","Inflame+1","Bite","Bite","Bite","Bite","Bite","Juggernaut+1","Thunderclap","Apotheosis+1","Evolve+1","Exhume+1","Whirlwind+1","Shrug It Off","Inflame+1","Wild Strike","Madness","Madness","Burning Pact+1"],"special_seed":0,"relics":["Burning Blood","Ginger","Bag of Marbles","Frozen Egg 2","Mark of Pain","Anchor","Lantern","Omamori","Ancient Tea Set","Coffee Dripper"],"potions_floor_usage":[50],"damage_taken":[{"damage":2.0,"enemies":"Cultist","floor":1.0,"turns":4.0},{"damage":6.0,"enemies":"Small Slimes","floor":2.0,"turns":6.0},{"damage":0.0,"enemies":"Jaw Worm","floor":3.0,"turns":7.0},{"damage":6.0,"enemies":"Large Slime","floor":4.0,"turns":16.0},{"damage":6.0,"enemies":"2 Fungi Beasts","floor":5.0,"turns":4.0},{"damage":41.0,"enemies":"3 Sentries","floor":7.0,"turns":22.0},{"damage":0.0,"enemies":"Blue Slaver","floor":11.0,"turns":6.0},{"damage":2.0,"enemies":"Gremlin Gang","floor":12.0,"turns":6.0},{"damage":8.0,"enemies":"Lagavulin","floor":14.0,"turns":9.0},{"damage":26.0,"enemies":"Slime Boss","floor":16.0,"turns":17.0},{"damage":11.0,"enemies":"Chosen","floor":18.0,"turns":5.0},{"damage":19.0,"enemies":"3 Byrds","floor":20.0,"turns":9.0},{"damage":18.0,"enemies":"Snecko","floor":22.0,"turns":9.0},{"damage":28.0,"enemies":"Gremlin Leader","floor":23.0,"turns":10.0},{"damage":30.0,"enemies":"Book of Stabbing","floor":25.0,"turns":7.0},{"damage":31.0,"enemies":"3 Cultists","floor":30.0,"turns":6.0},{"damage":35.0,"enemies":"Champ","floor":33.0,"turns":10.0},{"damage":32.0,"enemies":"3 Darklings","floor":35.0,"turns":7.0},{"damage":0.0,"enemies":"Orb Walker","floor":36.0,"turns":2.0},{"damage":59.0,"enemies":"Transient","floor":37.0,"turns":6.0},{"damage":24.0,"enemies":"Writhing Mass","floor":39.0,"turns":7.0},{"damage":17.0,"enemies":"3 Darklings","floor":41.0,"turns":8.0},{"damage":5.0,"enemies":"Transient","floor":45.0,"turns":6.0},{"damage":0.0,"enemies":"Jaw Worm Horde","floor":48.0,"turns":1.0},{"damage":42,"enemies":"Awakened One","floor":50,"turns":2}],"seed_played":"-7824247676523620780","potions_obtained":[{"floor":1.0,"key":"SpeedPotion"},{"floor":5.0,"key":"SteroidPotion"},{"floor":7.0,"key":"BloodPotion"},{"floor":14.0,"key":"Poison Potion"},{"floor":20.0,"key":"SteroidPotion"},{"floor":22.0,"key":"SteroidPotion"},{"floor":33.0,"key":"Block Potion"},{"floor":35.0,"key":"Dexterity Potion"},{"floor":41.0,"key":"EssenceOfSteel"},{"floor":48.0,"key":"GamblersBrew"}],"is_trial":false,"path_per_floor":["M","M","M","M","M","R","E","R","T","R","M","M","R","E","R","B",null,"M","$","M","?","M","E","R","E","T","R","?","R","M","$","R","B",null,"M","M","M","$","M","R","M","?","T","R","M","R","?","M","R","B"],"character_chosen":"IRONCLAD","items_purchased":["Anchor","Apotheosis","Evolve+1","Inflame+1"],"campfire_rested":1,"item_purchase_floors":[19,31,31,38],"current_hp_per_floor":[54,54,60,60,60,60,25,25,25,25,31,35,57,55,55,42,67,62,62,53,53,52,55,55,48,48,48,48,48,37,37,37,35,58,53,65,22,22,13,13,26,14,14,14,28,28,28,34,34,0],"gold":63,"neow_bonus":"TRANSFORM_TWO_CARDS","is_prod":false,"is_daily":false,"chose_seed":false,"campfire_upgraded":11,"win_rate":0,"timestamp":1553261962,"path_taken":["M","M","M","M","M","R","E","R","T","R","M","?","R","E","R","BOSS","M","$","M","?","M","E","R","E","T","R","?","R","M","$","R","BOSS","M","M","M","$","M","R","M","?","T","R","M","R","?","M","R","BOSS"],"build_version":"2019-03-15","purchased_purges":2,"victory":false,"max_hp_per_floor":[75,75,75,75,75,75,75,75,75,75,75,75,75,75,75,75,75,75,75,79,55,58,61,61,61,61,61,61,61,65,65,65,65,65,69,69,69,69,69,69,69,69,69,69,69,69,69,69,69,69],"card_choices":[{"not_picked":["Armaments","Thunderclap"],"picked":"Metallicize","floor":1.0},{"not_picked":["Sentinel","Second Wind"],"picked":"True Grit","floor":2.0},{"not_picked":["Wild Strike","Evolve"],"picked":"Dropkick","floor":3.0},{"not_picked":["Blood for Blood","Sword Boomerang"],"picked":"Pommel Strike","floor":4.0},{"not_picked":["True Grit","Iron Wave"],"picked":"Disarm","floor":5.0},{"not_picked":["Cleave","Feel No Pain"],"picked":"Rampage","floor":7.0},{"not_picked":["Headbutt","Thunderclap"],"picked":"Flame Barrier","floor":11.0},{"not_picked":["Sever Soul","Intimidate"],"picked":"Impervious","floor":12.0},{"not_picked":["Anger","Twin Strike"],"picked":"Body Slam","floor":14.0},{"not_picked":["Impervious","Double Tap"],"picked":"Feed","floor":16.0},{"not_picked":["Armaments","Sword Boomerang"],"picked":"Feel No Pain+1","floor":18.0},{"not_picked":["Flex","Heavy Blade"],"picked":"Inflame+1","floor":20.0},{"not_picked":["Ghostly Armor","Iron Wave"],"picked":"Juggernaut+1","floor":22.0},{"not_picked":["Pommel Strike","Combust+1","Searing Blow+1"],"picked":"SKIP","floor":23.0},{"not_picked":["Twin Strike","Cleave"],"picked":"Thunderclap","floor":25.0},{"not_picked":["Searing Blow","Power Through","Thunderclap"],"picked":"SKIP","floor":30.0},{"not_picked":["Reaper","Brutality+1"],"picked":"Exhume","floor":33.0},{"not_picked":["Twin Strike","Blood for Blood+1"],"picked":"Whirlwind","floor":35.0},{"not_picked":["Flex+1","Hemokinesis"],"picked":"Shrug It Off","floor":36.0},{"not_picked":["Rupture+1","Body Slam","Fire Breathing+1"],"picked":"SKIP","floor":37.0},{"not_picked":["Sword Boomerang","Second Wind","Cleave"],"picked":"SKIP","floor":39.0},{"not_picked":["Body Slam+1","Fiend Fire"],"picked":"Wild Strike","floor":41.0},{"not_picked":["True Grit","Pommel Strike"],"picked":"Burning Pact","floor":45.0},{"not_picked":["Rampage+1","Thunderclap","Perfected Strike"],"picked":"SKIP","floor":48.0}],"player_experience":2717783,"relics_obtained":[{"floor":7.0,"key":"Ginger"},{"floor":9.0,"key":"Bag of Marbles"},{"floor":14.0,"key":"Frozen Egg 2"},{"floor":23.0,"key":"Lantern"},{"floor":25.0,"key":"Omamori"},{"floor":26.0,"key":"Ancient Tea Set"}],"event_choices":[{"damage_healed":0.0,"max_hp_gain":0.0,"max_hp_loss":24.0,"gold_gain":0.0,"event_name":"Vampires","player_choice":"Became a vampire","floor":21.0,"gold_loss":0.0,"damage_taken":0.0,"cards_obtained":["Bite","Bite","Bite","Bite","Bite"]},{"damage_healed":0.0,"max_hp_gain":0.0,"max_hp_loss":0.0,"gold_gain":50.0,"event_name":"Nest","player_choice":"Stole From Cult","floor":28.0,"gold_loss":0.0,"damage_taken":0.0},{"damage_healed":0.0,"max_hp_gain":0.0,"max_hp_loss":0.0,"gold_gain":0.0,"event_name":"Winding Halls","player_choice":"Embrace Madness","floor":42.0,"gold_loss":0.0,"damage_taken":12.0,"cards_obtained":["Madness","Madness"]},{"damage_healed":0.0,"max_hp_gain":0.0,"max_hp_loss":0.0,"gold_gain":0.0,"event_name":"The Moai Head","player_choice":"Ignored","floor":47.0,"gold_loss":0.0,"damage_taken":0.0}],"is_beta":true,"boss_relics":[{"not_picked":["Astrolabe","Calling Bell"],"picked":"Mark of Pain"},{"not_picked":["Black Star","Runic Cube"],"picked":"Coffee Dripper"}],"items_purged_floors":[19,38],"is_endless":false,"potions_floor_spawned":[1,5,7,11,14,20,22,33,35,41,48],"killed_by":"Awakened One","ascension_level":17}