{"gold_per_floor":[118,43,43,61,74,74,84,112,180,196,196,196,196,225,237,249],"floor_reached":16,"playtime":678,"items_purged":["Strike_R"],"score":204,"play_id":"fda845bb-dc3f-48aa-b45d-7523ab3c64c5","local_time":"20190420175833","is_ascension_mode":true,"campfire_choices":[{"data":"Bash","floor":6,"key":"SMITH"},{"data":"True Grit","floor":11,"key":"SMITH"},{"data":"Rampage","floor":13,"key":"SMITH"},{"floor":15,"key":"REST"}],"neow_cost":"NONE","seed_source_timestamp":698518321695741,"circlet_count":0,"master_deck":["AscendersBane","Strike_R","Strike_R","Defend_R","Defend_R","Defend_R","Defend_R","Bash+1","Rampage+1","Iron Wave","True Grit+1","Dark Embrace","Battle Trance","Combust"],"relics":["Burning Blood","Bird Faced Urn","Gremlin Horn","MawBank"],"potions_floor_usage":[8,16],"damage_taken":[{"damage":17,"enemies":"Small Slimes","floor":1,"turns":7},{"damage":4,"enemies":"Jaw Worm","floor":4,"turns":4},{"damage":1,"enemies":"Cultist","floor":5,"turns":3},{"damage":14,"enemies":"Lots of Slimes","floor":7,"turns":8},{"damage":20,"enemies":"Gremlin Nob","floor":8,"turns":4},{"damage":5,"enemies":"Looter","floor":10,"turns":3},{"damage":28,"enemies":"3 Sentries","floor":14,"turns":8},{"damage":56,"enemies":"Slime Boss","floor":16,"turns":8}],"seed_played":"-252549756933958217","potions_obtained":[{"floor":4,"key":"PowerPotion"},{"floor":5,"key":"Strength Potion"},{"floor":14,"key":"Block Potion"}],"is_trial":false,"path_per_floor":["M","$","?","M","M","R","M","E","T","M","R","?","R","E","R","B"],"character_chosen":"IRONCLAD","items_purchased":[],"campfire_rested":1,"item_purchase_floors":[],"current_hp_per_floor":[57,57,62,64,69,69,61,47,47,48,48,48,48,28,52,0],"gold":249,"neow_bonus":"REMOVE_CARD","is_prod":false,"is_daily":false,"chose_seed":false,"campfire_upgraded":3,"win_rate":0,"timestamp":1555750713,"path_taken":["M","$","?","M","M","R","M","E","T","M","R","?","R","E","R","BOSS"],"build_version":"2019-04-04","purchased_purges":1,"victory":false,"max_hp_per_floor":[75,75,80,80,80,80,80,80,80,80,80,80,80,80,80,80],"card_choices":[{"not_picked":["Warcry","Havoc","Cleave"],"picked":"SKIP","floor":1},{"not_picked":["Armaments","Wild Strike"],"picked":"Rampage","floor":4},{"not_picked":["Dark Embrace","Pommel Strike"],"picked":"Iron Wave","floor":5},{"not_picked":["Sword Boomerang","Armaments"],"picked":"True Grit","floor":7},{"not_picked":["Thunderclap","Blood for Blood"],"picked":"Dark Embrace","floor":8},{"not_picked":["Wild Strike","Perfected Strike"],"picked":"Battle Trance","floor":10},{"not_picked":["Anger","Exhume","Cleave"],"picked":"SKIP","floor":14}],"player_experience":2997583,"relics_obtained":[{"floor":8,"key":"Bird Faced Urn"},{"floor":9,"key":"Gremlin Horn"},{"floor":14,"key":"MawBank"}],"event_choices":[{"damage_healed":0,"gold_gain":0,"player_choice":"Donut","damage_taken":0,"max_hp_gain":5,"max_hp_loss":0,"event_name":"Big Fish","floor":3,"gold_loss":0},{"damage_healed":0,"gold_gain":0,"cards_transformed":["Strike_R"],"player_choice":"Transformed","damage_taken":0,"max_hp_gain":0,"max_hp_loss":0,"event_name":"Transmorgrifier","floor":12,"gold_loss":0,"cards_obtained":["Combust"]}],"is_beta":true,"boss_relics":[],"items_purged_floors":[2],"is_endless":false,"potions_floor_spawned":[4,5,7,14],"killed_by":"Slime Boss","ascension_level":17}