{"gold_per_floor":[117,117,130,130,154,154,154,154,228,252,117,160,160,184,184,283,283,302,61,61,61,61,61,76,76,76,100,143,143,143,43,43,136,136,159,159,217,232,255,255,275,306,306,320,320],"floor_reached":45,"playtime":4728,"items_purged":["Strike_R","Writhe"],"score":945,"play_id":"108d7818-da51-438b-ae39-ce717d95faba","local_time":"20190401015427","is_ascension_mode":true,"campfire_choices":[{"data":"Body Slam","floor":6.0,"key":"SMITH"},{"data":"Disarm","floor":13.0,"key":"SMITH"},{"floor":15.0,"key":"REST"},{"data":"Offering","floor":23.0,"key":"SMITH"},{"data":"Rage","floor":25.0,"key":"SMITH"},{"floor":30.0,"key":"REST"},{"data":"Bash","floor":32.0,"key":"SMITH"},{"floor":40,"key":"REST"}],"neow_cost":"NONE","seed_source_timestamp":2764868014714091,"circlet_count":0,"master_deck":["AscendersBane","Strike_R+1","Strike_R","Defend_R","Defend_R","Defend_R+1","Defend_R","Bash+1","Rampage","Body Slam+1","Offering+1","Rage+1","Evolve","Purity","Battle Trance","Disarm+1","Dropkick","Impervious","RitualDagger","Exhume","Iron Wave","Second Wind","Demon Form","Shrug It Off","Flex+1","True Grit+1","Entrench+1","Entrench","Flame Barrier"],"special_seed":0,"relics":["Burning Blood","Pen Nib","Golden Idol","Bottled Lightning","Mummified Hand","White Beast Statue","Regal Pillow","Singing Bowl","Self Forming Clay","PreservedInsect","MutagenicStrength","Runic Pyramid","Du-Vu Doll","Paper Frog"],"potions_floor_usage":[37,39],"damage_taken":[{"damage":7.0,"enemies":"Cultist","floor":1.0,"turns":4.0},{"damage":7.0,"enemies":"Jaw Worm","floor":3.0,"turns":3.0},{"damage":1.0,"enemies":"Small Slimes","floor":5.0,"turns":3.0},{"damage":6.0,"enemies":"Looter","floor":10.0,"turns":1.0},{"damage":26.0,"enemies":"Gremlin Nob","floor":12.0,"turns":4.0},{"damage":5.0,"enemies":"Blue Slaver","floor":14.0,"turns":3.0},{"damage":17.0,"enemies":"The Guardian","floor":16.0,"turns":9.0},{"damage":16.0,"enemies":"Shell Parasite","floor":18.0,"turns":5.0},{"damage":6.0,"enemies":"2 Thieves","floor":24.0,"turns":4.0},{"damage":6.0,"enemies":"Snake Plant","floor":27.0,"turns":4.0},{"damage":45.0,"enemies":"Slavers","floor":28.0,"turns":7.0},{"damage":29.0,"enemies":"Collector","floor":33.0,"turns":11.0},{"damage":20.0,"enemies":"3 Darklings","floor":35.0,"turns":6.0},{"damage":27,"enemies":"2 Orb Walkers","floor":37,"turns":4},{"damage":9,"enemies":"3 Shapes","floor":38,"turns":5},{"damage":25,"enemies":"Sphere and 2 Shapes","floor":39,"turns":8},{"damage":13,"enemies":"4 Shapes","floor":41,"turns":6},{"damage":6,"enemies":"Nemesis","floor":42,"turns":5},{"damage":31,"enemies":"Maw","floor":44,"turns":8},{"damage":21,"enemies":"Giant Head","floor":45,"turns":5}],"seed_played":"-3202361941841856422","potions_obtained":[{"floor":3.0,"key":"SteroidPotion"},{"floor":14.0,"key":"LiquidBronze"},{"floor":18.0,"key":"Block Potion"},{"floor":24.0,"key":"AttackPotion"},{"floor":27.0,"key":"BloodPotion"},{"floor":28.0,"key":"Energy Potion"},{"floor":37,"key":"Regen Potion"},{"floor":39,"key":"Strength Potion"},{"floor":42,"key":"Ancient Potion"}],"is_trial":false,"path_per_floor":["M","?","M","?","M","R","?","?","T","M","$","E","R","M","R","B",null,"M","$","?","?","$","R","M","R","T","M","E","?","R","$","R","B",null,"M","?","?","M","M","R","M","E","T","M","E"],"character_chosen":"IRONCLAD","items_purchased":["Purity","Battle Trance","Regal Pillow"],"campfire_rested":3,"item_purchase_floors":[11,11,19],"current_hp_per_floor":[67,67,66,66,68,68,48,48,48,48,48,28,28,29,49,38,61,51,51,45,45,45,45,45,45,45,45,12,12,47,47,47,24,57,45,45,24,21,17,53,46,46,46,21,0],"gold":320,"neow_bonus":"RANDOM_COMMON_RELIC","is_prod":false,"is_daily":false,"chose_seed":false,"campfire_upgraded":5,"win_rate":0,"timestamp":1554051267,"path_taken":["M","?","M","?","?","R","?","?","T","M","?","E","R","M","R","BOSS","M","$","?","?","?","R","M","R","T","?","E","?","R","$","R","BOSS","M","?","?","M","M","R","M","E","T","M","E"],"build_version":"2019-03-15","purchased_purges":2,"victory":false,"max_hp_per_floor":[75,68,68,68,68,68,68,68,68,68,68,68,68,68,68,68,68,68,68,68,68,68,68,68,68,68,68,68,68,68,68,68,68,68,70,70,70,70,70,70,70,70,70,70,70],"card_choices":[{"not_picked":["True Grit","Thunderclap"],"picked":"Rampage","floor":1.0},{"not_picked":["Combust","Corruption"],"picked":"Body Slam","floor":3.0},{"not_picked":["Burning Pact","Sever Soul"],"picked":"Rage","floor":5.0},{"not_picked":["Feel No Pain","Body Slam"],"picked":"Evolve","floor":10.0},{"not_picked":["Thunderclap","Armaments"],"picked":"Disarm","floor":12.0},{"not_picked":["Combust","Cleave"],"picked":"Dropkick","floor":14.0},{"not_picked":["Feed","Fiend Fire"],"picked":"Impervious","floor":16.0},{"not_picked":["Warcry","Hemokinesis","Havoc"],"picked":"SKIP","floor":18.0},{"not_picked":["Flex","True Grit"],"picked":"Exhume","floor":24.0},{"not_picked":["Rupture","Spot Weakness"],"picked":"Iron Wave","floor":27.0},{"not_picked":["Burning Pact","Seeing Red"],"picked":"Second Wind","floor":28.0},{"not_picked":["Brutality","Juggernaut"],"picked":"Demon Form","floor":33.0},{"not_picked":["Havoc","Blood for Blood","Heavy Blade+1"],"picked":"Singing Bowl","floor":35.0},{"not_picked":["Sword Boomerang+1","Anger"],"picked":"Shrug It Off","floor":37},{"not_picked":["Twin Strike","Body Slam"],"picked":"Flex+1","floor":38},{"not_picked":["Perfected Strike","Havoc"],"picked":"True Grit+1","floor":39},{"not_picked":["Cleave","Armaments+1"],"picked":"Entrench+1","floor":41},{"not_picked":["Limit Break","Twin Strike+1"],"picked":"Entrench","floor":42},{"not_picked":["Cleave","Evolve"],"picked":"Flame Barrier","floor":44}],"player_experience":2785397,"relics_obtained":[{"floor":9.0,"key":"Bottled Lightning"},{"floor":12.0,"key":"Mummified Hand"},{"floor":26.0,"key":"Self Forming Clay"},{"floor":28.0,"key":"PreservedInsect"},{"floor":37,"key":"Du-Vu Doll"},{"floor":42,"key":"Paper Frog"}],"event_choices":[{"damage_healed":0.0,"max_hp_gain":0.0,"max_hp_loss":7.0,"gold_gain":0.0,"event_name":"Golden Idol","player_choice":"Lose Max HP","floor":2.0,"gold_loss":0.0,"damage_taken":0.0,"relics_obtained":["Golden Idol"]},{"damage_healed":0.0,"max_hp_gain":0.0,"max_hp_loss":0.0,"gold_gain":0.0,"cards_transformed":["Strike_R"],"event_name":"Transmorgrifier","player_choice":"Transformed","floor":4.0,"gold_loss":0.0,"damage_taken":0.0,"cards_obtained":["Offering"]},{"damage_healed":0.0,"max_hp_gain":0.0,"max_hp_loss":0.0,"gold_gain":0.0,"event_name":"Shining Light","player_choice":"Entered Light","floor":7.0,"gold_loss":0.0,"damage_taken":20.0,"cards_upgraded":["Strike_R","Defend_R"]},{"cards_removed":["Strike_R"],"damage_healed":0.0,"max_hp_gain":0.0,"max_hp_loss":0.0,"gold_gain":0.0,"event_name":"Living Wall","player_choice":"Forget","floor":8.0,"gold_loss":0.0,"damage_taken":0.0},{"damage_healed":0.0,"max_hp_gain":0.0,"max_hp_loss":0.0,"gold_gain":0.0,"event_name":"Nest","player_choice":"Joined the Cult","floor":20.0,"gold_loss":0.0,"damage_taken":6.0,"cards_obtained":["RitualDagger"]},{"damage_healed":0.0,"max_hp_gain":0.0,"max_hp_loss":0.0,"gold_gain":0.0,"event_name":"The Mausoleum","player_choice":"Opened","floor":21.0,"gold_loss":0.0,"damage_taken":0.0,"relics_obtained":["Singing Bowl"],"cards_obtained":["Writhe"]},{"damage_healed":0.0,"max_hp_gain":0.0,"max_hp_loss":0.0,"gold_gain":0.0,"event_name":"Drug Dealer","player_choice":"Inject Mutagens","floor":29.0,"gold_loss":0.0,"damage_taken":0.0,"relics_obtained":["MutagenicStrength"]},{"damage_healed":0.0,"max_hp_gain":0.0,"max_hp_loss":0.0,"gold_gain":0.0,"event_name":"Tomb of Lord Red Mask","player_choice":"Ignored","floor":36.0,"gold_loss":0.0,"damage_taken":0.0},{"damage_healed":0,"gold_gain":0,"player_choice":"Fight","damage_taken":0,"max_hp_gain":0,"max_hp_loss":0,"event_name":"Mysterious Sphere","floor":37,"gold_loss":0}],"is_beta":true,"boss_relics":[{"not_picked":["Velvet Choker","Fusion Hammer"],"picked":"White Beast Statue"},{"not_picked":["Pandora\u0027s Box","Eternal Feather"],"picked":"Runic Pyramid"}],"items_purged_floors":[19,31],"is_endless":false,"potions_floor_spawned":[3,14,18,24,27,28,33,35,37,38,39,41,42,44],"killed_by":"Giant Head","ascension_level":17}