{"gold_per_floor":[113,131,144,162,179,179,206,206,206,206,206,216,235,255,255,255],"floor_reached":16,"playtime":960,"items_purged":[],"score":180,"play_id":"7d6b61f2-a166-406e-aa1b-d3c0884906a2","local_time":"20190209181110","is_ascension_mode":true,"campfire_choices":[{"data":"Perfected Strike","floor":6.0,"key":"SMITH"},{"data":"Clothesline","floor":8,"key":"SMITH"},{"floor":11,"key":"REST"},{"data":"Bash","floor":15,"key":"SMITH"}],"neow_cost":"NONE","seed_source_timestamp":2603817806334513,"circlet_count":0,"master_deck":["AscendersBane","Strike_R","Strike_R","Strike_R","Strike_R","Strike_R","Defend_R","Defend_R+1","Defend_R+1","Defend_R","Bash+1","Headbutt","Perfected Strike+1","Intimidate","Clothesline+1","Warcry","Seeing Red","Offering","Rage","Dual Wield"],"special_seed":0,"relics":["Burning Blood","War Paint","Turnip"],"potions_floor_usage":[14,16,16],"damage_taken":[{"damage":0.0,"enemies":"2 Louse","floor":1.0,"turns":4.0},{"damage":11.0,"enemies":"Jaw Worm","floor":2.0,"turns":4.0},{"damage":1.0,"enemies":"Cultist","floor":3.0,"turns":3.0},{"damage":18.0,"enemies":"3 Louse","floor":4.0,"turns":5.0},{"damage":12.0,"enemies":"Large Slime","floor":5.0,"turns":6.0},{"damage":31.0,"enemies":"Lagavulin","floor":7.0,"turns":6.0},{"damage":15,"enemies":"Lots of Slimes","floor":12,"turns":5},{"damage":18,"enemies":"Exordium Thugs","floor":13,"turns":5},{"damage":17,"enemies":"Exordium Wildlife","floor":14,"turns":4},{"damage":23,"enemies":"Hexaghost","floor":16,"turns":9}],"seed_played":"-5024474976295740354","potions_obtained":[{"floor":2.0,"key":"AttackPotion"},{"floor":4.0,"key":"SneckoOil"},{"floor":7,"key":"LiquidBronze"},{"floor":13,"key":"GamblersBrew"},{"floor":14,"key":"GamblersBrew"}],"is_trial":false,"path_per_floor":["M","M","M","M","M","R","E","R","T","?","R","M","M","M","R","B"],"character_chosen":"IRONCLAD","items_purchased":[],"campfire_rested":1,"item_purchase_floors":[],"current_hp_per_floor":[74,69,74,62,56,56,31,31,31,31,53,44,32,21,21,0],"gold":255,"neow_bonus":"THREE_CARDS","is_prod":false,"is_daily":false,"chose_seed":false,"campfire_upgraded":3,"win_rate":0,"timestamp":1549703470,"path_taken":["M","M","M","M","M","R","E","R","T","?","R","M","M","M","R","BOSS"],"build_version":"2019-01-23","purchased_purges":0,"victory":false,"max_hp_per_floor":[75,75,75,75,75,75,75,75,75,75,75,75,75,75,75,75],"card_choices":[{"not_picked":["Heavy Blade","Pummel"],"picked":"Headbutt","floor":0.0},{"not_picked":["Heavy Blade","Pommel Strike"],"picked":"Perfected Strike","floor":1.0},{"not_picked":["Feel No Pain","Sword Boomerang"],"picked":"Intimidate","floor":2.0},{"not_picked":["Heavy Blade","Body Slam"],"picked":"Clothesline","floor":3.0},{"not_picked":["Iron Wave","Cleave"],"picked":"Warcry","floor":4.0},{"not_picked":["Fire Breathing","Clash"],"picked":"Seeing Red","floor":5.0},{"not_picked":["Hemokinesis","Evolve"],"picked":"Offering","floor":7},{"not_picked":["Iron Wave","Anger","Combust"],"picked":"SKIP","floor":12},{"not_picked":["Headbutt","Havoc"],"picked":"Rage","floor":13},{"not_picked":["Heavy Blade","Rupture"],"picked":"Dual Wield","floor":14}],"player_experience":594302,"relics_obtained":[{"floor":7,"key":"War Paint"},{"floor":9,"key":"Turnip"}],"event_choices":[{"damage_healed":0,"gold_gain":0,"player_choice":"Ignored","damage_taken":0,"max_hp_gain":0,"max_hp_loss":0,"event_name":"Golden Idol","floor":10,"gold_loss":0}],"is_beta":false,"boss_relics":[],"items_purged_floors":[],"is_endless":false,"potions_floor_spawned":[2,4,7,13,14],"killed_by":"Hexaghost","ascension_level":14}