{"gold_per_floor":[113,188,188,208,222,222,253,253,253,31,61,75,89,101,101,101],"floor_reached":16,"playtime":627,"items_purged":["Strike_R"],"score":146,"play_id":"c0a44253-9896-4cdf-8d37-9ac0bf153873","local_time":"20190113212411","is_ascension_mode":true,"campfire_choices":[{"data":"Bash","floor":6,"key":"SMITH"},{"floor":8,"key":"REST"},{"floor":15,"key":"REST"}],"neow_cost":"NONE","seed_source_timestamp":282931706712467,"circlet_count":0,"master_deck":["Strike_R","Strike_R","Strike_R","Strike_R","Defend_R","Defend_R","Defend_R","Defend_R","Bash+1","Offering","Wild Strike","Sword Boomerang","Headbutt","Power Through","Burning Pact","Sever Soul","Shockwave","Cleave"],"relics":["Burning Blood","Darkstone Periapt","Happy Flower","Blood Vial","Self Forming Clay"],"potions_floor_usage":[7],"damage_taken":[{"damage":18,"enemies":"Jaw Worm","floor":1,"turns":3},{"damage":4,"enemies":"Small Slimes","floor":4,"turns":3},{"damage":1,"enemies":"Cultist","floor":5,"turns":3},{"damage":48,"enemies":"Gremlin Nob","floor":7,"turns":5},{"damage":36,"enemies":"Lagavulin","floor":11,"turns":6},{"damage":0,"enemies":"Large Slime","floor":12,"turns":5},{"damage":0,"enemies":"Exordium Wildlife","floor":13,"turns":3},{"damage":6,"enemies":"Looter","floor":14,"turns":3},{"damage":62,"enemies":"The Guardian","floor":16,"turns":13}],"seed_played":"8428490130517500659","potions_obtained":[{"floor":5,"key":"SkillPotion"},{"floor":11,"key":"Ancient Potion"},{"floor":13,"key":"Ancient Potion"}],"is_trial":false,"path_per_floor":["M","?","?","M","M","R","E","R","T","$","E","M","M","M","R","B"],"character_chosen":"IRONCLAD","items_purchased":["Blood Vial"],"campfire_rested":2,"item_purchase_floors":[10],"current_hp_per_floor":[60,49,54,56,61,61,19,44,44,44,16,24,32,34,59,0],"gold":101,"neow_bonus":"ONE_RANDOM_RARE_CARD","is_prod":false,"is_daily":false,"chose_seed":false,"campfire_upgraded":1,"win_rate":0,"timestamp":1547382251,"path_taken":["M","?","?","M","M","R","E","R","T","$","E","M","M","M","R","BOSS"],"build_version":"2019-01-10","purchased_purges":1,"victory":false,"max_hp_per_floor":[80,80,85,85,85,85,85,85,85,85,85,85,85,85,85,85],"card_choices":[{"not_picked":["Thunderclap","Shockwave"],"picked":"Wild Strike","floor":1},{"not_picked":["Clash","Body Slam"],"picked":"Sword Boomerang","floor":4},{"not_picked":["Perfected Strike","Bloodletting"],"picked":"Headbutt","floor":5},{"not_picked":["Perfected Strike","Second Wind"],"picked":"Power Through","floor":7},{"not_picked":["Fire Breathing","Metallicize"],"picked":"Burning Pact","floor":11},{"not_picked":["Brutality","Dropkick"],"picked":"Sever Soul","floor":12},{"not_picked":["Sword Boomerang","Pummel"],"picked":"Shockwave","floor":13},{"not_picked":["Iron Wave","Warcry"],"picked":"Cleave","floor":14}],"player_experience":366862,"relics_obtained":[{"floor":7,"key":"Darkstone Periapt"},{"floor":9,"key":"Happy Flower"},{"floor":11,"key":"Self Forming Clay"}],"event_choices":[{"damage_healed":0,"gold_gain":75,"player_choice":"Gather Gold","damage_taken":11,"max_hp_gain":0,"max_hp_loss":0,"event_name":"World of Goop","floor":2,"gold_loss":0},{"damage_healed":0,"gold_gain":0,"player_choice":"Donut","damage_taken":0,"max_hp_gain":5,"max_hp_loss":0,"event_name":"Big Fish","floor":3,"gold_loss":0}],"is_beta":false,"boss_relics":[],"items_purged_floors":[10],"is_endless":false,"potions_floor_spawned":[5,11,13],"killed_by":"The Guardian","ascension_level":6}