{"gold_per_floor":[12,30,44,56,72,98,98,10,10,10,28,85,85,85,85,85],"floor_reached":16,"playtime":210,"items_purged":[],"score":204,"play_id":"6ed68143-a932-43fb-a172-1683083125d1","local_time":"20190326011553","is_ascension_mode":true,"campfire_choices":[{"floor":7,"key":"REST"},{"data":"Defragment","floor":10,"key":"SMITH"},{"data":"Defragment","floor":15,"key":"SMITH"}],"neow_cost":"NO_GOLD","seed_source_timestamp":1042216712968800,"circlet_count":0,"master_deck":["AscendersBane","Strike_B","Strike_B","Strike_B","Strike_B","Defend_B","Defend_B","Defend_B","Defend_B","Zap","Dualcast","Ball Lightning","Melter","Lockon","Ball Lightning","Defragment+1","Skim","Defragment+1","Capacitor","Auto Shields","Injury"],"relics":["Cracked Core","Turnip","Bottled Tornado","Meat on the Bone","Dead Branch","Golden Idol"],"potions_floor_usage":[12,12],"damage_taken":[{"damage":6,"enemies":"Cultist","floor":1,"turns":4},{"damage":12,"enemies":"Jaw Worm","floor":2,"turns":2},{"damage":12,"enemies":"Small Slimes","floor":3,"turns":3},{"damage":0,"enemies":"2 Fungi Beasts","floor":4,"turns":2},{"damage":1,"enemies":"3 Louse","floor":5,"turns":2},{"damage":32,"enemies":"Gremlin Nob","floor":6,"turns":4},{"damage":0,"enemies":"Large Slime","floor":11,"turns":2},{"damage":30,"enemies":"Lagavulin Event","floor":12,"turns":4},{"damage":0,"enemies":"Slime Boss","floor":16,"turns":3}],"seed_played":"-494703699199217799","potions_obtained":[{"floor":4,"key":"EssenceOfSteel"},{"floor":6,"key":"Swift Potion"}],"is_trial":false,"path_per_floor":["M","M","M","M","M","E","R","$","T","R","M","?","?","?","R","B"],"character_chosen":"DEFECT","items_purchased":["Defragment"],"campfire_rested":1,"item_purchase_floors":[8],"current_hp_per_floor":[58,46,34,34,33,1,22,22,22,22,34,16,16,16,16,16],"gold":85,"neow_bonus":"ONE_RARE_RELIC","is_prod":false,"is_daily":false,"chose_seed":false,"campfire_upgraded":2,"win_rate":0,"timestamp":1553530553,"path_taken":["M","M","M","M","M","E","R","$","T","R","?","?","?","?","R","BOSS"],"build_version":"2019-01-23","purchased_purges":0,"victory":false,"max_hp_per_floor":[71,71,71,71,71,71,71,71,71,71,71,71,71,71,71,71],"card_choices":[{"not_picked":["Hologram","Steam"],"picked":"Ball Lightning","floor":1},{"not_picked":["Sweeping Beam","Storm"],"picked":"Melter","floor":2},{"not_picked":["Defragment","Gash"],"picked":"Lockon","floor":3},{"not_picked":["Melter","Defragment"],"picked":"Ball Lightning","floor":4},{"not_picked":["Beam Cell","Redo"],"picked":"Defragment","floor":5},{"not_picked":["Gash","Hologram"],"picked":"Skim","floor":6},{"not_picked":["Redo","Thunder Strike"],"picked":"Capacitor","floor":11},{"not_picked":["Beam Cell","Turbo"],"picked":"Auto Shields","floor":12}],"player_experience":4627415,"relics_obtained":[{"floor":6,"key":"Bottled Tornado"},{"floor":9,"key":"Meat on the Bone"},{"floor":12,"key":"Dead Branch"}],"event_choices":[{"damage_healed":0,"gold_gain":0,"player_choice":"Searched \u00271\u0027 times","damage_taken":0,"max_hp_gain":0,"max_hp_loss":0,"event_name":"Dead Adventurer","floor":12,"gold_loss":0},{"damage_healed":0,"gold_gain":0,"player_choice":"Take Wound","damage_taken":0,"relics_obtained":["Golden Idol"],"max_hp_gain":0,"max_hp_loss":0,"event_name":"Golden Idol","floor":13,"gold_loss":0,"cards_obtained":["Injury"]},{"damage_healed":0,"gold_gain":0,"player_choice":"Ignored","damage_taken":0,"max_hp_gain":0,"max_hp_loss":0,"event_name":"Shining Light","floor":14,"gold_loss":0}],"is_beta":false,"boss_relics":[],"items_purged_floors":[],"is_endless":false,"potions_floor_spawned":[4,6,11],"killed_by":"Slime Boss","ascension_level":20}