{"gold_per_floor":[118,43,43,43,43,43,60,60,60,60,79,79,97,130,130,201,201,219,219,231,24,24,24,39,39,89,124,143,143],"floor_reached":29,"playtime":657,"items_purged":["Strike_B"],"score":482,"play_id":"2af10892-147d-43fc-87c5-149f86697a80","local_time":"20190525131251","is_ascension_mode":true,"campfire_choices":[{"data":"Ball Lightning","floor":6,"key":"SMITH"},{"data":"Consume","floor":10,"key":"SMITH"},{"data":"Zap","floor":12,"key":"SMITH"},{"data":"Beam Cell","floor":15,"key":"SMITH"},{"floor":23,"key":"REST"},{"floor":25,"key":"REST"}],"neow_cost":"","seed_source_timestamp":219684270968300,"circlet_count":0,"master_deck":["AscendersBane","Strike_B","Defend_B","Defend_B","Defend_B","Defend_B+1","Zap+1","Dualcast","Ball Lightning+1","Consume+1","Doom and Gloom","Cold Snap","Beam Cell+1","Multi-Cast","Compile Driver","Coolheaded","Auto Shields+1","Self Repair","Coolheaded","Pain","Glacier","Hologram"],"relics":["Cracked Core","Membership Card","Pen Nib","Matryoshka","Regal Pillow","Inserter","Orichalcum","WarpedTongs","Dodecahedron","Blood Vial","War Paint"],"potions_floor_usage":[16,16,20,24,27],"damage_taken":[{"damage":0,"enemies":"2 Louse","floor":1,"turns":2},{"damage":0,"enemies":"Small Slimes","floor":7,"turns":4},{"damage":7,"enemies":"Jaw Worm","floor":11,"turns":3},{"damage":0,"enemies":"Large Slime","floor":13,"turns":3},{"damage":13,"enemies":"3 Sentries","floor":14,"turns":6},{"damage":25,"enemies":"Hexaghost","floor":16,"turns":7},{"damage":18,"enemies":"Spheric Guardian","floor":18,"turns":4},{"damage":26,"enemies":"Shell Parasite","floor":20,"turns":3},{"damage":26,"enemies":"3 Cultists","floor":24,"turns":5},{"damage":54,"enemies":"Slavers","floor":27,"turns":6},{"damage":19,"enemies":"Snake Plant","floor":28,"turns":7},{"damage":6,"enemies":"Snecko","floor":29,"turns":4}],"seed_played":"6417641651665422294","potions_obtained":[{"floor":1,"key":"AttackPotion"},{"floor":13,"key":"FearPotion"},{"floor":16,"key":"GamblersBrew"},{"floor":24,"key":"Explosive Potion"},{"floor":28,"key":"Explosive Potion"}],"is_trial":true,"path_per_floor":["M","?","?","?","?","R","M","?","T","R","M","R","M","E","R","B",null,"M","?","M","$","?","R","M","R","T","E","M","M"],"character_chosen":"DEFECT","items_purchased":["Orichalcum","Self Repair","Coolheaded","Block Potion"],"campfire_rested":2,"item_purchase_floors":[21,21,21,21],"current_hp_per_floor":[64,64,69,69,62,62,62,57,57,57,50,50,50,37,37,12,60,42,42,16,16,16,53,34,71,71,19,2,0],"gold":143,"neow_bonus":"","is_prod":false,"is_daily":false,"chose_seed":false,"campfire_upgraded":4,"win_rate":0,"timestamp":1558757571,"path_taken":["M","?","?","?","?","R","M","?","T","R","?","R","M","E","R","BOSS","M","?","M","$","?","R","M","R","T","E","?","M"],"build_version":"2019-01-23","purchased_purges":1,"victory":false,"max_hp_per_floor":[71,71,76,76,76,76,76,76,76,76,76,76,76,76,76,76,76,76,76,76,76,76,76,76,76,76,76,76,76],"card_choices":[{"not_picked":["Reprogram","Gash"],"picked":"Ball Lightning","floor":1},{"not_picked":["Undo","Rebound"],"picked":"Consume","floor":7},{"not_picked":["Redo","Fusion"],"picked":"Doom and Gloom","floor":11},{"not_picked":["Redo","Stack"],"picked":"Cold Snap","floor":13},{"not_picked":["Fusion","Turbo"],"picked":"Beam Cell","floor":14},{"not_picked":["Buffer","Seek"],"picked":"Multi-Cast","floor":16},{"not_picked":["Turbo","Steam"],"picked":"Compile Driver","floor":18},{"not_picked":["Defragment","Rebound+1"],"picked":"Auto Shields","floor":20},{"not_picked":["Ball Lightning","Rebound","Gash"],"picked":"SKIP","floor":24},{"not_picked":["Ball Lightning","Steam"],"picked":"Glacier","floor":27},{"not_picked":["Consume","Blizzard"],"picked":"Hologram","floor":28}],"player_experience":5156495,"relics_obtained":[{"floor":9,"key":"Matryoshka"},{"floor":14,"key":"Regal Pillow"},{"floor":26,"key":"Dodecahedron"},{"floor":26,"key":"Blood Vial"},{"floor":27,"key":"War Paint"}],"event_choices":[{"cards_removed":["Strike_B"],"damage_healed":0,"gold_gain":0,"player_choice":"Card Removal","damage_taken":0,"max_hp_gain":0,"max_hp_loss":0,"event_name":"The Cleric","floor":2,"gold_loss":75},{"damage_healed":0,"gold_gain":0,"player_choice":"Donut","damage_taken":0,"max_hp_gain":5,"max_hp_loss":0,"event_name":"Big Fish","floor":3,"gold_loss":0},{"damage_healed":0,"gold_gain":0,"player_choice":"Ignored","damage_taken":0,"max_hp_gain":0,"max_hp_loss":0,"event_name":"Liars Game","floor":4,"gold_loss":0},{"cards_removed":["Strike_B"],"damage_healed":0,"gold_gain":0,"player_choice":"Card Removal","damage_taken":7,"max_hp_gain":0,"max_hp_loss":0,"event_name":"Golden Wing","floor":5,"gold_loss":0},{"damage_healed":0,"gold_gain":0,"player_choice":"Success","damage_taken":5,"relics_obtained":["Pen Nib"],"max_hp_gain":0,"max_hp_loss":0,"event_name":"Scrap Ooze","floor":8,"gold_loss":0},{"damage_healed":0,"gold_gain":0,"player_choice":"Read","damage_taken":0,"max_hp_gain":0,"max_hp_loss":0,"event_name":"The Library","floor":19,"gold_loss":0,"cards_obtained":["Coolheaded"]},{"damage_healed":0,"gold_gain":0,"player_choice":"Rummage","damage_taken":0,"relics_obtained":["WarpedTongs"],"max_hp_gain":0,"max_hp_loss":0,"event_name":"Accursed Blacksmith","floor":22,"gold_loss":0,"cards_obtained":["Pain"]}],"is_beta":false,"boss_relics":[{"not_picked":["Pandora\u0027s Box","Empty Cage"],"picked":"Inserter"}],"items_purged_floors":[21],"is_endless":false,"potions_floor_spawned":[1,13,14,16,24,28],"killed_by":"Snecko","ascension_level":20}