{"path_per_floor":["M","M","?","?","$","E","T","R","T","R","M","M","M","?","R","B",null,"M","?","$","M","M","E","M","?","T","M","E","$","R","M","R","B",null,"M","?","M","$","M","R","M","?","T","?","?","R","?","M","R"],"character_chosen":"THE_SILENT","items_purchased":["Noxious Fumes","Blur","Meat on the Bone"],"gold_per_floor":[117,134,209,174,29,59,59,59,59,59,79,91,107,165,165,270,270,270,270,12,12,12,12,12,12,12,12,12,12,12,12,12,12,12,12,0,0,0,0,0,0,0,0,0,0,0,0,0,0],"floor_reached":50,"campfire_rested":8,"playtime":5578,"current_hp_per_floor":[69,67,56,70,70,21,21,42,42,63,63,59,50,52,70,36,70,69,69,69,62,60,56,52,52,52,53,35,35,56,46,67,37,70,46,46,42,42,36,57,40,40,40,40,30,66,66,52,70],"items_purged":[],"gold":0,"play_id":"41b772dc-d0cf-40a7-8b0a-bcd146165e9f","is_prod":false,"is_daily":false,"is_ascension_mode":false,"campfire_upgraded":0,"path_taken":["M","M","?","?","$","E","?","R","T","R","M","M","?","?","R","BOSS","M","?","$","M","M","E","M","?","T","?","E","$","R","?","R","BOSS","M","?","M","?","M","R","M","?","T","?","?","R","?","M","R","BOSS"],"build_version":"2018-01-25-PROD3","purchased_purges":0,"victory":false,"master_deck":["Defend_G+1","Defend_G","Defend_G","Defend_G","Defend_G","Survivor","Neutralize","Backstab","Poisoned Stab","Noxious Fumes","Blur","Flying Knee","Dodge and Roll","PiercingWail+1","Dash+1","Infinite Blades","Burst","Sucker Punch","Dagger Spray","Masterful Stab+1","Finisher","Backflip+1","Bite_G","Bite_G","Bite_G","Bite_G","Bite_G","Blur+1","After Image","A Thousand Cuts","Pain","Writhe","Injury","Deadly Poison+1","Poisoned Stab","Endless Agony+1","Blade Dance","Madness","Secret Technique","Bouncing Flask"],"max_hp_per_floor":[70,70,70,70,70,70,70,70,70,70,70,70,70,70,70,70,70,70,70,70,70,70,70,70,70,70,70,70,70,70,70,70,70,70,70,70,70,70,70,70,70,70,70,70,70,70,70,70,70],"relics":["Ring of the Snake","Vajra","Bronze Scales","Ornamental Fan","Ectoplasm","Meat on the Bone","Ancient Tea Set","War Paint","Molten Egg","Calling Bell","Juzu Bracelet","Lantern","Orichalcum","Red Mask","Regal Pillow"],"card_choices":[{"not_picked":["Calculated Gamble","Flying Knee"],"picked":"Backstab"},{"not_picked":["Masterful Stab","Backstab"],"picked":"Poisoned Stab"},{"not_picked":["Footwork","Riddle With Holes"],"picked":"Flying Knee"},{"not_picked":["Malaise","Poisoned Stab"],"picked":"Dodge and Roll"},{"not_picked":["Dodge and Roll","Deadly Poison"],"picked":"PiercingWail"},{"not_picked":["Backflip","Sucker Punch"],"picked":"Dash"},{"not_picked":["Flying Knee","Dodge and Roll"],"picked":"Infinite Blades"},{"not_picked":["After Image","Bullet Time"],"picked":"Burst"},{"not_picked":["Escape Plan","Outmaneuver"],"picked":"Caltrops"},{"not_picked":["Deflect","Outmaneuver"],"picked":"Dagger Spray"},{"not_picked":["Flying Knee","Prepared"],"picked":"Masterful Stab"},{"not_picked":["Masterful Stab","Acrobatics"],"picked":"Finisher"},{"not_picked":["Eviscerate","Caltrops"],"picked":"Backflip"},{"not_picked":["Endless Agony","Flechettes"],"picked":"Blur"},{"not_picked":["Calculated Gamble","PiercingWail"],"picked":"After Image"},{"not_picked":["Venomology","Glass Knife"],"picked":"A Thousand Cuts"},{"not_picked":["Dodge and Roll","Choke"],"picked":"Deadly Poison"},{"not_picked":["PiercingWail","Flechettes"],"picked":"Poisoned Stab"},{"not_picked":["Calculated Gamble","Flying Knee"],"picked":"Endless Agony"},{"not_picked":["Deadly Poison","Sucker Punch"],"picked":"Blade Dance"},{"not_picked":["Infinite Blades","Prepared"],"picked":"Bouncing Flask"}],"player_experience":42895,"potions_floor_usage":[37,39],"damage_taken":[{"damage":1.0,"enemies":"2 Louse","floor":1.0,"turns":3.0},{"damage":2.0,"enemies":"Blue Slaver","floor":2.0,"turns":6.0},{"damage":49.0,"enemies":"3 Sentries","floor":6.0,"turns":9.0},{"damage":0.0,"enemies":"Small Slimes","floor":11.0,"turns":2.0},{"damage":4.0,"enemies":"Looter","floor":12.0,"turns":3.0},{"damage":9.0,"enemies":"Lots of Slimes","floor":13.0,"turns":3.0},{"damage":0.0,"enemies":"Gremlin Nob","floor":14.0,"turns":3.0},{"damage":34.0,"enemies":"Slime Boss","floor":16.0,"turns":11.0},{"damage":1.0,"enemies":"Shell Parasite","floor":18.0,"turns":5.0},{"damage":8.0,"enemies":"Spheric Guardian","floor":21.0,"turns":4.0},{"damage":4.0,"enemies":"Snecko","floor":22.0,"turns":5.0},{"damage":6.0,"enemies":"Book of Stabbing","floor":23.0,"turns":5.0},{"damage":6.0,"enemies":"Chosen and Byrds","floor":24.0,"turns":5.0},{"damage":7.0,"enemies":"3 Cultists","floor":27.0,"turns":4.0},{"damage":46.0,"enemies":"Gremlin Leader","floor":28.0,"turns":8.0},{"damage":16.0,"enemies":"Snake Plant","floor":31.0,"turns":3.0},{"damage":51.0,"enemies":"Collector","floor":33.0,"turns":13.0},{"damage":30,"enemies":"3 Darklings","floor":35,"turns":5},{"damage":24,"enemies":"3 Shapes","floor":37,"turns":7},{"damage":26,"enemies":"Sphere and 2 Shapes","floor":39,"turns":6},{"damage":25,"enemies":"3 Darklings","floor":41,"turns":5},{"damage":21,"enemies":"4 Shapes","floor":48,"turns":5},{"damage":74,"enemies":"Donu and Deca","floor":50,"turns":6}],"event_choices":[{"event_name":"World of Goop","player_choice":"Gather Gold","floor":3.0,"damage_taken":0.0},{"event_name":"The Cleric","player_choice":"Healed","floor":4.0,"damage_taken":0.0},{"event_name":"Dead Adventurer","player_choice":"Searched \u00272\u0027 times","floor":14.0,"damage_taken":0.0},{"event_name":"The Library","player_choice":"Read","floor":19.0,"damage_taken":0.0},{"event_name":"Vampires","player_choice":"Became a vampire (Vial)","floor":25.0,"damage_taken":0.0},{"event_name":"Tomb of Lord Red Mask","player_choice":"Paid","floor":36,"damage_taken":0},{"event_name":"Mysterious Sphere","player_choice":"Ignore","floor":42,"damage_taken":0},{"event_name":"Winding Halls","player_choice":"Embrace Madness","floor":45,"damage_taken":0},{"event_name":"Transmorgrifier","player_choice":"Transform","floor":47,"damage_taken":0}],"boss_relics":[{"not_picked":["Astrolabe","Runic Dome"],"picked":"Calling Bell"}],"potions_floor_spawned":[1,11,12,13,16,18,21,27,31,37],"seed_played":"6222152260542357190","killed_by":"Donu and Deca","ascension_level":0,"is_trial":false}