{"gold_per_floor":[109,109,119,132,151,151,163,177,177,232,232,242,242,272,272,346,346,363,363,375,375,385,385,385],"floor_reached":24,"playtime":1216,"items_purged":[],"score":370,"play_id":"0df64f94-494e-4714-810c-f43f72b3a1ff","local_time":"20190409044051","is_ascension_mode":true,"campfire_choices":[{"data":"Skewer","floor":6,"key":"SMITH"},{"data":"Dagger Spray","floor":11,"key":"SMITH"},{"floor":13,"key":"REST"},{"data":"Malaise","floor":15,"key":"SMITH"},{"data":"Footwork","floor":23,"key":"SMITH"}],"neow_cost":"NONE","seed_source_timestamp":3469567225612213,"circlet_count":0,"master_deck":["AscendersBane","Defend_G","Defend_G","Defend_G","Defend_G","Defend_G","Survivor","Neutralize","Flying Knee","Skewer+1","Malaise+1","Dagger Spray+1","Flying Knee","PiercingWail","Blur","Dash","A Thousand Cuts","Storm of Steel","Sucker Punch","Footwork+1","Heel Hook+1"],"relics":["Ring of the Snake","Happy Flower","Bottled Lightning","Pen Nib","Mercury Hourglass","Empty Cage"],"potions_floor_usage":[10,10,14,16],"damage_taken":[{"damage":0,"enemies":"2 Louse","floor":1,"turns":2},{"damage":0,"enemies":"Cultist","floor":3,"turns":4},{"damage":7,"enemies":"Jaw Worm","floor":4,"turns":5},{"damage":0,"enemies":"Blue Slaver","floor":5,"turns":5},{"damage":10,"enemies":"3 Louse","floor":7,"turns":4},{"damage":1,"enemies":"Lots of Slimes","floor":8,"turns":3},{"damage":10,"enemies":"3 Sentries","floor":10,"turns":7},{"damage":10,"enemies":"Exordium Thugs","floor":12,"turns":4},{"damage":18,"enemies":"3 Sentries","floor":14,"turns":7},{"damage":14,"enemies":"Slime Boss","floor":16,"turns":10},{"damage":21,"enemies":"Spheric Guardian","floor":18,"turns":7},{"damage":2,"enemies":"Chosen","floor":20,"turns":6},{"damage":7,"enemies":"Shelled Parasite and Fungi","floor":22,"turns":8},{"damage":25,"enemies":"Cultist and Chosen","floor":24,"turns":5}],"seed_played":"-10106915595682526","potions_obtained":[{"floor":3,"key":"EssenceOfSteel"},{"floor":5,"key":"Poison Potion"},{"floor":7,"key":"LiquidBronze"},{"floor":12,"key":"EssenceOfSteel"},{"floor":14,"key":"Fire Potion"},{"floor":16,"key":"LiquidBronze"}],"is_trial":false,"path_per_floor":["M","?","M","M","M","R","M","M","T","?","R","M","R","E","R","B",null,"M","?","M","$","M","R","M"],"character_chosen":"THE_SILENT","items_purchased":[],"campfire_rested":1,"item_purchase_floors":[],"current_hp_per_floor":[59,59,59,52,52,52,42,41,41,31,31,21,40,22,22,8,52,31,31,29,29,22,22,0],"gold":385,"neow_bonus":"RANDOM_COMMON_RELIC","is_prod":false,"is_daily":false,"chose_seed":false,"campfire_upgraded":4,"win_rate":0,"timestamp":1554752451,"path_taken":["M","?","M","?","M","R","M","M","T","?","R","M","R","E","R","BOSS","M","?","M","$","M","R","M"],"build_version":"2019-04-04","purchased_purges":0,"victory":false,"max_hp_per_floor":[66,66,66,66,66,66,66,66,66,66,66,66,66,66,66,66,66,66,66,66,66,66,66,66],"card_choices":[{"not_picked":["Deflect","Deadly Poison"],"picked":"Flying Knee","floor":1},{"not_picked":["Flying Knee","Accuracy"],"picked":"Skewer","floor":3},{"not_picked":["Deflect","All Out Attack"],"picked":"Malaise","floor":4},{"not_picked":["Underhanded Strike","Well Laid Plans"],"picked":"Dagger Spray","floor":5},{"not_picked":["Poisoned Stab","Deadly Poison"],"picked":"Flying Knee","floor":7},{"not_picked":["Acrobatics","Bane"],"picked":"PiercingWail","floor":8},{"not_picked":["Slice","Outmaneuver"],"picked":"Blur","floor":10},{"not_picked":["Caltrops","Riddle With Holes"],"picked":"Dash","floor":12},{"not_picked":["Accuracy","Blade Dance","Flechettes"],"picked":"SKIP","floor":14},{"not_picked":["Grand Finale","Wraith Form v2"],"picked":"A Thousand Cuts","floor":16},{"not_picked":["Blade Dance","Tactician","Crippling Poison"],"picked":"SKIP","floor":18},{"not_picked":["Deflect","Setup"],"picked":"Footwork","floor":20},{"not_picked":["Backflip","Riddle With Holes+1"],"picked":"Heel Hook+1","floor":22}],"player_experience":2865419,"relics_obtained":[{"floor":9,"key":"Bottled Lightning"},{"floor":10,"key":"Pen Nib"},{"floor":14,"key":"Mercury Hourglass"}],"event_choices":[{"cards_removed":["Strike_G"],"damage_healed":0,"gold_gain":0,"player_choice":"Offered Basic","damage_taken":0,"max_hp_gain":0,"max_hp_loss":0,"event_name":"Bonfire Elementals","floor":2,"gold_loss":0},{"damage_healed":0,"gold_gain":0,"player_choice":"Searched \u00271\u0027 times","damage_taken":0,"max_hp_gain":0,"max_hp_loss":0,"event_name":"Dead Adventurer","floor":10,"gold_loss":0},{"damage_healed":0,"gold_gain":0,"cards_transformed":["Strike_G","Strike_G"],"player_choice":"Became Test Subject","damage_taken":0,"max_hp_gain":0,"max_hp_loss":0,"event_name":"Drug Dealer","floor":19,"gold_loss":0,"cards_obtained":["Storm of Steel","Sucker Punch"]}],"is_beta":true,"boss_relics":[{"not_picked":["Snecko Eye","Orrery"],"picked":"Empty Cage"}],"items_purged_floors":[],"is_endless":false,"potions_floor_spawned":[3,5,7,12,14,16],"killed_by":"Cultist and Chosen","ascension_level":17}