{"gold_per_floor":[118,68,68,45,45,84,108,108,135,174,199,199,214,29,29,158,158,182,182,202,35,56,56,56,77,77,100,100,0,13,13,13,13],"floor_reached":33,"playtime":2040,"items_purged":["Strike_R","Strike_R"],"score":336,"play_id":"3b447b06-88cc-4de1-b9ba-fe1eeb528532","local_time":"20181231003257","is_ascension_mode":true,"campfire_choices":[{"data":"Sword Boomerang","floor":8.0,"key":"SMITH"},{"data":"Apotheosis","floor":15.0,"key":"SMITH"},{"floor":23.0,"key":"REST"},{"floor":28,"key":"REST"},{"floor":32,"key":"REST"}],"neow_cost":"NONE","seed_source_timestamp":701087733468664,"circlet_count":0,"master_deck":["Defend_R","Defend_R","Defend_R+1","Bash+1","Sword Boomerang+1","Shrug It Off","Battle Trance","Flex+1","Iron Wave","Headbutt","Armaments","Apotheosis+1","Impervious","Bloodletting","Flex","Finesse","Barricade","Flex+1","Exhume"],"special_seed":0,"relics":["Burning Blood","NeowsBlessing","Golden Idol","Strawberry","Bag of Preparation","War Paint","Empty Cage","Peace Pipe"],"potions_floor_usage":[27,33],"damage_taken":[{"damage":0.0,"enemies":"Small Slimes","floor":1.0,"turns":1.0},{"damage":0.0,"enemies":"Lagavulin","floor":6.0,"turns":1.0},{"damage":0.0,"enemies":"Jaw Worm","floor":7.0,"turns":1.0},{"damage":47.0,"enemies":"3 Sentries","floor":10.0,"turns":8.0},{"damage":0.0,"enemies":"Cultist","floor":11.0,"turns":2.0},{"damage":7.0,"enemies":"Large Slime","floor":13.0,"turns":2.0},{"damage":24.0,"enemies":"The Guardian","floor":16.0,"turns":11.0},{"damage":19.0,"enemies":"Spheric Guardian","floor":18.0,"turns":6.0},{"damage":29.0,"enemies":"Colosseum Slavers","floor":19.0,"turns":5.0},{"damage":21.0,"enemies":"Shell Parasite","floor":20.0,"turns":4.0},{"damage":8.0,"enemies":"Snecko","floor":22.0,"turns":5.0},{"damage":23.0,"enemies":"Cultist and Chosen","floor":25.0,"turns":8.0},{"damage":22,"enemies":"Centurion and Healer","floor":27,"turns":4},{"damage":15,"enemies":"3 Cultists","floor":30,"turns":5},{"damage":75,"enemies":"Collector","floor":33,"turns":5}],"seed_played":"-4411759259353445313","potions_obtained":[{"floor":10.0,"key":"Weak Potion"},{"floor":11.0,"key":"Strength Potion"},{"floor":20.0,"key":"GamblersBrew"},{"floor":22.0,"key":"Weak Potion"},{"floor":30,"key":"GamblersBrew"}],"is_trial":false,"path_per_floor":["M","?","?","$","?","E","M","R","T","E","M","?","M","$","R","B",null,"M","?","M","$","M","R","?","M","T","M","R","$","M","?","R","B"],"character_chosen":"IRONCLAD","items_purchased":["Shrug It Off","Apotheosis","Finesse"],"campfire_rested":3,"item_purchase_floors":[4,14,21],"current_hp_per_floor":[80,80,60,60,60,73,79,79,79,38,44,32,31,31,31,13,87,74,51,36,36,34,60,60,43,43,27,53,53,44,44,70,0],"gold":13,"neow_bonus":"THREE_ENEMY_KILL","is_prod":false,"is_daily":false,"chose_seed":false,"campfire_upgraded":2,"win_rate":0,"timestamp":1546183977,"path_taken":["M","?","?","$","?","E","?","R","T","E","M","?","M","$","R","BOSS","M","?","M","$","M","R","?","M","T","M","R","$","M","?","R","BOSS"],"build_version":"2018-12-20","purchased_purges":2,"victory":false,"max_hp_per_floor":[80,80,80,80,80,87,87,87,87,87,87,87,87,87,87,87,87,87,87,87,87,87,87,87,87,87,87,87,87,87,87,87,87],"card_choices":[{"not_picked":["Bloodletting","Hemokinesis"],"picked":"Sword Boomerang","floor":1.0},{"not_picked":["Armaments","Pommel Strike"],"picked":"Battle Trance","floor":6.0},{"not_picked":["Sword Boomerang","Perfected Strike"],"picked":"Flex","floor":7.0},{"not_picked":["Clash","Fire Breathing"],"picked":"Iron Wave","floor":10.0},{"not_picked":["Heavy Blade","Rampage"],"picked":"Headbutt","floor":11.0},{"not_picked":["Anger","Dual Wield"],"picked":"Armaments","floor":13.0},{"not_picked":["Fiend Fire","Brutality"],"picked":"Impervious","floor":16.0},{"not_picked":["Headbutt","Havoc"],"picked":"Bloodletting","floor":18.0},{"not_picked":["Havoc","Armaments"],"picked":"Flex","floor":20.0},{"not_picked":["Power Through","Thunderclap","Corruption"],"picked":"SKIP","floor":22.0},{"not_picked":["True Grit","Flame Barrier+1"],"picked":"Flex+1","floor":25.0},{"not_picked":["Headbutt","Armaments+1","Burning Pact+1"],"picked":"SKIP","floor":27},{"not_picked":["Whirlwind+1","Clothesline"],"picked":"Exhume","floor":30}],"player_experience":286516,"relics_obtained":[{"floor":6.0,"key":"Strawberry"},{"floor":10.0,"key":"Bag of Preparation"},{"floor":26.0,"key":"Peace Pipe"}],"event_choices":[{"cards_removed":["Strike_R"],"damage_healed":0.0,"max_hp_gain":0.0,"max_hp_loss":0.0,"gold_gain":0.0,"event_name":"The Cleric","player_choice":"Card Removal","floor":2.0,"gold_loss":50.0,"damage_taken":0.0},{"damage_healed":0.0,"max_hp_gain":0.0,"max_hp_loss":0.0,"gold_gain":0.0,"event_name":"Golden Idol","player_choice":"Take Damage","floor":3.0,"gold_loss":0.0,"damage_taken":20.0,"relics_obtained":["Golden Idol"]},{"damage_healed":0.0,"max_hp_gain":0.0,"max_hp_loss":0.0,"gold_gain":0.0,"event_name":"Upgrade Shrine","player_choice":"Upgraded","floor":5.0,"gold_loss":0.0,"damage_taken":0.0,"cards_upgraded":["Bash"]},{"damage_healed":0.0,"max_hp_gain":0.0,"max_hp_loss":0.0,"gold_gain":0.0,"event_name":"Scrap Ooze","player_choice":"Success","floor":12.0,"gold_loss":0.0,"damage_taken":12.0,"relics_obtained":["War Paint"]},{"damage_healed":0.0,"max_hp_gain":0.0,"max_hp_loss":0.0,"gold_gain":0.0,"event_name":"Colosseum","player_choice":"Fight","floor":19.0,"gold_loss":0.0,"damage_taken":0.0},{"damage_healed":0.0,"max_hp_gain":0.0,"max_hp_loss":0.0,"gold_gain":0.0,"event_name":"Colosseum","player_choice":"Fled From Nobs","floor":19.0,"gold_loss":0.0,"damage_taken":0.0},{"damage_healed":0.0,"max_hp_gain":0.0,"max_hp_loss":0.0,"gold_gain":0.0,"event_name":"The Library","player_choice":"Read","floor":24.0,"gold_loss":0.0,"damage_taken":0.0,"cards_obtained":["Barricade"]},{"cards_removed":["Defend_R"],"damage_healed":0,"gold_gain":0,"player_choice":"Offered Basic","damage_taken":0,"max_hp_gain":0,"max_hp_loss":0,"event_name":"Bonfire Elementals","floor":31,"gold_loss":0}],"is_beta":false,"boss_relics":[{"not_picked":["Calling Bell","Black Star"],"picked":"Empty Cage"}],"items_purged_floors":[21,29],"is_endless":false,"potions_floor_spawned":[10,11,20,22,30],"killed_by":"Collector","ascension_level":4}