{"gold_per_floor":[118,37,54,65,84,84,112,122,122,151,151],"floor_reached":11,"playtime":704,"items_purged":[],"score":204,"play_id":"6f895376-504d-4e23-86ea-5153e2dc2026","local_time":"20190426132748","is_ascension_mode":true,"campfire_choices":[{"data":"Coolheaded","floor":6.0,"key":"SMITH"}],"neow_cost":"PERCENT_DAMAGE","seed_source_timestamp":1200568234985148,"circlet_count":0,"master_deck":["AscendersBane","Strike_B","Strike_B","Strike_B","Strike_B","Defend_B","Defend_B","Defend_B","Defend_B","Zap","Dualcast","Cold Snap","Turbo","Coolheaded+1","Go for the Eyes","Coolheaded","Rebound","Chaos","Core Surge"],"special_seed":0,"relics":["Cracked Core","Ice Cream","Incense Burner","Ornamental Fan","Bottled Lightning"],"potions_floor_usage":[],"damage_taken":[{"damage":4.0,"enemies":"2 Louse","floor":1.0,"turns":3.0},{"damage":5.0,"enemies":"Small Slimes","floor":3.0,"turns":3.0},{"damage":0.0,"enemies":"Cultist","floor":4.0,"turns":4.0},{"damage":0.0,"enemies":"2 Fungi Beasts","floor":5.0,"turns":4.0},{"damage":27.0,"enemies":"3 Sentries","floor":7.0,"turns":10.0},{"damage":8.0,"enemies":"Large Slime","floor":8.0,"turns":6.0},{"damage":0.0,"enemies":"Lagavulin","floor":10.0,"turns":8.0},{"damage":3,"enemies":"Gremlin Gang","floor":11,"turns":1}],"seed_played":"-6916471524390044277","potions_obtained":[{"floor":1.0,"key":"SpeedPotion"},{"floor":3.0,"key":"Strength Potion"}],"is_trial":false,"path_per_floor":["M","$","M","M","M","R","E","M","T","E","M"],"character_chosen":"DEFECT","items_purchased":["Turbo","Coolheaded"],"campfire_rested":0,"item_purchase_floors":[2,2],"current_hp_per_floor":[42,42,37,37,37,37,10,2,2,2,0],"gold":151,"neow_bonus":"ONE_RARE_RELIC","is_prod":false,"is_daily":false,"chose_seed":false,"campfire_upgraded":1,"win_rate":0,"timestamp":1556252868,"path_taken":["M","$","M","M","M","R","E","M","T","E","M"],"build_version":"2019-04-23","purchased_purges":0,"victory":false,"max_hp_per_floor":[71,71,71,71,71,71,71,71,71,71,71],"card_choices":[{"not_picked":["Rip and Tear","Reinforced Body"],"picked":"Cold Snap","floor":1.0},{"not_picked":["Sweeping Beam","Turbo"],"picked":"Go for the Eyes","floor":3.0},{"not_picked":["Stack","Go for the Eyes"],"picked":"Coolheaded","floor":4.0},{"not_picked":["Cold Snap","Loop"],"picked":"Rebound","floor":5.0},{"not_picked":["Static Discharge","Chill"],"picked":"Chaos","floor":7.0},{"not_picked":["Doom and Gloom","Sweeping Beam","Redo"],"picked":"SKIP","floor":8.0},{"not_picked":["Chill","Sweeping Beam"],"picked":"Core Surge","floor":10}],"player_experience":3084311,"relics_obtained":[{"floor":7.0,"key":"Incense Burner"},{"floor":9.0,"key":"Ornamental Fan"},{"floor":10,"key":"Bottled Lightning"}],"event_choices":[],"is_beta":true,"boss_relics":[],"items_purged_floors":[],"is_endless":false,"potions_floor_spawned":[1,3],"killed_by":"Gremlin Gang","ascension_level":17}