{"gold_per_floor":[114,125,142,153,153,153,185,185,185,185,204,204,204,218,218,296,296,315,328,1,16,27,27,40,40,40,60,60,60,79,99,99,176,176,196,196],"floor_reached":36,"playtime":2030,"items_purged":[],"score":685,"play_id":"8b46cbc3-1fbd-4f09-a3da-50ac7d231db9","local_time":"20190331025553","is_ascension_mode":true,"campfire_choices":[{"data":"Armaments","floor":6,"key":"SMITH"},{"data":"Twin Strike","floor":10,"key":"SMITH"},{"data":"Shrug It Off","floor":12,"key":"SMITH"},{"floor":15,"key":"REST"},{"data":"Apotheosis","floor":23,"key":"SMITH"},{"floor":25,"key":"REST"},{"floor":29,"key":"REST"},{"floor":32,"key":"REST"}],"neow_cost":"PERCENT_DAMAGE","seed_source_timestamp":2684867944271747,"circlet_count":0,"master_deck":["AscendersBane","Defend_R","Defend_R","Bash+1","Sword Boomerang+1","Twin Strike+1","Carnage","Shrug It Off+1","Headbutt","Double Tap","Cleave","Cleave+1","Apotheosis+1","Evolve","Reckless Charge","Spot Weakness","Shrug It Off","Clothesline","Demon Form","Rupture+1","Wild Strike+1","Sentinel+1","True Grit+1"],"relics":["Burning Blood","Whetstone","Boot","Mark of Pain","Astrolabe"],"potions_floor_usage":[4,19],"damage_taken":[{"damage":3,"enemies":"2 Louse","floor":1,"turns":4},{"damage":7,"enemies":"Jaw Worm","floor":2,"turns":5},{"damage":2,"enemies":"Cultist","floor":3,"turns":4},{"damage":0,"enemies":"3 Louse","floor":4,"turns":1},{"damage":26,"enemies":"Gremlin Nob","floor":7,"turns":5},{"damage":18,"enemies":"Large Slime","floor":11,"turns":8},{"damage":4,"enemies":"Red Slaver","floor":14,"turns":3},{"damage":42,"enemies":"Hexaghost","floor":16,"turns":13},{"damage":21,"enemies":"Shell Parasite","floor":18,"turns":3},{"damage":0,"enemies":"Spheric Guardian","floor":19,"turns":3},{"damage":1,"enemies":"Chosen and Byrds","floor":21,"turns":5},{"damage":22,"enemies":"Centurion and Healer","floor":22,"turns":6},{"damage":24,"enemies":"Snecko","floor":24,"turns":5},{"damage":30,"enemies":"Snake Plant","floor":27,"turns":4},{"damage":14,"enemies":"3 Cultists","floor":30,"turns":5},{"damage":5,"enemies":"Centurion and Healer","floor":31,"turns":6},{"damage":53,"enemies":"Champ","floor":33,"turns":9},{"damage":57,"enemies":"3 Darklings","floor":35,"turns":4},{"damage":11,"enemies":"Orb Walker","floor":36,"turns":1}],"seed_played":"-9101154036521442337","potions_obtained":[{"floor":2,"key":"Explosive Potion"},{"floor":7,"key":"FairyPotion"},{"floor":11,"key":"Explosive Potion"},{"floor":18,"key":"Swift Potion"},{"floor":24,"key":"SpeedPotion"}],"is_trial":false,"path_per_floor":["M","M","M","M","?","R","E","?","T","R","M","R","?","M","R","B",null,"M","M","$","M","M","R","M","R","T","M","?","R","M","M","R","B",null,"M","M"],"character_chosen":"IRONCLAD","items_purchased":["Apotheosis","Evolve","Strength Potion"],"campfire_rested":4,"item_purchase_floors":[20,20,20],"current_hp_per_floor":[53,52,56,62,62,62,42,35,35,35,23,23,23,25,47,11,59,44,50,50,55,39,39,21,43,43,19,19,41,33,34,56,9,59,8,0],"gold":196,"neow_bonus":"REMOVE_TWO","is_prod":false,"is_daily":false,"chose_seed":false,"campfire_upgraded":4,"win_rate":0,"timestamp":1553968553,"path_taken":["M","M","M","M","?","R","E","?","T","R","M","R","?","M","R","BOSS","M","M","$","?","M","R","M","R","T","M","?","R","M","M","R","BOSS","M","M"],"build_version":"2019-03-15","purchased_purges":0,"victory":false,"max_hp_per_floor":[75,75,75,75,75,75,75,75,75,75,75,75,75,75,75,75,75,75,75,75,75,75,75,75,75,75,75,75,75,75,75,75,75,75,75,75],"card_choices":[{"not_picked":["Pummel","Anger"],"picked":"Sword Boomerang","floor":1},{"not_picked":["Sword Boomerang","Flex"],"picked":"Armaments","floor":2},{"not_picked":["Clash","Anger"],"picked":"Twin Strike","floor":3},{"not_picked":["Berserk","Sword Boomerang"],"picked":"Carnage","floor":4},{"not_picked":["Infernal Blade","Thunderclap","Hemokinesis"],"picked":"SKIP","floor":7},{"not_picked":["True Grit","Body Slam"],"picked":"Shrug It Off","floor":11},{"not_picked":["Havoc","Fire Breathing"],"picked":"Headbutt","floor":14},{"not_picked":["Exhume","Immolate"],"picked":"Double Tap","floor":16},{"not_picked":["Fire Breathing","Metallicize"],"picked":"Cleave","floor":18},{"not_picked":["Heavy Blade+1","Havoc"],"picked":"Cleave+1","floor":19},{"not_picked":["Warcry","Anger"],"picked":"Reckless Charge","floor":21},{"not_picked":["Shockwave","Twin Strike"],"picked":"Spot Weakness","floor":22},{"not_picked":["Corruption","Wild Strike"],"picked":"Shrug It Off","floor":24},{"not_picked":["Havoc","Dual Wield+1"],"picked":"Clothesline","floor":27},{"not_picked":["Twin Strike","Burning Pact","Double Tap"],"picked":"SKIP","floor":30},{"not_picked":["Armaments","Anger","Clothesline"],"picked":"SKIP","floor":31},{"not_picked":["Brutality","Dark Embrace"],"picked":"Demon Form","floor":33},{"not_picked":["Rupture","Clash"],"picked":"True Grit+1","floor":35}],"player_experience":2782796,"relics_obtained":[{"floor":7,"key":"Whetstone"},{"floor":9,"key":"Boot"}],"event_choices":[{"cards_removed":["Strike_R"],"damage_healed":0,"gold_gain":0,"player_choice":"Forget","damage_taken":0,"max_hp_gain":0,"max_hp_loss":0,"event_name":"Living Wall","floor":5,"gold_loss":0},{"cards_removed":["Strike_R"],"damage_healed":0,"gold_gain":0,"player_choice":"Card Removal","damage_taken":7,"max_hp_gain":0,"max_hp_loss":0,"event_name":"Golden Wing","floor":8,"gold_loss":0},{"damage_healed":0,"gold_gain":0,"player_choice":"Forge","damage_taken":0,"max_hp_gain":0,"max_hp_loss":0,"event_name":"Accursed Blacksmith","floor":13,"gold_loss":0,"cards_upgraded":["Sword Boomerang"]},{"cards_removed":["Armaments"],"damage_healed":0,"gold_gain":0,"player_choice":"Elegance","damage_taken":0,"max_hp_gain":0,"max_hp_loss":0,"event_name":"Back to Basics","floor":28,"gold_loss":0}],"is_beta":true,"boss_relics":[{"not_picked":["Orrery","Runic Pyramid"],"picked":"Mark of Pain"},{"not_picked":["Black Star","Coffee Dripper"],"picked":"Astrolabe"}],"items_purged_floors":[],"is_endless":false,"potions_floor_spawned":[2,7,11,18,24,30,33],"killed_by":"Orb Walker","ascension_level":17}