{"gold_per_floor":[111,125,145,145,18,48,62,62,86,138,61,61,80,107,107,107],"floor_reached":16,"playtime":752,"items_purged":["Strike_G"],"score":110,"play_id":"694300f5-6bb4-4267-be0e-854869dcf1c7","local_time":"20181209232001","is_ascension_mode":false,"campfire_choices":[{"floor":12,"key":"REST"},{"data":"After Image","floor":15,"key":"SMITH"}],"neow_cost":"NONE","seed_source_timestamp":639125857709749,"circlet_count":0,"master_deck":["Defend_G","Defend_G","Defend_G","Defend_G","Defend_G","Strike_G","Strike_G","Strike_G","Strike_G","Survivor","Neutralize","Blade Dance+1","Poisoned Stab","Backflip","Blade Dance","Leg Sweep","Backstab","After Image+1","Backstab"],"relics":["Ring of the Snake","NeowsBlessing","Bag of Marbles","Omamori","Regal Pillow","Happy Flower","Bottled Lightning"],"potions_floor_usage":[6,14,16,16],"damage_taken":[{"damage":0,"enemies":"Jaw Worm","floor":1,"turns":1},{"damage":0,"enemies":"Small Slimes","floor":2,"turns":1},{"damage":0,"enemies":"Cultist","floor":3,"turns":1},{"damage":32,"enemies":"Gremlin Nob","floor":6,"turns":6},{"damage":13,"enemies":"Lots of Slimes","floor":7,"turns":3},{"damage":0,"enemies":"3 Louse","floor":13,"turns":3},{"damage":10,"enemies":"3 Sentries","floor":14,"turns":6},{"damage":53,"enemies":"Hexaghost","floor":16,"turns":14}],"seed_played":"149599458994953727","potions_obtained":[{"floor":1,"key":"Strength Potion"},{"floor":3,"key":"Block Potion"},{"floor":13,"key":"Fire Potion"},{"floor":14,"key":"SpeedPotion"}],"is_trial":false,"path_per_floor":["M","M","M","?","$","E","M","T","T","T","$","R","M","E","R","B"],"character_chosen":"THE_SILENT","items_purchased":["Blade Dance","Backstab"],"campfire_rested":1,"item_purchase_floors":[5,11],"current_hp_per_floor":[70,70,70,70,70,38,25,25,25,25,25,61,61,51,51,0],"gold":107,"neow_bonus":"THREE_ENEMY_KILL","is_prod":false,"is_daily":false,"chose_seed":false,"campfire_upgraded":1,"win_rate":0,"timestamp":1544365201,"path_taken":["M","M","M","?","$","E","M","?","T","?","$","R","M","E","R","BOSS"],"build_version":"2018-12-06","purchased_purges":1,"victory":false,"max_hp_per_floor":[70,70,70,70,70,70,70,70,70,70,70,70,70,70,70,70],"card_choices":[{"not_picked":["All Out Attack","Prepared"],"picked":"Blade Dance","floor":1},{"not_picked":["Deflect","Endless Agony"],"picked":"Poisoned Stab","floor":2},{"not_picked":["PiercingWail","Dodge and Roll"],"picked":"Backflip","floor":3},{"not_picked":["Acrobatics","Endless Agony","Footwork"],"picked":"SKIP","floor":6},{"not_picked":["Slice","Blade Dance"],"picked":"Leg Sweep","floor":7},{"not_picked":["Outmaneuver","Slice"],"picked":"After Image","floor":13},{"not_picked":["Tactician","Outmaneuver"],"picked":"Backstab","floor":14}],"player_experience":149718,"relics_obtained":[{"floor":6,"key":"Bag of Marbles"},{"floor":8,"key":"Omamori"},{"floor":9,"key":"Regal Pillow"},{"floor":10,"key":"Happy Flower"},{"floor":14,"key":"Bottled Lightning"}],"event_choices":[{"damage_healed":0,"gold_gain":0,"player_choice":"Grow","damage_taken":0,"max_hp_gain":0,"max_hp_loss":0,"event_name":"Living Wall","floor":4,"gold_loss":0,"cards_upgraded":["Blade Dance"]}],"is_beta":false,"boss_relics":[],"items_purged_floors":[5],"is_endless":false,"potions_floor_spawned":[1,3,13,14],"killed_by":"Hexaghost","ascension_level":0}