{"gold_per_floor":[111,36,36,47,47,47,59,59,82,82,101,176,126,140,140,243,243,258,158,138,238,254,254,271,271],"floor_reached":25,"playtime":2113,"items_purged":["Strike_B","Strike_B"],"score":193,"play_id":"c607b7a7-e3e5-45db-8c1a-38dd98d96c5e","local_time":"20181206151630","is_ascension_mode":false,"campfire_choices":[{"data":"Fission","floor":6,"key":"SMITH"},{"data":"Zap","floor":8,"key":"SMITH"},{"floor":10,"key":"REST"},{"floor":15,"key":"REST"},{"floor":23,"key":"REST"}],"neow_cost":"NONE","seed_source_timestamp":349548249404860,"circlet_count":0,"master_deck":["Strike_B","Defend_B","Defend_B","Defend_B","Defend_B","Zap+1","Dualcast+1","Fission+1","White Noise+1","Rebound","Creative AI","Conserve Battery","Stack+1"],"relics":["Cracked Core","Happy Flower","Sozu"],"potions_floor_usage":[16,22],"damage_taken":[{"damage":11,"enemies":"Jaw Worm","floor":1,"turns":4},{"damage":4,"enemies":"2 Louse","floor":4,"turns":3},{"damage":0,"enemies":"Small Slimes","floor":7,"turns":4},{"damage":2,"enemies":"3 Louse","floor":11,"turns":3},{"damage":10,"enemies":"Red Slaver","floor":14,"turns":4},{"damage":51,"enemies":"Slime Boss","floor":16,"turns":14},{"damage":28,"enemies":"Spheric Guardian","floor":18,"turns":5},{"damage":21,"enemies":"2 Thieves","floor":20,"turns":4},{"damage":14,"enemies":"Sentry and Sphere","floor":22,"turns":13},{"damage":26,"enemies":"Cultist and Chosen","floor":24,"turns":6},{"damage":16,"enemies":"Shelled Parasite and Fungi","floor":25,"turns":5}],"seed_played":"1326791007079574458","potions_obtained":[{"floor":4,"key":"Strength Potion"},{"floor":7,"key":"Ancient Potion"},{"floor":11,"key":"Energy Potion"},{"floor":14,"key":"EssenceOfSteel"},{"floor":16,"key":"SkillPotion"}],"is_trial":false,"path_per_floor":["M","$","?","M","?","R","M","R","T","R","M","?","?","M","R","B",null,"M","$","M","?","M","R","M","M"],"character_chosen":"DEFECT","items_purchased":[],"campfire_rested":3,"item_purchase_floors":[],"current_hp_per_floor":[64,64,69,65,49,49,49,49,49,73,71,60,60,50,74,23,80,52,52,31,31,17,41,15,0],"gold":271,"neow_bonus":"ONE_RANDOM_RARE_CARD","is_prod":false,"is_daily":false,"chose_seed":false,"campfire_upgraded":2,"win_rate":0.0,"timestamp":1544076990,"path_taken":["M","$","?","M","?","R","M","R","T","R","M","?","?","M","R","BOSS","M","$","M","?","?","R","M","M"],"build_version":"2018-11-15","purchased_purges":2,"victory":false,"max_hp_per_floor":[75,75,80,80,80,80,80,80,80,80,80,80,80,80,80,80,80,80,80,80,80,80,80,80,80],"card_choices":[{"not_picked":["Turbo","Redo"],"picked":"White Noise","floor":1},{"not_picked":["Hello World","Barrage","Turbo"],"picked":"SKIP","floor":4},{"not_picked":["Gash","Barrage","Reboot"],"picked":"SKIP","floor":7},{"not_picked":["Compile Driver","Hologram"],"picked":"Rebound","floor":11},{"not_picked":["Cold Snap","Rebound","Compile Driver"],"picked":"SKIP","floor":14},{"not_picked":["Rainbow","Hyperbeam"],"picked":"Creative AI","floor":16},{"not_picked":["Turbo","Streamline+1"],"picked":"Conserve Battery","floor":18},{"not_picked":["Leap","Steam"],"picked":"Stack+1","floor":20},{"not_picked":["Barrage","Cold Snap","Turbo"],"picked":"SKIP","floor":22},{"not_picked":["Hologram","Capacitor+1","Genetic Algorithm"],"picked":"SKIP","floor":24}],"player_experience":113360,"relics_obtained":[{"floor":9,"key":"Happy Flower"}],"event_choices":[{"damage_healed":0,"gold_gain":0,"player_choice":"Donut","damage_taken":0,"max_hp_gain":5,"max_hp_loss":0,"event_name":"Big Fish","floor":3,"gold_loss":0},{"damage_healed":0,"gold_gain":0,"player_choice":"Entered Light","damage_taken":16,"max_hp_gain":0,"max_hp_loss":0,"event_name":"Shining Light","floor":5,"gold_loss":0,"cards_upgraded":["Dualcast","White Noise"]},{"damage_healed":0,"gold_gain":75,"player_choice":"Gather Gold","damage_taken":11,"max_hp_gain":0,"max_hp_loss":0,"event_name":"World of Goop","floor":12,"gold_loss":0},{"cards_removed":["Strike_B"],"damage_healed":0,"gold_gain":0,"player_choice":"Card Removal","damage_taken":0,"max_hp_gain":0,"max_hp_loss":0,"event_name":"The Cleric","floor":13,"gold_loss":50},{"damage_healed":0,"gold_gain":100,"player_choice":"Pray","damage_taken":0,"max_hp_gain":0,"max_hp_loss":0,"event_name":"Golden Shrine","floor":21,"gold_loss":0}],"is_beta":false,"boss_relics":[{"not_picked":["Inserter","Runic Dome"],"picked":"Sozu"}],"items_purged_floors":[2,19],"is_endless":false,"potions_floor_spawned":[4,7,11,14,16,18],"killed_by":"Shelled Parasite and Fungi","ascension_level":0}