{"gold_per_floor":[112,12,12,12,12,12,27,27,54,88,108,132,132,148,148,242,242,256,256,146,160,0,0,44,60,84,84,34,34,34,48,48,141,141,160,160,34,47,47,47,71,71,97,110,128,26,39,39],"floor_reached":48,"playtime":5358,"items_purged":["Strike_R","Strike_R","True Grit"],"score":795,"play_id":"5aff1779-64ea-4517-86b1-7d0c9f1c64f8","local_time":"20181130200957","is_ascension_mode":true,"campfire_choices":[{"data":"Armaments","floor":6.0,"key":"SMITH"},{"floor":8.0,"key":"REST"},{"data":"Body Slam","floor":13.0,"key":"SMITH"},{"data":"Inflame","floor":15.0,"key":"SMITH"},{"data":"Uppercut","floor":23,"key":"SMITH"},{"floor":27,"key":"REST"},{"data":"Double Tap","floor":30,"key":"SMITH"},{"data":"Iron Wave","floor":32,"key":"SMITH"},{"data":"Inflame","floor":40,"key":"SMITH"},{"floor":42,"key":"REST"}],"neow_cost":"NONE","seed_source_timestamp":56816910844938,"circlet_count":0,"master_deck":["AscendersBane","Defend_R+1","Bash+1","Armaments+1","Iron Wave+1","Uppercut+1","Iron Wave","Body Slam+1","Inflame+1","Juggernaut+1","RitualDagger","Shrug It Off+1","Double Tap+1","Evolve","Inflame+1","Swift Strike","Flex","Flex"],"special_seed":0,"relics":["Burning Blood","Golden Idol","Centennial Puzzle","Odd Mushroom","Runic Pyramid","Pantograph","Smiling Mask","Empty Cage","War Paint"],"potions_floor_usage":[24,31],"damage_taken":[{"damage":1.0,"enemies":"Cultist","floor":1.0,"turns":3.0},{"damage":8.0,"enemies":"2 Louse","floor":7.0,"turns":3.0},{"damage":13.0,"enemies":"The Mushroom Lair","floor":10.0,"turns":8.0},{"damage":2.0,"enemies":"Small Slimes","floor":11.0,"turns":5.0},{"damage":0.0,"enemies":"2 Fungi Beasts","floor":12.0,"turns":3.0},{"damage":0.0,"enemies":"Looter","floor":14.0,"turns":3.0},{"damage":17.0,"enemies":"The Guardian","floor":16.0,"turns":9.0},{"damage":7.0,"enemies":"3 Byrds","floor":18.0,"turns":7.0},{"damage":9.0,"enemies":"Spheric Guardian","floor":21.0,"turns":4.0},{"damage":36,"enemies":"Book of Stabbing","floor":24,"turns":8},{"damage":0,"enemies":"Centurion and Healer","floor":25,"turns":5},{"damage":0,"enemies":"Shelled Parasite and Fungi","floor":31,"turns":6},{"damage":57,"enemies":"Collector","floor":33,"turns":9},{"damage":0,"enemies":"3 Shapes","floor":35,"turns":5},{"damage":16,"enemies":"3 Darklings","floor":38,"turns":4},{"damage":27,"enemies":"Writhing Mass","floor":41,"turns":5},{"damage":11,"enemies":"Jaw Worm Horde","floor":44,"turns":4},{"damage":13,"enemies":"3 Darklings","floor":45,"turns":5},{"damage":21,"enemies":"Transient","floor":47,"turns":5},{"damage":21,"enemies":"Spire Growth","floor":48,"turns":2}],"seed_played":"2482223129730342090","potions_obtained":[{"floor":1.0,"key":"Weak Potion"},{"floor":11.0,"key":"Weak Potion"},{"floor":18.0,"key":"SteroidPotion"},{"floor":24,"key":"Swift Potion"},{"floor":33,"key":"Strength Potion"},{"floor":44,"key":"EssenceOfSteel"}],"is_trial":false,"path_per_floor":["M","$","?","?","?","R","M","R","T","?","M","M","R","M","R","B",null,"M","?","?","M","?","R","E","M","T","R","$","?","R","M","R","B",null,"M","?","$","M","?","R","M","R","T","M","M","$","M","M"],"character_chosen":"IRONCLAD","items_purchased":["Iron Wave","Evolve","Flex","Dexterity Potion"],"campfire_rested":3,"item_purchase_floors":[2,37,46,46],"current_hp_per_floor":[73,73,50,43,43,43,41,61,61,54,58,64,64,68,68,57,65,64,58,58,55,55,55,25,31,31,51,51,51,51,57,57,17,55,61,61,61,51,41,41,20,40,40,35,28,28,13,0],"gold":39,"neow_bonus":"REMOVE_CARD","is_prod":false,"is_daily":false,"chose_seed":false,"campfire_upgraded":7,"win_rate":0,"timestamp":1543576197,"path_taken":["M","?","?","?","?","R","M","R","T","?","?","M","R","M","R","BOSS","M","?","?","?","?","R","E","M","T","R","$","?","R","M","R","BOSS","M","?","$","?","?","R","M","R","T","M","M","?","M","M"],"build_version":"2018-11-15","purchased_purges":3,"victory":false,"max_hp_per_floor":[75,75,75,75,68,68,68,68,68,68,68,68,68,68,68,68,68,68,68,68,68,68,68,68,68,68,68,68,68,68,68,68,68,68,68,68,68,68,68,68,68,68,68,68,68,68,68,68],"card_choices":[{"not_picked":["Flex","Clash"],"picked":"Armaments","floor":1.0},{"not_picked":["Thunderclap","Warcry"],"picked":"Uppercut","floor":7.0},{"not_picked":["Sentinel","Metallicize"],"picked":"Iron Wave","floor":10.0},{"not_picked":["Armaments","Burning Pact"],"picked":"Body Slam","floor":11.0},{"not_picked":["Sever Soul","Warcry","Perfected Strike"],"picked":"SKIP","floor":12.0},{"not_picked":["Uppercut","Bludgeon"],"picked":"Inflame","floor":14.0},{"not_picked":["Immolate","Brutality"],"picked":"Juggernaut","floor":16.0},{"not_picked":["Pommel Strike","Cleave","Havoc"],"picked":"SKIP","floor":18.0},{"not_picked":["Pommel Strike","Wild Strike"],"picked":"Shrug It Off","floor":21.0},{"not_picked":["Evolve","Warcry+1"],"picked":"Double Tap","floor":24},{"not_picked":["Thunderclap","Hemokinesis","Metallicize"],"picked":"SKIP","floor":25},{"not_picked":["Perfected Strike","Twin Strike+1","Havoc"],"picked":"SKIP","floor":31},{"not_picked":["Power Through","Twin Strike"],"picked":"True Grit","floor":35},{"not_picked":["Searing Blow","Warcry"],"picked":"Inflame","floor":38},{"not_picked":["Impatience","PanicButton"],"picked":"Swift Strike","floor":39},{"not_picked":["Combust+1","Havoc","Uppercut"],"picked":"SKIP","floor":41},{"not_picked":["Armaments","Iron Wave","Headbutt"],"picked":"SKIP","floor":44},{"not_picked":["Pommel Strike","Clash"],"picked":"Flex","floor":45},{"not_picked":["Infernal Blade","Sword Boomerang+1","Clash+1"],"picked":"SKIP","floor":47}],"player_experience":2474964,"relics_obtained":[{"floor":9.0,"key":"Centennial Puzzle"},{"floor":10.0,"key":"Odd Mushroom"},{"floor":24,"key":"Pantograph"},{"floor":26,"key":"Smiling Mask"},{"floor":43,"key":"War Paint"}],"event_choices":[{"damage_healed":0.0,"max_hp_gain":0.0,"max_hp_loss":0.0,"gold_gain":0.0,"event_name":"Shining Light","player_choice":"Entered Light","floor":3.0,"gold_loss":0.0,"damage_taken":23.0,"cards_upgraded":["Bash","Defend_R"]},{"cards_removed":["Strike_R"],"damage_healed":0.0,"max_hp_gain":0.0,"max_hp_loss":0.0,"gold_gain":0.0,"event_name":"Golden Wing","player_choice":"Card Removal","floor":4.0,"gold_loss":0.0,"damage_taken":7.0},{"damage_healed":0.0,"max_hp_gain":0.0,"max_hp_loss":7.0,"gold_gain":0.0,"event_name":"Golden Idol","player_choice":"Lose Max HP","floor":5.0,"gold_loss":0.0,"damage_taken":0.0,"relics_obtained":["Golden Idol"]},{"damage_healed":0.0,"max_hp_gain":0.0,"max_hp_loss":0.0,"gold_gain":0.0,"event_name":"Mushrooms","player_choice":"Fought Mushrooms","floor":10.0,"gold_loss":0.0,"damage_taken":0.0},{"damage_healed":0.0,"max_hp_gain":0.0,"max_hp_loss":0.0,"gold_gain":0.0,"event_name":"Nest","player_choice":"Joined the Cult","floor":19.0,"gold_loss":0.0,"damage_taken":6.0,"cards_obtained":["RitualDagger"]},{"cards_removed":["Strike_R"],"damage_healed":0.0,"max_hp_gain":0.0,"max_hp_loss":0.0,"gold_gain":0.0,"event_name":"Designer","player_choice":"Upgrade and Remove","floor":20.0,"gold_loss":110.0,"damage_taken":0.0,"cards_upgraded":["Juggernaut"]},{"damage_healed":0,"gold_gain":0,"player_choice":"Paid Fearfully","damage_taken":0,"max_hp_gain":0,"max_hp_loss":0,"event_name":"Masked Bandits","floor":22,"gold_loss":160},{"cards_removed":["Defend_R"],"damage_healed":0,"gold_gain":0,"player_choice":"Offered Basic","damage_taken":0,"max_hp_gain":0,"max_hp_loss":0,"event_name":"Bonfire Elementals","floor":36,"gold_loss":0},{"damage_healed":0,"gold_gain":0,"player_choice":"Memory 3","damage_taken":10,"max_hp_gain":0,"max_hp_loss":0,"event_name":"SensoryStone","floor":39,"gold_loss":0}],"is_beta":true,"boss_relics":[{"not_picked":["Coffee Dripper","Runic Cube"],"picked":"Runic Pyramid"},{"not_picked":["Mark of Pain","Tiny House"],"picked":"Empty Cage"}],"items_purged_floors":[2,28,37],"is_endless":false,"potions_floor_spawned":[1,11,14,18,24,33,38,44,45],"killed_by":"Spire Growth","ascension_level":15}