{"gold_per_floor":[109,123,66,83,100,100,132,147,147,147,164,199,211,1,1,73,73,85,103,118,168,93,93],"floor_reached":23,"playtime":942,"items_purged":["Strike_B"],"score":369,"play_id":"82dbaea8-2270-4d17-b4e5-719884f2de14","local_time":"20190209105748","is_ascension_mode":true,"campfire_choices":[{"data":"Zap","floor":6,"key":"SMITH"},{"floor":10,"key":"REST"},{"floor":15,"key":"REST"}],"neow_cost":"NONE","seed_source_timestamp":2577846394124239,"circlet_count":0,"master_deck":["AscendersBane","Strike_B","Strike_B","Strike_B","Defend_B","Defend_B","Defend_B","Defend_B","Zap+1","Dualcast","Creative AI","Hologram","Chill","Conserve Battery","Genetic Algorithm","Sweeping Beam","Force Field","Melter","Coolheaded","White Noise","Conserve Battery","Electrodynamics","Coolheaded","Glacier"],"relics":["Cracked Core","Cables","Kunai","Gremlin Horn","Runic Capacitor","Sozu"],"potions_floor_usage":[12,12,16,23],"damage_taken":[{"damage":0,"enemies":"Cultist","floor":1,"turns":3},{"damage":12,"enemies":"Small Slimes","floor":2,"turns":4},{"damage":0,"enemies":"2 Louse","floor":4,"turns":5},{"damage":14,"enemies":"Blue Slaver","floor":5,"turns":6},{"damage":22,"enemies":"3 Sentries","floor":7,"turns":11},{"damage":10,"enemies":"3 Louse","floor":8,"turns":5},{"damage":6,"enemies":"Looter","floor":11,"turns":3},{"damage":8,"enemies":"Lagavulin","floor":12,"turns":8},{"damage":2,"enemies":"2 Fungi Beasts","floor":13,"turns":4},{"damage":26,"enemies":"Hexaghost","floor":16,"turns":10},{"damage":6,"enemies":"3 Byrds","floor":18,"turns":1},{"damage":24,"enemies":"2 Thieves","floor":19,"turns":3},{"damage":0,"enemies":"Sentry and Sphere","floor":20,"turns":4},{"damage":27,"enemies":"Book of Stabbing","floor":23,"turns":8}],"seed_played":"6840191858899552613","potions_obtained":[{"floor":4,"key":"LiquidBronze"},{"floor":7,"key":"Strength Potion"},{"floor":13,"key":"Swift Potion"},{"floor":16,"key":"FearPotion"}],"is_trial":false,"path_per_floor":["M","M","$","M","M","R","E","M","T","R","M","E","M","$","R","B",null,"M","M","M","?","$","E"],"character_chosen":"DEFECT","items_purchased":["Conserve Battery","Runic Capacitor"],"campfire_rested":2,"item_purchase_floors":[3,14],"current_hp_per_floor":[64,52,52,52,38,38,16,6,6,27,21,13,11,11,32,6,55,49,25,25,25,25,0],"gold":93,"neow_bonus":"ONE_RANDOM_RARE_CARD","is_prod":false,"is_daily":false,"chose_seed":false,"campfire_upgraded":1,"win_rate":0,"timestamp":1549677468,"path_taken":["M","M","$","M","M","R","E","M","T","R","M","E","M","$","R","BOSS","M","M","?","?","$","E"],"build_version":"2019-01-23","purchased_purges":1,"victory":false,"max_hp_per_floor":[71,71,71,71,71,71,71,71,71,71,71,71,71,71,71,71,71,71,71,71,71,71,71],"card_choices":[{"not_picked":["Compile Driver","Steam Power"],"picked":"Hologram","floor":1},{"not_picked":["Cold Snap","Leap"],"picked":"Chill","floor":2},{"not_picked":["Barrage","Compile Driver"],"picked":"Genetic Algorithm","floor":4},{"not_picked":["Redo","Rip and Tear"],"picked":"Sweeping Beam","floor":5},{"not_picked":["Gash","Aggregate"],"picked":"Force Field","floor":7},{"not_picked":["Conserve Battery","Sweeping Beam"],"picked":"Melter","floor":8},{"not_picked":["Fission","Loop"],"picked":"Coolheaded","floor":11},{"not_picked":["Reprogram","Storm"],"picked":"White Noise","floor":12},{"not_picked":["Ball Lightning","Tempest"],"picked":"Conserve Battery","floor":13},{"not_picked":["Machine Learning","Rainbow"],"picked":"Electrodynamics","floor":16},{"not_picked":["Conserve Battery","Sweeping Beam"],"picked":"Coolheaded","floor":18},{"not_picked":["Streamline","Sweeping Beam"],"picked":"Glacier","floor":19},{"not_picked":["Gash","Cold Snap","Sweeping Beam"],"picked":"SKIP","floor":20}],"player_experience":592498,"relics_obtained":[{"floor":7,"key":"Cables"},{"floor":9,"key":"Kunai"},{"floor":12,"key":"Gremlin Horn"}],"event_choices":[{"damage_healed":0,"gold_gain":100,"player_choice":"Bet on Murderer","damage_taken":0,"max_hp_gain":0,"max_hp_loss":0,"event_name":"The Joust","floor":21,"gold_loss":50}],"is_beta":false,"boss_relics":[{"not_picked":["White Beast Statue","Inserter"],"picked":"Sozu"}],"items_purged_floors":[22],"is_endless":false,"potions_floor_spawned":[4,7,11,13,16,20],"killed_by":"Book of Stabbing","ascension_level":16}