{"gold_per_floor":[368,383,258,274,293,293,326,326,326,501,501,66,76,89,89,184,184,198,123,56,67,67,67,84,84,108,120,135,135,135,155,155,155],"floor_reached":33,"playtime":3399,"items_purged":["Strike_G","Doubt"],"score":249,"play_id":"8449daf2-45bd-468d-95a5-f5d1b4409ac3","local_time":"20181126013642","is_ascension_mode":false,"campfire_choices":[{"floor":6,"key":"REST"},{"floor":8,"key":"REST"},{"data":"Distraction","floor":11,"key":"SMITH"},{"floor":15,"key":"REST"},{"data":"Blade Dance","floor":23,"key":"SMITH"},{"floor":25,"key":"REST"},{"floor":29,"key":"REST"},{"floor":32,"key":"REST"}],"neow_cost":"PERCENT_DAMAGE","seed_source_timestamp":888952492390823,"circlet_count":0,"master_deck":["Defend_G","Defend_G","Defend_G","Defend_G","Strike_G","Strike_G","Strike_G","Strike_G","Survivor","Neutralize","Escape Plan","Blade Dance+1","Dagger Spray","Dagger Throw","Dagger Throw","Distraction+1","Dramatic Entrance","Terror","Dagger Spray","Die Die Die","Prepared","Choke","Outmaneuver+1","Backstab","Blade Dance","Flying Knee","PiercingWail","Writhe","Blade Dance"],"relics":["Ring of the Snake","Calipers","Sundial","Letter Opener","Lizard Tail","Blood Vial","Matryoshka"],"potions_floor_usage":[7,16,24,28,33,33,33,33],"damage_taken":[{"damage":1,"enemies":"Small Slimes","floor":1,"turns":4},{"damage":6,"enemies":"2 Louse","floor":2,"turns":3},{"damage":1,"enemies":"Jaw Worm","floor":4,"turns":4},{"damage":8,"enemies":"Exordium Thugs","floor":5,"turns":6},{"damage":25,"enemies":"3 Sentries","floor":7,"turns":6},{"damage":0,"enemies":"2 Fungi Beasts","floor":13,"turns":2},{"damage":15,"enemies":"Large Slime","floor":14,"turns":5},{"damage":32,"enemies":"Hexaghost","floor":16,"turns":9},{"damage":9,"enemies":"2 Thieves","floor":18,"turns":3},{"damage":0,"enemies":"3 Byrds","floor":21,"turns":3},{"damage":40,"enemies":"Centurion and Healer","floor":24,"turns":4},{"damage":15,"enemies":"Chosen and Byrds","floor":27,"turns":7},{"damage":16,"enemies":"Snake Plant","floor":28,"turns":4},{"damage":29,"enemies":"Snecko","floor":31,"turns":6},{"damage":137,"enemies":"Automaton","floor":33,"turns":12}],"seed_played":"1518289212449223814","potions_obtained":[{"floor":1,"key":"EntropicBrew"},{"floor":4,"key":"LiquidBronze"},{"floor":5,"key":"GamblersBrew"},{"floor":13,"key":"Regen Potion"},{"floor":18,"key":"Ancient Potion"},{"floor":24,"key":"SteroidPotion"}],"is_trial":false,"path_per_floor":["M","M","$","M","M","R","E","R","T","?","R","$","M","M","R","B",null,"M","?","$","M","?","R","M","R","T","M","M","R","?","M","R","B"],"character_chosen":"THE_SILENT","items_purchased":["Dagger Spray","Dramatic Entrance","Letter Opener","Choke"],"campfire_rested":6,"item_purchase_floors":[3,12,12,20],"current_hp_per_floor":[48,42,42,41,33,54,29,50,50,50,50,50,50,35,56,39,70,61,61,61,61,61,61,21,42,42,29,15,36,36,9,30,0],"gold":155,"neow_bonus":"TWO_FIFTY_GOLD","is_prod":false,"is_daily":false,"chose_seed":false,"campfire_upgraded":2,"win_rate":0.0,"timestamp":1543163802,"path_taken":["M","M","$","M","M","R","E","R","T","?","R","$","M","M","R","BOSS","M","?","$","M","?","R","M","R","T","?","M","R","?","M","R","BOSS"],"build_version":"2018-11-15","purchased_purges":2,"victory":false,"max_hp_per_floor":[70,70,70,70,70,70,70,70,70,70,70,70,70,70,70,70,70,70,70,70,70,70,70,70,70,70,70,70,70,70,70,70,70],"card_choices":[{"not_picked":["Footwork","Acrobatics"],"picked":"Escape Plan","floor":1},{"not_picked":["Masterful Stab","Reflex"],"picked":"Blade Dance","floor":2},{"not_picked":["Blur","Dodge and Roll"],"picked":"Dagger Throw","floor":4},{"not_picked":["Outmaneuver","Escape Plan"],"picked":"Dagger Throw","floor":5},{"not_picked":["Dagger Spray","Endless Agony"],"picked":"Distraction","floor":7},{"not_picked":["Footwork","Skewer"],"picked":"Terror","floor":13},{"not_picked":["Slice","Predator"],"picked":"Dagger Spray","floor":14},{"not_picked":["Tools of the Trade","Malaise"],"picked":"Die Die Die","floor":16},{"not_picked":["Dodge and Roll","Flying Knee"],"picked":"Prepared","floor":18},{"not_picked":["Dagger Throw","Dagger Spray"],"picked":"Outmaneuver+1","floor":21},{"not_picked":["Flying Knee","All Out Attack"],"picked":"Blade Dance","floor":24},{"not_picked":["Blade Dance","Acrobatics"],"picked":"Flying Knee","floor":27},{"not_picked":["Leg Sweep","Blade Dance"],"picked":"PiercingWail","floor":28},{"not_picked":["Distraction","Dagger Throw"],"picked":"Blade Dance","floor":31}],"player_experience":11857,"relics_obtained":[{"floor":7,"key":"Calipers"},{"floor":9,"key":"Sundial"},{"floor":26,"key":"Blood Vial"}],"event_choices":[{"damage_healed":0,"gold_gain":175,"player_choice":"AGREE","damage_taken":0,"max_hp_gain":0,"max_hp_loss":0,"event_name":"Liars Game","floor":10,"gold_loss":0,"cards_obtained":["Doubt"]},{"cards_removed":["Defend_G"],"damage_healed":0,"gold_gain":0,"player_choice":"Gave Gold","damage_taken":0,"max_hp_gain":0,"max_hp_loss":0,"event_name":"Beggar","floor":19,"gold_loss":75},{"damage_healed":0,"gold_gain":0,"player_choice":"Read","damage_taken":0,"max_hp_gain":0,"max_hp_loss":0,"event_name":"The Library","floor":22,"gold_loss":0,"cards_obtained":["Backstab"]},{"damage_healed":0,"gold_gain":0,"player_choice":"Opened","damage_taken":0,"relics_obtained":["Matryoshka"],"max_hp_gain":0,"max_hp_loss":0,"event_name":"The Mausoleum","floor":30,"gold_loss":0,"cards_obtained":["Writhe"]}],"is_beta":false,"boss_relics":[{"not_picked":["Runic Dome","Orrery"],"picked":"Lizard Tail"}],"items_purged_floors":[3,12],"is_endless":false,"potions_floor_spawned":[1,4,5,13,18,24],"killed_by":"Automaton","ascension_level":0}