{"gold_per_floor":[360,371,34,54,67,98,98,109,188,202,229,229,263,263,263,263],"floor_reached":16,"playtime":783,"items_purged":["Strike_B"],"score":177,"play_id":"834215a7-eb86-4865-abb3-02bc6d083963","local_time":"20190424132844","is_ascension_mode":true,"campfire_choices":[{"floor":7,"key":"REST"},{"floor":12,"key":"REST"},{"floor":15,"key":"REST"}],"neow_cost":"TEN_PERCENT_HP_LOSS","seed_source_timestamp":51834127037757,"circlet_count":0,"master_deck":["Strike_B","Strike_B","Strike_B","Defend_B","Defend_B","Defend_B","Defend_B","Zap","Dualcast","Cold Snap","Rebound","Steam+1","Leap+1","Sweeping Beam","Tempest+1","Ball Lightning","Hologram+1"],"relics":["Cracked Core","Toxic Egg 2","Centennial Puzzle","Nunchaku","DataDisk"],"potions_floor_usage":[11,13,16],"damage_taken":[{"damage":2,"enemies":"Jaw Worm","floor":1,"turns":4},{"damage":5,"enemies":"2 Louse","floor":2,"turns":2},{"damage":12,"enemies":"Small Slimes","floor":4,"turns":3},{"damage":9,"enemies":"3 Louse","floor":5,"turns":4},{"damage":27,"enemies":"Lagavulin","floor":6,"turns":7},{"damage":3,"enemies":"2 Fungi Beasts","floor":8,"turns":5},{"damage":0,"enemies":"Blue Slaver","floor":10,"turns":3},{"damage":27,"enemies":"Gremlin Nob","floor":11,"turns":4},{"damage":5,"enemies":"3 Sentries","floor":13,"turns":5},{"damage":39,"enemies":"The Guardian","floor":16,"turns":10}],"seed_played":"2953430623790404948","potions_obtained":[{"floor":4,"key":"LiquidBronze"},{"floor":5,"key":"Dexterity Potion"},{"floor":6,"key":"Weak Potion"}],"is_trial":false,"path_per_floor":["M","M","$","M","M","E","R","M","T","M","E","R","E","?","R","B"],"character_chosen":"DEFECT","items_purchased":["Toxic Egg 2"],"campfire_rested":3,"item_purchase_floors":[3],"current_hp_per_floor":[66,61,61,49,40,13,33,30,30,30,3,23,18,18,38,0],"gold":263,"neow_bonus":"TWO_FIFTY_GOLD","is_prod":false,"is_daily":false,"chose_seed":false,"campfire_upgraded":0,"win_rate":0,"timestamp":1556105324,"path_taken":["M","M","$","M","M","E","R","M","T","M","E","R","E","?","R","BOSS"],"build_version":"2019-01-23","purchased_purges":1,"victory":false,"max_hp_per_floor":[68,68,68,68,68,68,68,68,68,68,68,68,68,68,68,68],"card_choices":[{"not_picked":["Beam Cell","Leap"],"picked":"Cold Snap","floor":1},{"not_picked":["Beam Cell","Fusion"],"picked":"Rebound","floor":2},{"not_picked":["Go for the Eyes","Fusion+1"],"picked":"Steam+1","floor":4},{"not_picked":["Cold Snap","Lockon","Gash"],"picked":"SKIP","floor":5},{"not_picked":["Echo Form","Hello World"],"picked":"Leap+1","floor":6},{"not_picked":["Stack+1","Streamline"],"picked":"Sweeping Beam","floor":8},{"not_picked":["Reinforced Body+1","Conserve Battery+1"],"picked":"Tempest+1","floor":10},{"not_picked":["Lockon","Sunder"],"picked":"Ball Lightning","floor":11},{"not_picked":["Aggregate+1","Leap+1"],"picked":"Hologram+1","floor":13}],"player_experience":479590,"relics_obtained":[{"floor":6,"key":"Centennial Puzzle"},{"floor":11,"key":"Nunchaku"},{"floor":13,"key":"DataDisk"}],"event_choices":[{"damage_healed":0,"gold_gain":0,"player_choice":"Ignored","damage_taken":0,"max_hp_gain":0,"max_hp_loss":0,"event_name":"Shining Light","floor":14,"gold_loss":0}],"is_beta":false,"boss_relics":[],"items_purged_floors":[3],"is_endless":false,"potions_floor_spawned":[4,5,6,10],"killed_by":"The Guardian","ascension_level":9}