{"gold_per_floor":[18,37,53,53,64,64,78,78,78,78,99,99,122,155,155,253,253,267,392,392,392,365,365,365,381,381,401,29,29,52,65,65,158,158,172,172,192,216,231,231,266,266,336,372,94,94,134,2,2,2,2,2,2,2],"floor_reached":54,"playtime":5937,"items_purged":["Defend_G"],"score":1549,"play_id":"d58fc48c-9c16-4a09-ab28-59ff396eb0a9","local_time":"20190525201029","is_ascension_mode":true,"campfire_choices":[{"data":"Terror","floor":6.0,"key":"SMITH"},{"data":"Dash","floor":8.0,"key":"SMITH"},{"data":"Bouncing Flask","floor":12.0,"key":"SMITH"},{"data":"Neutralize","floor":15.0,"key":"SMITH"},{"floor":23.0,"key":"REST"},{"data":"Apotheosis","floor":29.0,"key":"SMITH"},{"floor":32.0,"key":"REST"},{"floor":40.0,"key":"REST"},{"floor":46,"key":"REST"},{"floor":49,"key":"RECALL"},{"data":"Calculated Gamble","floor":52,"key":"SMITH"}],"neow_cost":"NO_GOLD","seed_source_timestamp":0,"circlet_count":0,"master_deck":["AscendersBane","Defend_G","Defend_G","Defend_G","Survivor","Neutralize+1","Terror+1","Calculated Gamble+1","Leg Sweep","Bouncing Flask+1","Dash+1","PiercingWail","Tactician","Dagger Throw","After Image","Reflex+1","Noxious Fumes+1","Escape Plan+1","Predator+1","Malaise","Well Laid Plans+1","Venomology","Footwork+1","Apotheosis+1","Adrenaline","PiercingWail","Madness","Madness","Acrobatics+1","Backflip","Well Laid Plans+1","Envenom+1","Footwork+1","A Thousand Cuts+1","Flash of Steel","Calculated Gamble+1"],"special_seed":0,"relics":["Ring of the Snake","Sundial","Golden Idol","Letter Opener","Astrolabe","Torii","Frozen Egg 2","Art of War","PreservedInsect","HoveringKite","Happy Flower","Ornamental Fan","Orichalcum","Potion Belt"],"potions_floor_usage":[44,47,50,50,50],"damage_taken":[{"damage":0.0,"enemies":"Cultist","floor":1.0,"turns":4.0},{"damage":0.0,"enemies":"Jaw Worm","floor":2.0,"turns":6.0},{"damage":1.0,"enemies":"2 Louse","floor":3.0,"turns":5.0},{"damage":10.0,"enemies":"Large Slime","floor":5.0,"turns":7.0},{"damage":5.0,"enemies":"3 Louse","floor":7.0,"turns":2.0},{"damage":0.0,"enemies":"Blue Slaver","floor":11.0,"turns":4.0},{"damage":7.0,"enemies":"Exordium Wildlife","floor":13.0,"turns":6.0},{"damage":16.0,"enemies":"Lagavulin","floor":14.0,"turns":7.0},{"damage":1.0,"enemies":"Hexaghost","floor":16.0,"turns":10.0},{"damage":2.0,"enemies":"Chosen","floor":18.0,"turns":5.0},{"damage":17.0,"enemies":"Colosseum Slavers","floor":19.0,"turns":5.0},{"damage":10.0,"enemies":"Colosseum Nobs","floor":19.0,"turns":4.0},{"damage":7.0,"enemies":"2 Thieves","floor":22.0,"turns":4.0},{"damage":13.0,"enemies":"3 Cultists","floor":25.0,"turns":7.0},{"damage":1.0,"enemies":"Snake Plant","floor":27.0,"turns":6.0},{"damage":0.0,"enemies":"Sentry and Sphere","floor":31.0,"turns":7.0},{"damage":19.0,"enemies":"Collector","floor":33.0,"turns":11.0},{"damage":13.0,"enemies":"3 Darklings","floor":35.0,"turns":8.0},{"damage":17.0,"enemies":"Orb Walker","floor":37.0,"turns":5.0},{"damage":9.0,"enemies":"3 Darklings","floor":38.0,"turns":6.0},{"damage":1.0,"enemies":"Sphere and 2 Shapes","floor":39.0,"turns":5.0},{"damage":0.0,"enemies":"Nemesis","floor":41.0,"turns":9.0},{"damage":0,"enemies":"Giant Head","floor":44,"turns":6},{"damage":0,"enemies":"Nemesis","floor":47,"turns":9},{"damage":27,"enemies":"Donu and Deca","floor":50,"turns":8},{"damage":73,"enemies":"Shield and Spear","floor":54,"turns":3}],"seed_played":"-6184404915991099293","potions_obtained":[{"floor":2.0,"key":"AttackPotion"},{"floor":5.0,"key":"GhostInAJar"},{"floor":11.0,"key":"Ancient Potion"},{"floor":16.0,"key":"Ancient Potion"},{"floor":25.0,"key":"PowerPotion"},{"floor":27.0,"key":"GhostInAJar"},{"floor":37.0,"key":"Fruit Juice"},{"floor":44,"key":"Strength Potion"}],"is_trial":false,"path_per_floor":["M","M","M","$","M","R","M","R","T","?","M","R","M","E","R","B",null,"M","?","?","?","M","R","?","M","T","M","$","R","T","M","R","B",null,"M","?","M","M","M","R","E","?","T","E","$","R","E","$","R","B",null,"R","$","E"],"character_chosen":"THE_SILENT","items_purchased":["Apotheosis","Art of War","A Thousand Cuts+1","Flash of Steel","Swift Potion"],"campfire_rested":4,"item_purchase_floors":[28,28,45,45,48],"current_hp_per_floor":[59,59,58,58,48,48,43,43,43,43,43,43,36,20,20,19,50,48,21,21,21,14,32,32,19,19,18,18,18,18,18,36,17,49,36,25,13,4,3,22,22,22,22,22,22,41,41,41,41,14,52,52,52,0],"gold":2,"neow_bonus":"TRANSFORM_TWO_CARDS","is_prod":false,"is_daily":false,"chose_seed":false,"campfire_upgraded":6,"win_rate":0,"timestamp":1558782629,"path_taken":["M","M","M","$","M","R","M","R","T","?","M","R","M","E","R","BOSS","M","?","?","?","M","R","?","M","T","?","$","R","?","M","R","BOSS","M","?","M","M","M","R","E","?","T","E","$","R","E","$","R","BOSS","R","$","E"],"build_version":"2019-05-24v2","purchased_purges":1,"victory":false,"max_hp_per_floor":[66,66,66,66,66,66,66,66,66,60,60,60,60,60,60,60,60,60,60,60,60,60,60,60,60,60,60,60,60,60,60,60,60,60,60,60,65,65,65,65,65,65,65,65,65,65,65,65,65,65,65,65,65,65],"card_choices":[{"not_picked":["Dagger Throw","Escape Plan"],"picked":"Leg Sweep","floor":1.0},{"not_picked":["Underhanded Strike","Concentrate"],"picked":"Deadly Poison","floor":2.0},{"not_picked":["Blade Dance","Dagger Throw"],"picked":"Bouncing Flask","floor":3.0},{"not_picked":["Deflect","Outmaneuver"],"picked":"Dash","floor":5.0},{"not_picked":["Deflect","Dash"],"picked":"PiercingWail","floor":7.0},{"not_picked":["Backstab","Deadly Poison"],"picked":"Tactician","floor":11.0},{"not_picked":["Dash","Outmaneuver","Eviscerate"],"picked":"SKIP","floor":13.0},{"not_picked":["Sucker Punch","Leg Sweep"],"picked":"Dagger Throw","floor":14.0},{"not_picked":["Unload","Night Terror"],"picked":"After Image","floor":16.0},{"not_picked":["Sucker Punch","Dash"],"picked":"Predator+1","floor":18.0},{"not_picked":["Underhanded Strike","Deflect","Accuracy+1"],"picked":"SKIP","floor":22.0},{"not_picked":["Slice","All Out Attack"],"picked":"Venomology","floor":25.0},{"not_picked":["Deadly Poison","Infinite Blades+1"],"picked":"Footwork+1","floor":27.0},{"not_picked":["Concentrate","Deadly Poison","Dagger Throw"],"picked":"SKIP","floor":31.0},{"not_picked":["Glass Knife","Grand Finale"],"picked":"Adrenaline","floor":33.0},{"not_picked":["Leg Sweep","Dagger Throw"],"picked":"PiercingWail","floor":35.0},{"not_picked":["Slice+1","Dodge and Roll"],"picked":"Acrobatics+1","floor":37.0},{"not_picked":["Escape Plan","Catalyst"],"picked":"Backflip","floor":38.0},{"not_picked":["Skewer","Dodge and Roll"],"picked":"Well Laid Plans+1","floor":39.0},{"not_picked":["Poisoned Stab","Bane","Prepared"],"picked":"SKIP","floor":41.0},{"not_picked":["Poisoned Stab","Bane","Prepared"],"picked":"SKIP","floor":41.0},{"not_picked":["Underhanded Strike","Endless Agony","All Out Attack"],"picked":"SKIP","floor":44},{"not_picked":["Tools of the Trade+1","Concentrate"],"picked":"Calculated Gamble+1","floor":47}],"player_experience":3331529,"relics_obtained":[{"floor":9.0,"key":"Sundial"},{"floor":14.0,"key":"Letter Opener"},{"floor":19.0,"key":"Torii"},{"floor":19.0,"key":"Frozen Egg 2"},{"floor":30.0,"key":"PreservedInsect"},{"floor":41.0,"key":"Happy Flower"},{"floor":43,"key":"Ornamental Fan"},{"floor":44,"key":"Orichalcum"},{"floor":47,"key":"Potion Belt"}],"event_choices":[{"damage_healed":0.0,"max_hp_gain":0.0,"max_hp_loss":6.0,"gold_gain":0.0,"event_name":"Golden Idol","player_choice":"Lose Max HP","floor":10.0,"gold_loss":0.0,"damage_taken":0.0,"relics_obtained":["Golden Idol"]},{"damage_healed":0.0,"max_hp_gain":0.0,"max_hp_loss":0.0,"gold_gain":0.0,"event_name":"Colosseum","player_choice":"Fight","floor":19.0,"gold_loss":0.0,"damage_taken":0.0},{"damage_healed":0.0,"max_hp_gain":0.0,"max_hp_loss":0.0,"gold_gain":0.0,"event_name":"Colosseum","player_choice":"Fought Nobs","floor":19.0,"gold_loss":0.0,"damage_taken":0.0},{"damage_healed":0.0,"max_hp_gain":0.0,"max_hp_loss":0.0,"gold_gain":0.0,"cards_transformed":["Deadly Poison","Defend_G"],"event_name":"Drug Dealer","player_choice":"Became Test Subject","floor":20.0,"gold_loss":0.0,"damage_taken":0.0,"cards_obtained":["Malaise","Well Laid Plans"]},{"damage_healed":0.0,"max_hp_gain":0.0,"max_hp_loss":0.0,"gold_gain":0.0,"event_name":"Cursed Tome","player_choice":"Ignored","floor":21.0,"gold_loss":0.0,"damage_taken":0.0},{"damage_healed":0.0,"max_hp_gain":0.0,"max_hp_loss":0.0,"gold_gain":0.0,"event_name":"Ghosts","player_choice":"Ignored","floor":24.0,"gold_loss":0.0,"damage_taken":0.0},{"damage_healed":0.0,"max_hp_gain":0.0,"max_hp_loss":0.0,"gold_gain":0.0,"event_name":"Winding Halls","player_choice":"Embrace Madness","floor":36.0,"gold_loss":0.0,"damage_taken":11.0,"cards_obtained":["Madness","Madness"]},{"damage_healed":0,"gold_gain":0,"player_choice":"2 cards matched","damage_taken":0,"max_hp_gain":0,"max_hp_loss":0,"event_name":"Match and Keep!","floor":42,"gold_loss":0,"cards_obtained":["Envenom","Footwork"]}],"is_beta":true,"boss_relics":[{"not_picked":["Empty Cage","Tiny House"],"picked":"Astrolabe"},{"not_picked":["Eternal Feather","Calling Bell"],"picked":"HoveringKite"}],"items_purged_floors":[48],"is_endless":false,"potions_floor_spawned":[2,5,11,16,19,25,27,37,39,44],"killed_by":"Shield and Spear","ascension_level":18}