{"gold_per_floor":[111,36,47,47,64,64,75,75,124,179,194,207,207,219,219,296,296,309,16,16,16,35,35,61,61,61,76,76,110,130,130,130,130],"floor_reached":33,"playtime":1137,"items_purged":["Strike_R","Strike_R"],"score":485,"play_id":"e12935cd-8d15-4350-8313-a6d39871dfab","local_time":"20181207151451","is_ascension_mode":true,"campfire_choices":[{"data":"Shockwave","floor":6.0,"key":"SMITH"},{"data":"Bash","floor":8.0,"key":"SMITH"},{"data":"Inflame","floor":13.0,"key":"SMITH"},{"data":"Clothesline","floor":15.0,"key":"SMITH"},{"floor":23,"key":"REST"},{"floor":25,"key":"REST"},{"floor":28,"key":"REST"},{"data":"Burning Pact","floor":32,"key":"SMITH"}],"neow_cost":"NONE","seed_source_timestamp":313209831545455,"circlet_count":0,"master_deck":["AscendersBane","Strike_R","Strike_R","Strike_R","Defend_R","Defend_R","Defend_R","Defend_R","Bash+1","Twin Strike","Clothesline+1","Shockwave+1","Battle Trance","Inflame+1","Cleave","Burning Pact+1","Shrug It Off","Immolate","Cleave","Ghostly Armor","RitualDagger","Twin Strike","Thunderclap+1","RitualDagger"],"special_seed":0,"relics":["Burning Blood","Ancient Tea Set","Lantern","Art of War","Busted Crown","Oddly Smooth Stone","Omamori","Meat on the Bone","Blue Candle"],"potions_floor_usage":[22,33],"damage_taken":[{"damage":1.0,"enemies":"Cultist","floor":1.0,"turns":3.0},{"damage":0.0,"enemies":"Small Slimes","floor":3.0,"turns":3.0},{"damage":7.0,"enemies":"Jaw Worm","floor":5.0,"turns":4.0},{"damage":7.0,"enemies":"Red Slaver","floor":7.0,"turns":5.0},{"damage":6.0,"enemies":"Gremlin Nob","floor":10.0,"turns":3.0},{"damage":12.0,"enemies":"Lots of Slimes","floor":11.0,"turns":4.0},{"damage":6.0,"enemies":"3 Louse","floor":12.0,"turns":3.0},{"damage":9.0,"enemies":"Red Slaver","floor":14.0,"turns":2.0},{"damage":42.0,"enemies":"Hexaghost","floor":16.0,"turns":9.0},{"damage":14.0,"enemies":"Spheric Guardian","floor":18.0,"turns":5.0},{"damage":6,"enemies":"Chosen","floor":22,"turns":5},{"damage":42,"enemies":"Gremlin Leader","floor":24,"turns":5},{"damage":32,"enemies":"Snake Plant","floor":27,"turns":5},{"damage":19,"enemies":"Slavers","floor":29,"turns":2},{"damage":6,"enemies":"3 Cultists","floor":30,"turns":3},{"damage":67,"enemies":"Champ","floor":33,"turns":7}],"seed_played":"1601893108642848261","potions_obtained":[{"floor":5.0,"key":"Strength Potion"},{"floor":10.0,"key":"Strength Potion"},{"floor":11.0,"key":"Ancient Potion"},{"floor":16.0,"key":"Ancient Potion"},{"floor":22,"key":"Explosive Potion"},{"floor":30,"key":"Ancient Potion"}],"is_trial":false,"path_per_floor":["M","$","M","?","M","R","M","R","T","?","M","M","R","M","R","B",null,"M","$","?","?","M","R","E","R","T","M","R","E","M","?","R","B"],"character_chosen":"IRONCLAD","items_purchased":["Oddly Smooth Stone","Ghostly Armor"],"campfire_rested":3,"item_purchase_floors":[19,19],"current_hp_per_floor":[73,73,75,75,74,74,73,73,73,73,67,67,67,64,64,28,63,55,55,49,49,49,71,35,57,57,43,65,52,52,52,52,0],"gold":130,"neow_bonus":"RANDOM_COMMON_RELIC","is_prod":false,"is_daily":false,"chose_seed":false,"campfire_upgraded":5,"win_rate":0,"timestamp":1544163291,"path_taken":["M","$","?","?","M","R","M","R","T","?","M","M","R","M","R","BOSS","M","$","?","?","M","R","E","R","T","?","R","E","M","?","R","BOSS"],"build_version":"2018-12-06","purchased_purges":2,"victory":false,"max_hp_per_floor":[75,75,75,75,75,75,75,75,75,75,75,75,75,75,75,75,75,75,75,75,75,75,75,75,75,75,75,75,75,75,75,75,75],"card_choices":[{"not_picked":["Wild Strike","Anger"],"picked":"Twin Strike","floor":1.0},{"not_picked":["Clash","Headbutt"],"picked":"Clothesline","floor":3.0},{"not_picked":["Sword Boomerang","Flex"],"picked":"Shockwave","floor":5.0},{"not_picked":["Body Slam","Sever Soul"],"picked":"Battle Trance","floor":7.0},{"not_picked":["Intimidate","Rampage"],"picked":"Inflame","floor":10.0},{"not_picked":["Sword Boomerang","Thunderclap"],"picked":"Cleave","floor":11.0},{"not_picked":["Berserk","Headbutt"],"picked":"Burning Pact","floor":12.0},{"not_picked":["True Grit","Intimidate"],"picked":"Shrug It Off","floor":14.0},{"not_picked":["Brutality","Juggernaut"],"picked":"Immolate","floor":16.0},{"not_picked":[],"picked":"Cleave","floor":18.0},{"not_picked":[],"picked":"Twin Strike","floor":22},{"not_picked":["Wild Strike"],"picked":"SKIP","floor":24},{"not_picked":["Perfected Strike"],"picked":"SKIP","floor":27},{"not_picked":["Berserk"],"picked":"SKIP","floor":29},{"not_picked":[],"picked":"Thunderclap+1","floor":30}],"player_experience":2528074,"relics_obtained":[{"floor":9.0,"key":"Lantern"},{"floor":10.0,"key":"Art of War"},{"floor":24,"key":"Omamori"},{"floor":26,"key":"Meat on the Bone"},{"floor":29,"key":"Blue Candle"}],"event_choices":[{"damage_healed":0.0,"max_hp_gain":0.0,"max_hp_loss":0.0,"gold_gain":0.0,"event_name":"The Cleric","player_choice":"Leave","floor":4.0,"gold_loss":0.0,"damage_taken":0.0},{"damage_healed":0.0,"max_hp_gain":0.0,"max_hp_loss":0.0,"gold_gain":0.0,"event_name":"Dead Adventurer","player_choice":"Searched \u00271\u0027 times","floor":10.0,"gold_loss":0.0,"damage_taken":0.0},{"damage_healed":0.0,"max_hp_gain":0.0,"max_hp_loss":0.0,"gold_gain":0.0,"event_name":"Nest","player_choice":"Joined the Cult","floor":20.0,"gold_loss":0.0,"damage_taken":6.0,"cards_obtained":["RitualDagger"]},{"damage_healed":0.0,"max_hp_gain":0.0,"max_hp_loss":0.0,"gold_gain":0.0,"event_name":"N\u0027loth","player_choice":"Ignored","floor":21.0,"gold_loss":0.0,"damage_taken":0.0},{"damage_healed":0,"gold_gain":0,"player_choice":"Copied","damage_taken":0,"max_hp_gain":0,"max_hp_loss":0,"event_name":"Duplicator","floor":31,"gold_loss":0,"cards_obtained":["RitualDagger"]}],"is_beta":true,"boss_relics":[{"not_picked":["Cursed Key","Tiny House"],"picked":"Busted Crown"}],"items_purged_floors":[2,19],"is_endless":false,"potions_floor_spawned":[5,10,11,16,22,30],"killed_by":"Champ","ascension_level":15}