{"gold_per_floor":[117,117,117,137,137,162,162,196,196,196,212,230,248,248,248,374,374,397,417,435,459,254,254,102,102,125,138,161,204,220,263,263,382,382,395,414,414,428,453,477,491,491,491,491,512,460,480,501,501,501,501,501,170,201,201],"floor_reached":56,"playtime":689,"items_purged":["Zap+1"],"score":1682,"play_id":"fb1a230f-0c45-4b7a-8dd9-a92aef9baa4f","local_time":"20190327233716","is_ascension_mode":false,"campfire_choices":[{"floor":7.0,"key":"RECALL"},{"floor":15.0,"key":"REST"},{"floor":23.0,"key":"REST"},{"floor":25.0,"key":"REST"},{"floor":32.0,"key":"REST"},{"floor":42.0,"key":"REST"},{"floor":49.0,"key":"REST"},{"floor":52.0,"key":"REST"}],"neow_cost":"NONE","seed_source_timestamp":1207444066824700,"circlet_count":0,"master_deck":["Go for the Eyes+1"],"special_seed":0,"relics":["Pandora\u0027s Box","Unceasing Top","Blood Vial","Strawberry","Golden Idol","Nuclear Battery","Medical Kit","DataDisk","Ancient Tea Set","Omamori","Centennial Puzzle","Philosopher\u0027s Stone","Whetstone","TheAbacus","Lantern"],"potions_floor_usage":[54,55,55],"damage_taken":[{"damage":11.0,"enemies":"2 Louse","floor":1.0,"turns":3.0},{"damage":6.0,"enemies":"Cultist","floor":4.0,"turns":3.0},{"damage":0.0,"enemies":"Gremlin Nob","floor":6.0,"turns":1.0},{"damage":0.0,"enemies":"3 Sentries","floor":8.0,"turns":1.0},{"damage":0.0,"enemies":"Small Slimes","floor":11.0,"turns":1.0},{"damage":0.0,"enemies":"3 Louse","floor":12.0,"turns":1.0},{"damage":0.0,"enemies":"Looter","floor":13.0,"turns":1.0},{"damage":0.0,"enemies":"Hexaghost","floor":16.0,"turns":1.0},{"damage":0.0,"enemies":"Chosen","floor":18.0,"turns":1.0},{"damage":0.0,"enemies":"Spheric Guardian","floor":19.0,"turns":1.0},{"damage":0.0,"enemies":"Centurion and Healer","floor":20.0,"turns":1.0},{"damage":0.0,"enemies":"Chosen and Byrds","floor":21.0,"turns":1.0},{"damage":0.0,"enemies":"Snake Plant","floor":27.0,"turns":1.0},{"damage":0.0,"enemies":"Snecko","floor":28.0,"turns":1.0},{"damage":0.0,"enemies":"Slavers","floor":29.0,"turns":1.0},{"damage":0.0,"enemies":"Sentry and Sphere","floor":30.0,"turns":1.0},{"damage":0.0,"enemies":"Book of Stabbing","floor":31.0,"turns":1.0},{"damage":0.0,"enemies":"Automaton","floor":33.0,"turns":1.0},{"damage":0.0,"enemies":"Orb Walker","floor":35.0,"turns":1.0},{"damage":0.0,"enemies":"3 Darklings","floor":36.0,"turns":1.0},{"damage":0.0,"enemies":"4 Shapes","floor":38.0,"turns":1.0},{"damage":0.0,"enemies":"Writhing Mass","floor":39.0,"turns":1.0},{"damage":0.0,"enemies":"Sphere and 2 Shapes","floor":40.0,"turns":1.0},{"damage":0.0,"enemies":"Jaw Worm Horde","floor":41.0,"turns":1.0},{"damage":0.0,"enemies":"Maw","floor":45.0,"turns":1.0},{"damage":0.0,"enemies":"4 Shapes","floor":47.0,"turns":1.0},{"damage":0.0,"enemies":"Spire Growth","floor":48.0,"turns":1.0},{"damage":0.0,"enemies":"Donu and Deca","floor":50.0,"turns":1.0},{"damage":0,"enemies":"Shield and Spear","floor":54,"turns":1},{"damage":1,"enemies":"The Heart","floor":55,"turns":3}],"seed_played":"14385","potions_obtained":[{"floor":6.0,"key":"SpeedPotion"},{"floor":8.0,"key":"Poison Potion"},{"floor":16.0,"key":"Block Potion"},{"floor":19.0,"key":"SteroidPotion"},{"floor":27.0,"key":"GamblersBrew"},{"floor":30.0,"key":"Regen Potion"},{"floor":31.0,"key":"Explosive Potion"},{"floor":40.0,"key":"PowerPotion"},{"floor":48.0,"key":"SkillPotion"},{"floor":54,"key":"Energy Potion"}],"is_trial":false,"path_per_floor":["M","?","?","M","?","E","R","E","T","$","M","M","M","?","R","B",null,"M","M","M","M","$","R","$","R","T","M","M","E","M","E","R","B",null,"M","M","$","M","M","M","M","R","T","?","M","$","M","M","R","B",null,"R","$","E","B",null],"character_chosen":"DEFECT","items_purchased":["Medical Kit","DataDisk","SkillPotion","AttackPotion","TheAbacus"],"campfire_rested":7,"item_purchase_floors":[22,24,46,53,53],"current_hp_per_floor":[64,52,52,46,46,46,46,55,55,55,57,59,61,41,65,67,82,82,82,82,82,82,82,82,82,82,82,82,82,82,82,82,82,82,82,82,82,82,82,82,82,82,82,78,78,78,78,78,78,78,78,78,78,78,77],"gold":201,"neow_bonus":"BOSS_RELIC","is_prod":false,"is_daily":false,"chose_seed":true,"campfire_upgraded":0,"win_rate":0,"timestamp":1553697436,"path_taken":["M","?","?","?","?","E","R","E","T","$","M","M","M","?","R","BOSS","M","M","M","M","$","R","$","R","T","M","M","E","M","E","R","BOSS","M","M","$","M","M","M","M","R","T","?","M","$","M","M","R","BOSS","R","$","E","BOSS"],"build_version":"2019-01-23","purchased_purges":1,"victory":true,"max_hp_per_floor":[75,75,75,75,75,75,75,82,82,82,82,82,82,82,82,82,82,82,82,82,82,82,82,82,82,82,82,82,82,82,82,82,82,82,82,82,82,82,82,82,82,82,82,78,78,78,78,78,78,78,78,78,78,78,78],"card_choices":[{"not_picked":["Sweeping Beam","Beam Cell","Compile Driver"],"picked":"SKIP","floor":1.0},{"not_picked":["Glacier","Hologram","Blizzard"],"picked":"SKIP","floor":4.0},{"not_picked":["Gash","Sweeping Beam","Undo"],"picked":"SKIP","floor":6.0},{"not_picked":["Auto Shields","Ball Lightning","Streamline"],"picked":"SKIP","floor":8.0},{"not_picked":["Redo","Coolheaded","Force Field"],"picked":"SKIP","floor":11.0},{"not_picked":["Conserve Battery","Coolheaded","Genetic Algorithm"],"picked":"SKIP","floor":12.0},{"not_picked":["Coolheaded","Cold Snap","Darkness"],"picked":"SKIP","floor":13.0},{"not_picked":["Reprogram","White Noise","Hologram"],"picked":"SKIP","floor":18.0},{"not_picked":["Recycle","Lockon","Conserve Battery"],"picked":"SKIP","floor":19.0},{"not_picked":["Coolheaded","Chaos","Melter"],"picked":"SKIP","floor":20.0},{"not_picked":["Capacitor","Lockon","Glacier"],"picked":"SKIP","floor":27.0},{"not_picked":["Rainbow","Fusion+1","Coolheaded"],"picked":"SKIP","floor":47.0},{"not_picked":["Steam","Turbo+1","Skim+1"],"picked":"SKIP","floor":48.0},{"not_picked":["Lockon","Sunder"],"picked":"Go for the Eyes+1","floor":54}],"player_experience":4637233,"relics_obtained":[{"floor":6.0,"key":"Blood Vial"},{"floor":8.0,"key":"Strawberry"},{"floor":26.0,"key":"Ancient Tea Set"},{"floor":29.0,"key":"Omamori"},{"floor":31.0,"key":"Centennial Puzzle"},{"floor":43.0,"key":"Whetstone"},{"floor":54,"key":"Lantern"}],"event_choices":[{"damage_healed":0.0,"max_hp_gain":0.0,"max_hp_loss":0.0,"gold_gain":0.0,"event_name":"Scrap Ooze","player_choice":"Success","floor":2.0,"gold_loss":0.0,"damage_taken":12.0,"relics_obtained":["Unceasing Top"]},{"cards_removed":["Dualcast"],"damage_healed":0.0,"max_hp_gain":0.0,"max_hp_loss":0.0,"gold_gain":0.0,"event_name":"Wheel of Change","player_choice":"Card Removal","floor":3.0,"gold_loss":0.0,"damage_taken":0.0},{"damage_healed":0.0,"max_hp_gain":0.0,"max_hp_loss":0.0,"gold_gain":0.0,"event_name":"Living Wall","player_choice":"Grow","floor":5.0,"gold_loss":0.0,"damage_taken":0.0,"cards_upgraded":["Zap"]},{"damage_healed":0.0,"max_hp_gain":0.0,"max_hp_loss":0.0,"gold_gain":0.0,"event_name":"Golden Idol","player_choice":"Take Damage","floor":14.0,"gold_loss":0.0,"damage_taken":20.0,"relics_obtained":["Golden Idol"]},{"damage_healed":0.0,"max_hp_gain":0.0,"max_hp_loss":4.0,"gold_gain":0.0,"event_name":"Winding Halls","player_choice":"Max HP","floor":44.0,"gold_loss":0.0,"damage_taken":0.0}],"is_beta":false,"boss_relics":[{"not_picked":["Velvet Choker","Tiny House"],"picked":"Nuclear Battery"},{"not_picked":["Runic Dome","Cursed Key"],"picked":"Philosopher\u0027s Stone"}],"items_purged_floors":[53],"is_endless":false,"potions_floor_spawned":[6,8,16,18,19,27,30,31,38,40,45,47,48,54],"ascension_level":0}