{"path_per_floor":["M","$","M","?","M","E","R","E","T","M","M","$","?","M","R","B",null,"M","?","?","M","M","R","T","R","T","M","?","M","R","M","R"],"character_chosen":"THE_SILENT","items_purchased":["Infinite Blades","Backstab"],"gold_per_floor":[115,6,24,24,36,69,69,96,96,114,125,86,46,65,65,161,161,177,377,377,396,414,414,414,414,437,449,449,459,459,479,479],"floor_reached":33,"campfire_rested":6,"playtime":3549,"current_hp_per_floor":[57,57,58,58,58,53,75,36,36,36,36,36,36,36,60,19,82,57,57,57,53,34,59,59,84,84,67,50,26,53,46,73],"items_purged":["Regret"],"gold":479,"score":284,"play_id":"aff84d3a-fcdd-498d-8286-ed9443e7e838","is_prod":false,"is_daily":false,"is_ascension_mode":false,"campfire_upgraded":0,"path_taken":["M","$","?","?","M","E","R","E","T","M","?","$","?","M","R","BOSS","M","?","?","M","M","R","?","R","T","M","?","M","R","M","R","BOSS"],"build_version":"2018-02-08-PROD1","purchased_purges":1,"victory":false,"master_deck":["Defend_G+1","Defend_G+1","Defend_G","Defend_G","Strike_G","Strike_G","Strike_G","Strike_G","Strike_G","Survivor","Neutralize","Injury","Parasite","Infinite Blades","Choke","Prepared","Backstab+1","Slice+1","Endless Agony+1","Masterful Stab+1","Calculated Gamble+1"],"max_hp_per_floor":[72,72,74,74,74,76,76,78,78,78,80,80,80,80,80,82,82,84,84,84,86,86,86,86,86,86,86,91,91,91,93,93],"relics":["Calling Bell","Singing Bowl","Ninja Scroll","Happy Flower","Molten Egg 2","Vajra","Gremlin Horn","Question Card","Unceasing Top","War Paint"],"card_choices":[{"not_picked":["Flechettes","Bouncing Flask"],"picked":"Choke"},{"not_picked":["Dagger Throw","Deflect"],"picked":"Prepared"},{"not_picked":["Dagger Throw","Bouncing Flask"],"picked":"Slice"},{"not_picked":["Terror","Sucker Punch","Bane"],"picked":"Endless Agony"},{"not_picked":["Heel Hook","Sucker Punch","Deflect"],"picked":"Masterful Stab"},{"not_picked":["Sucker Punch","Prepared","Backflip"],"picked":"Calculated Gamble"}],"player_experience":127039,"potions_floor_usage":[6,8,14,16,21,22],"damage_taken":[{"damage":15,"enemies":"Blue Slaver","floor":1,"turns":4},{"damage":1,"enemies":"2 Louse","floor":3,"turns":3},{"damage":0,"enemies":"Small Slimes","floor":5,"turns":4},{"damage":7,"enemies":"3 Sentries","floor":6,"turns":10},{"damage":41,"enemies":"Lagavulin","floor":8,"turns":7},{"damage":0,"enemies":"Exordium Thugs","floor":10,"turns":4},{"damage":2,"enemies":"Looter","floor":11,"turns":2},{"damage":0,"enemies":"Gremlin Gang","floor":14,"turns":2},{"damage":58,"enemies":"Hexaghost","floor":16,"turns":10},{"damage":27,"enemies":"Chosen","floor":18,"turns":6},{"damage":6,"enemies":"3 Byrds","floor":21,"turns":6},{"damage":19,"enemies":"Centurion and Healer","floor":22,"turns":6},{"damage":17,"enemies":"Slaver and Parasite","floor":27,"turns":6},{"damage":24,"enemies":"Snecko","floor":29,"turns":6},{"damage":9,"enemies":"Chosen and Byrds","floor":31,"turns":4},{"damage":84,"enemies":"Champ","floor":33,"turns":9}],"event_choices":[{"event_name":"Golden Idol","player_choice":"Ignored","floor":4,"damage_taken":0},{"event_name":"World of Goop","player_choice":"Left","floor":13,"damage_taken":0},{"event_name":"Wheel of Change","player_choice":"Gold","floor":19,"damage_taken":0},{"event_name":"Back to Basics","player_choice":"Elegance","floor":20,"damage_taken":0},{"event_name":"Forgotten Altar","player_choice":"Shed Blood","floor":28,"damage_taken":0}],"boss_relics":[{"not_picked":["Snecko Eye","Cursed Key"],"picked":"Question Card"}],"potions_floor_spawned":[3,6,11,14,18,21],"seed_played":"7858712053583831092","killed_by":"Champ","ascension_level":0,"is_trial":false}