{"gold_per_floor":[111,130,148,323,336,336,352,352,376,423,423,437,133,159,159,262,262,282,282,207,207,207,207,234,234,261,92,118,118,145,164,164,164],"floor_reached":33,"playtime":1798,"items_purged":["Doubt"],"score":424,"play_id":"f3f6f80c-70ca-43b3-ba94-16a69fba9839","local_time":"20190101195620","is_ascension_mode":true,"campfire_choices":[{"floor":6,"key":"REST"},{"data":"Zap","floor":8,"key":"SMITH"},{"data":"Redo","floor":11,"key":"SMITH"},{"data":"Dualcast","floor":15,"key":"SMITH"},{"data":"Electrodynamics","floor":23,"key":"SMITH"},{"floor":29,"key":"REST"},{"data":"Biased Cognition","floor":32,"key":"SMITH"}],"neow_cost":"TEN_PERCENT_HP_LOSS","seed_source_timestamp":857595465149958,"circlet_count":0,"master_deck":["Defend_B","Defend_B","Defend_B","Zap+1","Dualcast+1","Redo+1","Biased Cognition+1","Glacier","Streamline","Sweeping Beam","Tempest","Conserve Battery","Ball Lightning","Sunder","Coolheaded","Electrodynamics+1","Loop+1","Machine Learning+1","Doom and Gloom+1","Self Repair","Auto Shields","Genetic Algorithm","Stack+1"],"relics":["Cracked Core","Boot","Omamori","Bag of Marbles","Juzu Bracelet","Astrolabe","MutagenicStrength","Vajra","Bronze Scales","Art of War","Shuriken","PreservedInsect"],"potions_floor_usage":[14,16,18,24,28,28,28,28,28,31],"damage_taken":[{"damage":6,"enemies":"Cultist","floor":1,"turns":3},{"damage":3,"enemies":"2 Louse","floor":2,"turns":2},{"damage":12,"enemies":"Jaw Worm","floor":3,"turns":3},{"damage":16,"enemies":"Lots of Slimes","floor":5,"turns":2},{"damage":6,"enemies":"Looter","floor":7,"turns":2},{"damage":2,"enemies":"3 Louse","floor":12,"turns":2},{"damage":2,"enemies":"Gremlin Nob","floor":14,"turns":3},{"damage":5,"enemies":"Slime Boss","floor":16,"turns":8},{"damage":12,"enemies":"Chosen","floor":18,"turns":4},{"damage":20,"enemies":"Gremlin Leader","floor":24,"turns":5},{"damage":0,"enemies":"Slavers","floor":28,"turns":2},{"damage":7,"enemies":"Book of Stabbing","floor":30,"turns":5},{"damage":6,"enemies":"3 Byrds","floor":31,"turns":3},{"damage":55,"enemies":"Automaton","floor":33,"turns":6}],"seed_played":"21906533895701062","potions_obtained":[{"floor":3,"key":"Fire Potion"},{"floor":5,"key":"PowerPotion"},{"floor":14,"key":"EssenceOfSteel"},{"floor":18,"key":"Explosive Potion"},{"floor":24,"key":"EntropicBrew"},{"floor":28,"key":"Block Potion"}],"is_trial":false,"path_per_floor":["M","M","M","?","M","R","M","R","T","T","R","M","$","E","R","B",null,"M","?","?","?","?","R","E","?","T","$","E","R","E","M","R","B"],"character_chosen":"DEFECT","items_purchased":["Sunder","Coolheaded","Bag of Marbles","Self Repair","Fire Potion","SkillPotion"],"campfire_rested":2,"item_purchase_floors":[13,13,13,27,27,27],"current_hp_per_floor":[62,59,47,47,31,51,45,45,45,45,45,43,43,41,41,36,60,48,48,48,48,68,68,48,36,36,36,43,64,57,51,51,0],"gold":164,"neow_bonus":"TRANSFORM_TWO_CARDS","is_prod":false,"is_daily":false,"chose_seed":false,"campfire_upgraded":5,"win_rate":0,"timestamp":1546340180,"path_taken":["M","M","?","?","M","R","M","R","T","?","R","M","$","E","R","BOSS","M","?","?","?","?","R","E","?","T","$","E","R","E","M","R","BOSS"],"build_version":"2018-12-20","purchased_purges":1,"victory":false,"max_hp_per_floor":[68,68,68,68,68,68,68,68,68,68,68,68,68,68,68,68,68,68,68,68,68,68,68,68,73,73,73,73,73,73,73,73,73],"card_choices":[{"not_picked":["Gash","Melter"],"picked":"Glacier","floor":1},{"not_picked":["Reprogram","Stack"],"picked":"Streamline","floor":2},{"not_picked":["Gash","Heatsinks"],"picked":"Sweeping Beam","floor":3},{"not_picked":["Steam","Sweeping Beam"],"picked":"Tempest","floor":5},{"not_picked":["Reinforced Body","Echo Form"],"picked":"Conserve Battery","floor":7},{"not_picked":["Steam","Gash"],"picked":"Ball Lightning","floor":12},{"not_picked":["Coolheaded","Stack"],"picked":"Loop","floor":14},{"not_picked":["Meteor Strike","Fission"],"picked":"Electrodynamics","floor":16},{"not_picked":["Barrage","Gash","Ball Lightning+1"],"picked":"SKIP","floor":18},{"not_picked":["Beam Cell","Glacier","Steam"],"picked":"SKIP","floor":24},{"not_picked":["Blizzard","Reprogram"],"picked":"Auto Shields","floor":28},{"not_picked":["Turbo","Hologram"],"picked":"Genetic Algorithm","floor":30},{"not_picked":["Coolheaded","Rebound"],"picked":"Stack+1","floor":31}],"player_experience":310672,"relics_obtained":[{"floor":9,"key":"Boot"},{"floor":10,"key":"Omamori"},{"floor":14,"key":"Juzu Bracelet"},{"floor":24,"key":"Bronze Scales"},{"floor":26,"key":"Art of War"},{"floor":28,"key":"Shuriken"},{"floor":30,"key":"PreservedInsect"}],"event_choices":[{"damage_healed":0,"gold_gain":175,"player_choice":"AGREE","damage_taken":0,"max_hp_gain":0,"max_hp_loss":0,"event_name":"Liars Game","floor":4,"gold_loss":0,"cards_obtained":["Doubt"]},{"damage_healed":0,"gold_gain":0,"player_choice":"Inject Mutagens","damage_taken":0,"relics_obtained":["MutagenicStrength"],"max_hp_gain":0,"max_hp_loss":0,"event_name":"Drug Dealer","floor":19,"gold_loss":0},{"cards_removed":["Loop"],"damage_healed":0,"gold_gain":0,"player_choice":"Gave Gold","damage_taken":0,"max_hp_gain":0,"max_hp_loss":0,"event_name":"Beggar","floor":20,"gold_loss":75},{"damage_healed":0,"gold_gain":0,"player_choice":"Opened","damage_taken":0,"relics_obtained":["Vajra"],"max_hp_gain":0,"max_hp_loss":0,"event_name":"The Mausoleum","floor":21,"gold_loss":0},{"damage_healed":22,"gold_gain":0,"player_choice":"Heal","damage_taken":0,"max_hp_gain":0,"max_hp_loss":0,"event_name":"The Library","floor":22,"gold_loss":0},{"damage_healed":0,"gold_gain":0,"player_choice":"Shed Blood","damage_taken":17,"max_hp_gain":5,"max_hp_loss":0,"event_name":"Forgotten Altar","floor":25,"gold_loss":0}],"is_beta":false,"boss_relics":[{"not_picked":["Calling Bell","Busted Crown"],"picked":"Astrolabe"}],"items_purged_floors":[13],"is_endless":false,"potions_floor_spawned":[3,5,14,18,24,28],"killed_by":"Automaton","ascension_level":6}