{"gold_per_floor":[109,123,138,213,24,59,59,88,115,141,141,171,185,185,185,259,259,278,7,21,31,49,49,81,81,81,114,132,132,146,246,246,318,318,333,353,373,473,3,22,54,54,54,69,69,98,98,127,127,127,127,127,127,17,46,46],"floor_reached":57,"playtime":2736,"items_purged":["Writhe"],"score":3100,"play_id":"1c84b306-9fba-49cb-aaaa-63bd0eb1fe10","local_time":"20190503004953","is_ascension_mode":true,"campfire_choices":[{"data":"Hyperbeam","floor":7.0,"key":"SMITH"},{"data":"Recycle","floor":11.0,"key":"SMITH"},{"data":"Hologram","floor":15.0,"key":"SMITH"},{"floor":23.0,"key":"REST"},{"floor":25.0,"key":"REST"},{"floor":32.0,"key":"RECALL"},{"data":"Heatsinks","floor":42,"key":"SMITH"},{"data":"Heatsinks","floor":45,"key":"SMITH"},{"data":"Fission","floor":49,"key":"SMITH"},{"data":"Skim","floor":53,"key":"SMITH"}],"neow_cost":"NONE","seed_source_timestamp":1026372765668200,"circlet_count":0,"master_deck":["AscendersBane","Strike_B","Strike_B","Strike_B","Strike_B","Defend_B","Defend_B","Defend_B","Defend_B","Zap","Dualcast","Compile Driver","Glacier","Compile Driver","Streamline","Hyperbeam+1","Leap+1","Auto Shields","Hologram+1","Recycle+1","Genetic Algorithm+1","Fission+1","Creative AI","White Noise+1","Apotheosis","Hyperbeam","Self Repair","Skim+1","Meteor Strike","Electrodynamics","Sunder","Force Field","Heatsinks+1","Heatsinks+1","Reinforced Body","Biased Cognition"],"special_seed":0,"relics":["Cracked Core","Dream Catcher","Odd Mushroom","Bag of Marbles","Bird Faced Urn","War Paint","Mercury Hourglass","Snecko Eye","Gambling Chip","Pear","Juzu Bracelet","Question Card","Unceasing Top","Letter Opener","Orrery","Pocketwatch","Runic Capacitor","PreservedInsect","Gremlin Horn","Happy Flower","Blue Candle","Art of War"],"potions_floor_usage":[56,56],"damage_taken":[{"damage":7.0,"enemies":"Jaw Worm","floor":1.0,"turns":4.0},{"damage":5.0,"enemies":"2 Louse","floor":2.0,"turns":2.0},{"damage":5.0,"enemies":"Small Slimes","floor":3.0,"turns":3.0},{"damage":7.0,"enemies":"Lagavulin","floor":6.0,"turns":6.0},{"damage":1.0,"enemies":"The Mushroom Lair","floor":8.0,"turns":2.0},{"damage":0.0,"enemies":"3 Sentries","floor":10.0,"turns":5.0},{"damage":3.0,"enemies":"Gremlin Nob","floor":12.0,"turns":3.0},{"damage":0.0,"enemies":"2 Fungi Beasts","floor":13.0,"turns":1.0},{"damage":0.0,"enemies":"Slime Boss","floor":16.0,"turns":7.0},{"damage":14.0,"enemies":"Chosen","floor":18.0,"turns":5.0},{"damage":0.0,"enemies":"2 Thieves","floor":20.0,"turns":1.0},{"damage":34.0,"enemies":"Snake Plant","floor":21.0,"turns":5.0},{"damage":6.0,"enemies":"Cultist and Chosen","floor":22.0,"turns":3.0},{"damage":0.0,"enemies":"Slavers","floor":24.0,"turns":3.0},{"damage":12.0,"enemies":"Book of Stabbing","floor":27.0,"turns":3.0},{"damage":0.0,"enemies":"3 Cultists","floor":28.0,"turns":2.0},{"damage":12.0,"enemies":"Snake Plant","floor":30.0,"turns":2.0},{"damage":0.0,"enemies":"Colosseum Slavers","floor":31.0,"turns":4.0},{"damage":0.0,"enemies":"Colosseum Nobs","floor":31.0,"turns":2.0},{"damage":4.0,"enemies":"Automaton","floor":33.0,"turns":7.0},{"damage":7.0,"enemies":"3 Shapes","floor":35.0,"turns":1.0},{"damage":0.0,"enemies":"Orb Walker","floor":36.0,"turns":1.0},{"damage":13.0,"enemies":"Jaw Worm Horde","floor":37.0,"turns":3.0},{"damage":0.0,"enemies":"Mind Bloom Boss Battle","floor":38.0,"turns":4.0},{"damage":0.0,"enemies":"3 Darklings","floor":40.0,"turns":3.0},{"damage":0,"enemies":"Nemesis","floor":41,"turns":5},{"damage":0,"enemies":"Maw","floor":44,"turns":5},{"damage":0,"enemies":"Reptomancer","floor":46,"turns":3},{"damage":0,"enemies":"Nemesis","floor":48,"turns":3},{"damage":55,"enemies":"Time Eater","floor":50,"turns":13},{"damage":21,"enemies":"Donu and Deca","floor":51,"turns":9},{"damage":66,"enemies":"Shield and Spear","floor":55,"turns":5},{"damage":30,"enemies":"The Heart","floor":56,"turns":8}],"seed_played":"5296226214749178177","potions_obtained":[{"floor":1.0,"key":"Poison Potion"},{"floor":3.0,"key":"SkillPotion"},{"floor":6.0,"key":"SpeedPotion"},{"floor":13.0,"key":"Energy Potion"},{"floor":18.0,"key":"Poison Potion"},{"floor":20.0,"key":"SkillPotion"},{"floor":28.0,"key":"SkillPotion"},{"floor":33.0,"key":"Energy Potion"},{"floor":35.0,"key":"Energy Potion"}],"is_trial":false,"path_per_floor":["M","M","M","?","$","E","R","?","T","E","R","E","M","T","R","B",null,"M","$","M","M","M","R","E","R","T","E","M","?","M","?","R","B",null,"M","M","M","?","$","M","E","R","T","M","R","E","?","E","R","B","B",null,"R","$","E","B",null],"character_chosen":"DEFECT","items_purchased":["Hyperbeam","Leap","Apotheosis","Hyperbeam","Runic Capacitor","PreservedInsect","PowerPotion","PowerPotion"],"campfire_rested":2,"item_purchase_floors":[5,5,19,19,39,39,54,54],"current_hp_per_floor":[57,52,47,36,36,29,29,28,28,28,28,25,25,25,25,25,60,52,52,52,26,34,55,55,71,81,78,81,81,69,77,77,81,81,74,76,71,81,81,81,81,81,81,81,81,81,77,77,77,57,73,76,76,76,27,39],"gold":46,"neow_bonus":"THREE_CARDS","is_prod":false,"is_daily":false,"chose_seed":false,"campfire_upgraded":7,"win_rate":0,"timestamp":1556812193,"path_taken":["M","M","M","?","$","E","R","?","T","E","R","E","M","?","R","BOSS","M","$","M","M","M","R","E","R","T","E","M","?","M","?","R","BOSS","M","M","M","?","$","M","E","R","T","M","R","E","?","E","R","BOSS","BOSS","R","$","E","BOSS"],"build_version":"2019-01-23","purchased_purges":1,"victory":true,"max_hp_per_floor":[71,71,71,71,71,71,71,71,71,71,71,71,71,71,71,71,71,71,71,71,71,71,71,71,71,81,81,81,81,81,81,81,81,81,81,81,81,81,81,81,81,81,81,81,81,81,77,77,77,77,77,77,77,77,77,77],"card_choices":[{"not_picked":["Leap","Stack"],"picked":"Compile Driver","floor":0.0},{"not_picked":["Loop","White Noise"],"picked":"Glacier","floor":1.0},{"not_picked":["Leap","Sweeping Beam"],"picked":"Compile Driver","floor":2.0},{"not_picked":["Scrape","Rebound"],"picked":"Streamline","floor":3.0},{"not_picked":["Lockon","Double Energy"],"picked":"Auto Shields","floor":6.0},{"not_picked":["Conserve Battery","Streamline"],"picked":"Hologram","floor":8.0},{"not_picked":["Steam Power","Ball Lightning"],"picked":"Recycle","floor":10.0},{"not_picked":["Rip and Tear","Leap"],"picked":"Genetic Algorithm","floor":12.0},{"not_picked":["Ball Lightning","Leap"],"picked":"Fission","floor":13.0},{"not_picked":["Reboot","Meteor Strike"],"picked":"Creative AI","floor":16.0},{"not_picked":["Capacitor","Storm"],"picked":"White Noise+1","floor":18.0},{"not_picked":["Stack","Beam Cell","Redo"],"picked":"SKIP","floor":20.0},{"not_picked":["Redo+1","Barrage+1"],"picked":"Self Repair","floor":21.0},{"not_picked":["Steam","Ball Lightning"],"picked":"Skim","floor":22.0},{"not_picked":["Conserve Battery","Aggregate"],"picked":"Meteor Strike","floor":24.0},{"not_picked":["Beam Cell","Gash"],"picked":"Electrodynamics","floor":27.0},{"not_picked":["Chill","Tempest","Redo+1"],"picked":"SKIP","floor":28.0},{"not_picked":["Redo","Static Discharge","Barrage","Gash"],"picked":"SKIP","floor":30.0},{"not_picked":["Electrodynamics","Aggregate","Sweeping Beam"],"picked":"Sunder","floor":34.0},{"not_picked":["Gash","Stack","Steam+1"],"picked":"Force Field","floor":34.0},{"not_picked":["Stack+1","Barrage","Ball Lightning","Self Repair"],"picked":"SKIP","floor":35.0},{"not_picked":["Thunder Strike","Conserve Battery","Coolheaded","Redo+1"],"picked":"SKIP","floor":36.0},{"not_picked":["Reprogram+1","Stack","Fusion"],"picked":"Heatsinks","floor":37.0},{"not_picked":["Beam Cell+1","Lockon","Fusion","Doom and Gloom"],"picked":"SKIP","floor":40.0},{"not_picked":["Hyperbeam","Gash","Genetic Algorithm","Doom and Gloom+1"],"picked":"SKIP","floor":41},{"not_picked":["Rip and Tear","Go for the Eyes+1","Darkness"],"picked":"Heatsinks","floor":44},{"not_picked":["Stack","Hologram","Darkness","Undo"],"picked":"SKIP","floor":46},{"not_picked":["Compile Driver","Coolheaded","Capacitor"],"picked":"Reinforced Body","floor":48},{"not_picked":["Static Discharge","Beam Cell+1","Ball Lightning"],"picked":"Biased Cognition","floor":55}],"player_experience":4896927,"relics_obtained":[{"floor":6.0,"key":"Dream Catcher"},{"floor":8.0,"key":"Odd Mushroom"},{"floor":9.0,"key":"Bag of Marbles"},{"floor":10.0,"key":"Bird Faced Urn"},{"floor":12.0,"key":"War Paint"},{"floor":14.0,"key":"Mercury Hourglass"},{"floor":24.0,"key":"Gambling Chip"},{"floor":26.0,"key":"Pear"},{"floor":27.0,"key":"Juzu Bracelet"},{"floor":31.0,"key":"Unceasing Top"},{"floor":31.0,"key":"Letter Opener"},{"floor":38.0,"key":"Pocketwatch"},{"floor":41,"key":"Gremlin Horn"},{"floor":46,"key":"Happy Flower"},{"floor":48,"key":"Blue Candle"},{"floor":55,"key":"Art of War"}],"event_choices":[{"damage_healed":0.0,"max_hp_gain":0.0,"max_hp_loss":0.0,"gold_gain":75.0,"event_name":"World of Goop","player_choice":"Gather Gold","floor":4.0,"gold_loss":0.0,"damage_taken":11.0},{"damage_healed":0.0,"max_hp_gain":0.0,"max_hp_loss":0.0,"gold_gain":0.0,"event_name":"Mushrooms","player_choice":"Fought Mushrooms","floor":8.0,"gold_loss":0.0,"damage_taken":0.0},{"damage_healed":0.0,"max_hp_gain":0.0,"max_hp_loss":0.0,"gold_gain":0.0,"event_name":"The Mausoleum","player_choice":"Opened","floor":29.0,"gold_loss":0.0,"damage_taken":0.0,"relics_obtained":["Question Card"],"cards_obtained":["Writhe"]},{"damage_healed":0.0,"max_hp_gain":0.0,"max_hp_loss":0.0,"gold_gain":0.0,"event_name":"Colosseum","player_choice":"Fight","floor":31.0,"gold_loss":0.0,"damage_taken":0.0},{"damage_healed":0.0,"max_hp_gain":0.0,"max_hp_loss":0.0,"gold_gain":0.0,"event_name":"Colosseum","player_choice":"Fought Nobs","floor":31.0,"gold_loss":0.0,"damage_taken":0.0},{"damage_healed":0.0,"max_hp_gain":0.0,"max_hp_loss":0.0,"gold_gain":0.0,"event_name":"MindBloom","player_choice":"Fight","floor":38.0,"gold_loss":0.0,"damage_taken":0.0},{"damage_healed":0,"gold_gain":0,"player_choice":"Max HP","damage_taken":0,"max_hp_gain":0,"max_hp_loss":4,"event_name":"Winding Halls","floor":47,"gold_loss":0}],"is_beta":false,"boss_relics":[{"not_picked":["Runic Dome","Black Star"],"picked":"Snecko Eye"},{"not_picked":["Eternal Feather","Runic Pyramid"],"picked":"Orrery"}],"items_purged_floors":[39],"is_endless":false,"potions_floor_spawned":[1,3,6,13,18,20,22,28,31,33,35,41,48],"ascension_level":20}