{"gold_per_floor":[20,20,38,50,50,50,125,125,125,139,177,177,177,192,192,290,290,311,236,286,301,301,301,317,317,317,332,332,366,491,511,511,605,605,624,749,749,765,785,785,810,810,857,881,881,881,881,0,0,0,0],"floor_reached":52,"playtime":2056,"items_purged":["Recycle"],"score":1850,"play_id":"4cdc776c-7713-465b-b8de-747c215230c9","local_time":"20190330005710","is_ascension_mode":true,"campfire_choices":[{"floor":6,"key":"REST"},{"data":"Zap","floor":8,"key":"SMITH"},{"data":"Defragment","floor":15,"key":"SMITH"},{"data":"Defragment","floor":23,"key":"SMITH"},{"data":"Echo Form","floor":28,"key":"SMITH"},{"floor":32,"key":"DIG"},{"floor":47,"key":"DIG"},{"floor":49,"key":"DIG"}],"neow_cost":"NO_GOLD","seed_source_timestamp":1384838524541500,"circlet_count":0,"master_deck":["AscendersBane","Zap+1","Dualcast","Sweeping Beam","Electrodynamics","Chill","Ball Lightning","Leap","Defragment+1","Echo Form+1","Defragment+1","Hologram","Melter","Cold Snap","Coolheaded","Core Surge","Fission+1","Loop+1","Conserve Battery+1","Coolheaded+1","Bandage Up+1","Dark Shackles+1","Finesse+1"],"relics":["Cracked Core","Golden Idol","Shovel","Juzu Bracelet","Pandora\u0027s Box","Bag of Preparation","Strawberry","Unceasing Top","Question Card","Toxic Egg 2","Lizard Tail","Ginger","Bronze Scales","Meat on the Bone","Red Mask","Blood Vial"],"potions_floor_usage":[11,11,16,18,30,30,33,39,40,44,51,51],"damage_taken":[{"damage":0,"enemies":"2 Louse","floor":1,"turns":2},{"damage":2,"enemies":"Jaw Worm","floor":3,"turns":5},{"damage":0,"enemies":"Cultist","floor":4,"turns":3},{"damage":5,"enemies":"Looter","floor":10,"turns":3},{"damage":25,"enemies":"Gremlin Nob","floor":11,"turns":4},{"damage":1,"enemies":"Blue Slaver","floor":14,"turns":3},{"damage":12,"enemies":"The Guardian","floor":16,"turns":8},{"damage":19,"enemies":"2 Thieves","floor":18,"turns":2},{"damage":16,"enemies":"Chosen","floor":21,"turns":4},{"damage":23,"enemies":"Snake Plant","floor":24,"turns":4},{"damage":5,"enemies":"Centurion and Healer","floor":27,"turns":4},{"damage":0,"enemies":"Gremlin Leader","floor":29,"turns":5},{"damage":4,"enemies":"Colosseum Slavers","floor":30,"turns":2},{"damage":1,"enemies":"Colosseum Nobs","floor":30,"turns":3},{"damage":7,"enemies":"Cultist and Chosen","floor":31,"turns":5},{"damage":11,"enemies":"Collector","floor":33,"turns":8},{"damage":5,"enemies":"3 Shapes","floor":35,"turns":3},{"damage":0,"enemies":"Mind Bloom Boss Battle","floor":36,"turns":5},{"damage":20,"enemies":"3 Darklings","floor":38,"turns":5},{"damage":12,"enemies":"Writhing Mass","floor":39,"turns":11},{"damage":3,"enemies":"Nemesis","floor":40,"turns":12},{"damage":2,"enemies":"Spire Growth","floor":41,"turns":6},{"damage":10,"enemies":"3 Darklings","floor":44,"turns":2},{"damage":42,"enemies":"Donu and Deca","floor":50,"turns":15},{"damage":23,"enemies":"Time Eater","floor":51,"turns":16}],"seed_played":"4461132335973336209","potions_obtained":[{"floor":1,"key":"Ancient Potion"},{"floor":4,"key":"GamblersBrew"},{"floor":11,"key":"Strength Potion"},{"floor":16,"key":"SneckoOil"},{"floor":18,"key":"SkillPotion"},{"floor":27,"key":"Energy Potion"},{"floor":31,"key":"FocusPotion"},{"floor":33,"key":"LiquidBronze"},{"floor":35,"key":"FocusPotion"},{"floor":39,"key":"SmokeBomb"},{"floor":41,"key":"Energy Potion"},{"floor":44,"key":"Weak Potion"}],"is_trial":false,"path_per_floor":["M","?","M","M","?","R","?","R","T","M","E","?","?","M","R","B",null,"M","$","?","M","?","R","M","?","T","M","R","E","?","M","R","B",null,"M","?","?","M","M","E","M","?","T","M","?","?","R","?","R","B","B",null],"character_chosen":"DEFECT","items_purchased":[],"campfire_rested":1,"item_purchase_floors":[],"current_hp_per_floor":[64,57,55,55,31,52,41,41,41,36,11,11,34,33,33,21,59,40,40,40,24,71,71,48,48,48,43,43,50,45,38,38,27,65,60,60,60,40,28,25,23,23,23,13,3,61,61,61,61,37,34],"gold":0,"neow_bonus":"TRANSFORM_TWO_CARDS","is_prod":false,"is_daily":false,"chose_seed":false,"campfire_upgraded":4,"win_rate":0,"timestamp":1553875030,"path_taken":["M","?","M","M","?","R","?","R","T","M","E","?","?","M","R","BOSS","M","$","?","M","?","R","M","?","T","M","R","E","?","M","R","BOSS","M","?","?","M","M","E","M","?","T","M","?","?","R","?","R","BOSS","BOSS"],"build_version":"2019-01-23","purchased_purges":1,"victory":true,"max_hp_per_floor":[71,71,71,71,71,71,71,71,71,71,71,71,71,71,71,71,71,71,71,71,71,71,71,71,71,71,71,71,78,78,78,78,78,78,78,78,78,78,78,78,78,74,74,74,74,61,61,61,61,61,61],"card_choices":[{"not_picked":["Chaos","Ball Lightning"],"picked":"Chill","floor":1},{"not_picked":["Steam","Blizzard","Sweeping Beam"],"picked":"SKIP","floor":3},{"not_picked":["Compile Driver","White Noise"],"picked":"Ball Lightning","floor":4},{"not_picked":["Hologram","White Noise"],"picked":"Leap","floor":10},{"not_picked":["Cold Snap","Steam","Stack"],"picked":"SKIP","floor":11},{"not_picked":["Reprogram","Chill"],"picked":"Defragment","floor":14},{"not_picked":["Reboot","Seek"],"picked":"Echo Form","floor":16},{"not_picked":["Cold Snap","Melter","Rebound"],"picked":"SKIP","floor":18},{"not_picked":["Melter","Rebound"],"picked":"Cold Snap","floor":18},{"not_picked":["Go for the Eyes","Rip and Tear","Defragment"],"picked":"SKIP","floor":21},{"not_picked":["Rebound","Conserve Battery"],"picked":"Coolheaded","floor":24},{"not_picked":["Barrage","Compile Driver"],"picked":"Core Surge","floor":27},{"not_picked":["Storm","Coolheaded","Leap"],"picked":"SKIP","floor":29},{"not_picked":["Recycle","Steam","White Noise","Scrape"],"picked":"SKIP","floor":31},{"not_picked":["Seek+1","Rainbow+1","Buffer"],"picked":"Fission+1","floor":33},{"not_picked":["Blizzard","Sweeping Beam","Stack+1","Scrape"],"picked":"SKIP","floor":35},{"not_picked":["Beam Cell","Ball Lightning","Redo+1"],"picked":"Loop","floor":36},{"not_picked":["Hello World","Compile Driver+1","Rebound"],"picked":"Conserve Battery+1","floor":38},{"not_picked":["Cold Snap+1","FTL+1","Doom and Gloom","Loop+1"],"picked":"SKIP","floor":39},{"not_picked":["Redo+1","Hyperbeam","Chill+1"],"picked":"Coolheaded+1","floor":41},{"not_picked":["Rebound+1","Stack+1","Barrage","Cold Snap"],"picked":"SKIP","floor":44},{"not_picked":["Panacea+1","Apotheosis+1","Purity+1"],"picked":"Bandage Up+1","floor":45},{"not_picked":["Mind Blast","Enlightenment+1","Jack Of All Trades+1"],"picked":"Dark Shackles+1","floor":45},{"not_picked":["Enlightenment+1","Panacea+1","PanicButton+1"],"picked":"Finesse+1","floor":45}],"player_experience":4661503,"relics_obtained":[{"floor":9,"key":"Shovel"},{"floor":11,"key":"Juzu Bracelet"},{"floor":26,"key":"Bag of Preparation"},{"floor":29,"key":"Strawberry"},{"floor":30,"key":"Unceasing Top"},{"floor":30,"key":"Question Card"},{"floor":32,"key":"Toxic Egg 2"},{"floor":36,"key":"Ginger"},{"floor":43,"key":"Bronze Scales"},{"floor":47,"key":"Meat on the Bone"},{"floor":49,"key":"Blood Vial"}],"event_choices":[{"cards_removed":["Strike_B"],"damage_healed":0,"gold_gain":0,"player_choice":"Card Removal","damage_taken":7,"max_hp_gain":0,"max_hp_loss":0,"event_name":"Golden Wing","floor":2,"gold_loss":0},{"damage_healed":0,"gold_gain":0,"player_choice":"Take Damage","damage_taken":24,"relics_obtained":["Golden Idol"],"max_hp_gain":0,"max_hp_loss":0,"event_name":"Golden Idol","floor":5,"gold_loss":0},{"damage_healed":0,"gold_gain":75,"player_choice":"Gather Gold","damage_taken":11,"max_hp_gain":0,"max_hp_loss":0,"event_name":"World of Goop","floor":7,"gold_loss":0},{"damage_healed":0,"gold_gain":0,"player_choice":"Ignored","damage_taken":0,"max_hp_gain":0,"max_hp_loss":0,"event_name":"Liars Game","floor":12,"gold_loss":0},{"damage_healed":23,"gold_gain":0,"player_choice":"Banana","damage_taken":0,"max_hp_gain":0,"max_hp_loss":0,"event_name":"Big Fish","floor":13,"gold_loss":0},{"damage_healed":0,"gold_gain":50,"player_choice":"Stole From Cult","damage_taken":0,"max_hp_gain":0,"max_hp_loss":0,"event_name":"Nest","floor":20,"gold_loss":0},{"cards_removed":["Static Discharge"],"damage_healed":47,"gold_gain":0,"player_choice":"Offered Uncommon","damage_taken":0,"max_hp_gain":0,"max_hp_loss":0,"event_name":"Bonfire Elementals","floor":22,"gold_loss":0},{"damage_healed":0,"gold_gain":0,"player_choice":"Ignored","damage_taken":0,"max_hp_gain":0,"max_hp_loss":0,"event_name":"The Mausoleum","floor":25,"gold_loss":0},{"damage_healed":0,"gold_gain":0,"player_choice":"Fight","damage_taken":0,"max_hp_gain":0,"max_hp_loss":0,"event_name":"Colosseum","floor":30,"gold_loss":0},{"damage_healed":0,"gold_gain":0,"player_choice":"Fought Nobs","damage_taken":0,"max_hp_gain":0,"max_hp_loss":0,"event_name":"Colosseum","floor":30,"gold_loss":0},{"damage_healed":0,"gold_gain":0,"player_choice":"Fight","damage_taken":0,"max_hp_gain":0,"max_hp_loss":0,"event_name":"MindBloom","floor":36,"gold_loss":0},{"damage_healed":0,"gold_gain":0,"player_choice":"Upgraded","damage_taken":0,"max_hp_gain":0,"max_hp_loss":0,"event_name":"Upgrade Shrine","floor":37,"gold_loss":0,"cards_upgraded":["Loop"]},{"damage_healed":0,"gold_gain":0,"player_choice":"Max HP","damage_taken":0,"max_hp_gain":0,"max_hp_loss":4,"event_name":"Winding Halls","floor":42,"gold_loss":0},{"damage_healed":0,"gold_gain":0,"player_choice":"Memory 3","damage_taken":10,"max_hp_gain":0,"max_hp_loss":0,"event_name":"SensoryStone","floor":45,"gold_loss":0},{"damage_healed":61,"gold_gain":0,"player_choice":"Heal","damage_taken":0,"max_hp_gain":0,"max_hp_loss":13,"event_name":"The Moai Head","floor":46,"gold_loss":0},{"damage_healed":0,"gold_gain":0,"player_choice":"Paid","damage_taken":0,"relics_obtained":["Red Mask"],"max_hp_gain":0,"max_hp_loss":0,"event_name":"Tomb of Lord Red Mask","floor":48,"gold_loss":881}],"is_beta":false,"boss_relics":[{"not_picked":["White Beast Statue","Black Star"],"picked":"Pandora\u0027s Box"},{"not_picked":["Runic Dome","Eternal Feather"],"picked":"Lizard Tail"}],"items_purged_floors":[19],"is_endless":false,"potions_floor_spawned":[1,4,11,16,18,27,31,33,35,39,41,44],"ascension_level":20}