{"gold_per_floor":[117,117,130,10,30,62,62,89,89,89,142,142,172,184,184,184],"floor_reached":16,"playtime":600,"items_purged":["Decay"],"score":207,"play_id":"fbdfd7e8-4920-45ff-b5f1-8c61ec3e2230","local_time":"20190428155759","is_ascension_mode":true,"campfire_choices":[{"data":"Zap","floor":7,"key":"SMITH"},{"floor":15,"key":"REST"}],"neow_cost":"TEN_PERCENT_HP_LOSS","seed_source_timestamp":158907202265906,"circlet_count":0,"master_deck":["Strike_B","Strike_B","Strike_B","Strike_B","Defend_B","Defend_B","Defend_B","Defend_B","Zap+1","Dualcast","Chill+1","Ball Lightning","Glacier+1","Loop","Coolheaded"],"relics":["Cracked Core","Cables","Mercury Hourglass","Mummified Hand","Vajra","Letter Opener","War Paint"],"potions_floor_usage":[6,13],"damage_taken":[{"damage":2,"enemies":"Jaw Worm","floor":1,"turns":3},{"damage":1,"enemies":"Cultist","floor":3,"turns":3},{"damage":9,"enemies":"2 Louse","floor":5,"turns":2},{"damage":22,"enemies":"Lagavulin","floor":6,"turns":5},{"damage":20,"enemies":"3 Sentries","floor":8,"turns":10},{"damage":0,"enemies":"Gremlin Nob","floor":13,"turns":3},{"damage":0,"enemies":"Lots of Slimes","floor":14,"turns":2},{"damage":24,"enemies":"The Guardian","floor":16,"turns":7}],"seed_played":"5936187844180001227","potions_obtained":[{"floor":1,"key":"FocusPotion"},{"floor":5,"key":"AttackPotion"},{"floor":8,"key":"PowerPotion"},{"floor":13,"key":"Strength Potion"},{"floor":14,"key":"SkillPotion"}],"is_trial":false,"path_per_floor":["M","?","M","$","M","E","R","E","T","$","T","?","E","M","R","B"],"character_chosen":"DEFECT","items_purchased":["Ball Lightning"],"campfire_rested":1,"item_purchase_floors":[4],"current_hp_per_floor":[66,66,65,65,56,34,34,14,14,14,14,14,14,14,34,10],"gold":184,"neow_bonus":"THREE_RARE_CARDS","is_prod":false,"is_daily":false,"chose_seed":false,"campfire_upgraded":1,"win_rate":0,"timestamp":1556459879,"path_taken":["M","?","?","$","M","E","R","E","T","$","?","?","E","M","R","BOSS"],"build_version":"2019-01-23","purchased_purges":1,"victory":false,"max_hp_per_floor":[68,68,68,68,68,68,68,68,68,68,68,68,68,68,68,68],"card_choices":[{"not_picked":["Beam Cell","Redo"],"picked":"Chill","floor":1},{"not_picked":["Steam","Storm","Beam Cell"],"picked":"SKIP","floor":3},{"not_picked":["Lockon","Redo","Undo"],"picked":"SKIP","floor":5},{"not_picked":["Steam","Coolheaded"],"picked":"Glacier","floor":6},{"not_picked":["Scrape","Redo"],"picked":"Loop","floor":8},{"not_picked":["Fusion","Hyperbeam"],"picked":"Coolheaded","floor":13},{"not_picked":["Sweeping Beam","Beam Cell","Rip and Tear"],"picked":"SKIP","floor":14}],"player_experience":498272,"relics_obtained":[{"floor":6,"key":"Cables"},{"floor":8,"key":"Mercury Hourglass"},{"floor":9,"key":"Mummified Hand"},{"floor":11,"key":"Vajra"},{"floor":13,"key":"War Paint"}],"event_choices":[{"damage_healed":0,"gold_gain":0,"player_choice":"1 cards matched","damage_taken":0,"max_hp_gain":0,"max_hp_loss":0,"event_name":"Match and Keep!","floor":2,"gold_loss":0,"cards_obtained":["Decay"]},{"damage_healed":0,"gold_gain":0,"player_choice":"Gave Potion","damage_taken":0,"relics_obtained":["Letter Opener"],"max_hp_gain":0,"max_hp_loss":0,"event_name":"WeMeetAgain","floor":12,"gold_loss":0}],"is_beta":false,"boss_relics":[],"items_purged_floors":[4],"is_endless":false,"potions_floor_spawned":[1,5,8,13,14],"killed_by":"The Guardian","ascension_level":9}