{"gold_per_floor":[115,115,130,141,161,161,196,214,240,240,260,4,4,32,32,32],"floor_reached":16,"playtime":575,"items_purged":[],"score":233,"play_id":"f80ea658-8aae-45a6-897f-8acb80a628e6","local_time":"20190531201727","is_ascension_mode":true,"campfire_choices":[{"data":"Zap","floor":6,"key":"SMITH"},{"data":"Loop","floor":13,"key":"SMITH"},{"data":"Chill","floor":15,"key":"SMITH"}],"neow_cost":"NONE","seed_source_timestamp":434167759770166,"circlet_count":0,"master_deck":["AscendersBane","Strike_B","Strike_B","Strike_B","Strike_B","Defend_B","Defend_B","Defend_B","Defend_B","Zap+1","Dualcast","Gash","Cold Snap","Electrodynamics","Genetic Algorithm","Loop+1","Chill+1"],"relics":["Cracked Core","Bag of Marbles","Blood Vial","Juzu Bracelet","Anchor","Meat on the Bone","Pen Nib"],"potions_floor_usage":[3,14,14],"damage_taken":[{"damage":5,"enemies":"2 Louse","floor":1,"turns":2},{"damage":0,"enemies":"Cultist","floor":3,"turns":3},{"damage":7,"enemies":"Jaw Worm","floor":4,"turns":3},{"damage":13,"enemies":"Exordium Wildlife","floor":5,"turns":4},{"damage":29,"enemies":"Gremlin Nob","floor":7,"turns":4},{"damage":6,"enemies":"3 Louse","floor":8,"turns":4},{"damage":5,"enemies":"2 Fungi Beasts","floor":11,"turns":3},{"damage":0,"enemies":"Lagavulin","floor":14,"turns":7},{"damage":32,"enemies":"Hexaghost","floor":16,"turns":9}],"seed_played":"835583325518687387","potions_obtained":[{"floor":3,"key":"Fruit Juice"},{"floor":7,"key":"Block Potion"},{"floor":8,"key":"Weak Potion"}],"is_trial":false,"path_per_floor":["M","?","M","M","M","R","E","M","T","?","M","$","R","E","R","B"],"character_chosen":"DEFECT","items_purchased":["Meat on the Bone"],"campfire_rested":0,"item_purchase_floors":[12],"current_hp_per_floor":[59,59,66,61,50,50,23,19,19,19,16,16,16,30,30,0],"gold":32,"neow_bonus":"RANDOM_COMMON_RELIC","is_prod":false,"is_daily":false,"chose_seed":false,"campfire_upgraded":3,"win_rate":0,"timestamp":1559326647,"path_taken":["M","?","M","M","?","R","E","M","T","?","M","$","R","E","R","BOSS"],"build_version":"2019-01-23","purchased_purges":0,"victory":false,"max_hp_per_floor":[71,71,76,76,76,76,76,76,76,76,76,76,76,76,76,76],"card_choices":[{"not_picked":["Conserve Battery","Double Energy"],"picked":"Gash","floor":1},{"not_picked":["Rebound","BootSequence"],"picked":"Gash","floor":3},{"not_picked":["Beam Cell","Leap"],"picked":"Cold Snap","floor":4},{"not_picked":["Coolheaded","Compile Driver"],"picked":"Electrodynamics","floor":5},{"not_picked":["Steam","Coolheaded"],"picked":"Genetic Algorithm","floor":7},{"not_picked":["Turbo","Fusion"],"picked":"Loop","floor":8},{"not_picked":["Turbo","Fission","Leap"],"picked":"SKIP","floor":11},{"not_picked":["Double Energy","Gash"],"picked":"Chill","floor":14}],"player_experience":645275,"relics_obtained":[{"floor":7,"key":"Juzu Bracelet"},{"floor":9,"key":"Anchor"},{"floor":14,"key":"Pen Nib"}],"event_choices":[{"cards_removed":["Gash"],"damage_healed":0,"gold_gain":0,"player_choice":"Gave Card","damage_taken":0,"relics_obtained":["Blood Vial"],"max_hp_gain":0,"max_hp_loss":0,"event_name":"WeMeetAgain","floor":2,"gold_loss":0},{"damage_healed":0,"gold_gain":0,"player_choice":"Ignored","damage_taken":0,"max_hp_gain":0,"max_hp_loss":0,"event_name":"Shining Light","floor":10,"gold_loss":0}],"is_beta":false,"boss_relics":[],"items_purged_floors":[],"is_endless":false,"potions_floor_spawned":[3,7,8],"killed_by":"Hexaghost","ascension_level":14}