{"gold_per_floor":[113,125,50,60,74,74,100,100,100,25,25,25,42,42,42,131,131,155,80,118,33,33,33,64,64,117,17,36,50,88,138,138,231,231,256,589,605,206,221,252,252,283,283,283,318,334,349,349,349,349,349,349,25,51,51],"floor_reached":56,"playtime":4359,"items_purged":["Strike_B","Defend_B","Defend_B","Sunder+1"],"score":2118,"play_id":"848ba524-66b0-4516-97e0-07d15e28b39c","local_time":"20190512104131","is_ascension_mode":true,"campfire_choices":[{"data":"Zap","floor":6.0,"key":"SMITH"},{"data":"Dualcast","floor":8.0,"key":"SMITH"},{"data":"Go for the Eyes","floor":12.0,"key":"SMITH"},{"data":"Defragment","floor":15.0,"key":"SMITH"},{"floor":23.0,"key":"REST"},{"data":"Sunder","floor":25.0,"key":"SMITH"},{"data":"Hologram","floor":32.0,"key":"SMITH"},{"data":"Heatsinks","floor":41,"key":"SMITH"},{"data":"Coolheaded","floor":44,"key":"SMITH"},{"floor":49,"key":"RECALL"},{"data":"Madness","floor":52,"key":"SMITH"}],"neow_cost":"NONE","seed_source_timestamp":0,"circlet_count":0,"master_deck":["AscendersBane","Zap+1","Dualcast+1","Go for the Eyes+1","Ball Lightning","Core Surge","Undo","FTL","Defragment+1","All For One","Coolheaded+1","Hologram+1","Coolheaded+1","Biased Cognition","Creative AI","Storm+1","Gash+1","Heatsinks+1","Gash","Chill","Skim+1","Heatsinks+1","Static Discharge","Hologram","Madness+1","Capacitor","Forethought","Static Discharge+1"],"special_seed":0,"relics":["Cracked Core","PreservedInsect","Pantograph","Meat on the Bone","Sozu","Red Mask","Question Card","Orichalcum","Emotion Chip","Happy Flower","Torii","Empty Cage","Membership Card","Lantern","Singing Bowl","Bronze Scales","Dodecahedron","Unceasing Top","Mango"],"potions_floor_usage":[],"damage_taken":[{"damage":1.0,"enemies":"Cultist","floor":1.0,"turns":3.0},{"damage":12.0,"enemies":"Small Slimes","floor":2.0,"turns":3.0},{"damage":0.0,"enemies":"2 Louse","floor":4.0,"turns":2.0},{"damage":10.0,"enemies":"Large Slime","floor":5.0,"turns":4.0},{"damage":10.0,"enemies":"3 Sentries","floor":7.0,"turns":5.0},{"damage":15.0,"enemies":"Exordium Thugs","floor":13.0,"turns":5.0},{"damage":33.0,"enemies":"Slime Boss","floor":16.0,"turns":8.0},{"damage":6.0,"enemies":"2 Thieves","floor":18.0,"turns":3.0},{"damage":22.0,"enemies":"Masked Bandits","floor":20.0,"turns":4.0},{"damage":4.0,"enemies":"Book of Stabbing","floor":24.0,"turns":4.0},{"damage":5.0,"enemies":"Shell Parasite","floor":28.0,"turns":3.0},{"damage":0.0,"enemies":"Sentry and Sphere","floor":29.0,"turns":5.0},{"damage":0.0,"enemies":"Gremlin Leader","floor":30.0,"turns":4.0},{"damage":1.0,"enemies":"Collector","floor":33.0,"turns":11.0},{"damage":10.0,"enemies":"3 Darklings","floor":35.0,"turns":3.0},{"damage":7.0,"enemies":"3 Shapes","floor":37.0,"turns":3.0},{"damage":0.0,"enemies":"Spire Growth","floor":39.0,"turns":4.0},{"damage":16,"enemies":"Reptomancer","floor":40,"turns":5},{"damage":1,"enemies":"Giant Head","floor":42,"turns":6},{"damage":0,"enemies":"Reptomancer","floor":45,"turns":4},{"damage":1,"enemies":"Sphere and 2 Shapes","floor":46,"turns":5},{"damage":0,"enemies":"4 Shapes","floor":47,"turns":3},{"damage":25,"enemies":"Awakened One","floor":50,"turns":9},{"damage":7,"enemies":"Shield and Spear","floor":54,"turns":3},{"damage":57,"enemies":"The Heart","floor":55,"turns":6}],"seed_played":"-6952159313034094277","potions_obtained":[{"floor":1.0,"key":"SteroidPotion"},{"floor":5.0,"key":"Ancient Potion"},{"floor":16.0,"key":"SneckoOil"}],"is_trial":false,"path_per_floor":["M","M","$","M","M","R","E","R","T","?","?","R","M","?","R","B",null,"M","?","?","?","?","R","E","R","T","$","M","M","E","?","R","B",null,"M","?","M","$","M","E","R","E","T","R","E","M","M","?","R","B",null,"R","$","E","B",null],"character_chosen":"DEFECT","items_purchased":["Membership Card","Lantern","Heatsinks","Unceasing Top","Capacitor","Forethought"],"campfire_rested":1,"item_purchase_floors":[38,38,38,53,53,53],"current_hp_per_floor":[63,51,51,51,41,41,31,31,31,31,24,24,21,21,21,25,54,48,48,38,38,38,57,53,53,53,53,48,48,48,42,42,63,64,54,54,47,47,47,43,43,42,42,42,42,41,41,41,41,39,58,58,58,65,33],"gold":51,"neow_bonus":"RANDOM_COMMON_RELIC","is_prod":false,"is_daily":false,"chose_seed":false,"campfire_upgraded":9,"win_rate":0,"timestamp":1557625291,"path_taken":["M","M","?","?","M","R","E","R","T","?","?","R","M","?","R","BOSS","M","?","?","?","?","R","E","R","T","$","M","?","E","?","R","BOSS","M","?","M","$","M","E","R","E","T","R","E","M","M","?","R","BOSS","R","$","E","BOSS"],"build_version":"2019-05-07","purchased_purges":4,"victory":true,"max_hp_per_floor":[71,71,71,71,71,71,71,71,71,71,71,71,71,64,64,64,64,64,64,64,64,64,64,64,64,64,64,64,64,64,64,64,64,64,64,64,64,64,64,64,64,64,64,64,64,64,64,64,64,64,64,64,64,78,78],"card_choices":[{"not_picked":["Hologram","Sweeping Beam"],"picked":"Go for the Eyes","floor":1.0},{"not_picked":["Tempest","Redo"],"picked":"Ball Lightning","floor":2.0},{"not_picked":["Sweeping Beam","Cold Snap"],"picked":"Core Surge","floor":4.0},{"not_picked":["Cold Snap","Streamline"],"picked":"Undo","floor":5.0},{"not_picked":["Force Field","Barrage"],"picked":"FTL","floor":7.0},{"not_picked":["Cold Snap","Beam Cell"],"picked":"Defragment","floor":13.0},{"not_picked":["Fission","Rainbow"],"picked":"All For One","floor":16.0},{"not_picked":["Beam Cell","Cold Snap"],"picked":"Coolheaded","floor":18.0},{"not_picked":["Turbo","Storm"],"picked":"Hologram","floor":20.0},{"not_picked":["Beam Cell+1","Rainbow","Darkness"],"picked":"Sunder","floor":24.0},{"not_picked":["Hologram","Scrape","Leap"],"picked":"Coolheaded+1","floor":28.0},{"not_picked":["Beam Cell","Darkness","Sweeping Beam","Coolheaded"],"picked":"SKIP","floor":29.0},{"not_picked":["Cold Snap","Rip and Tear","Redo"],"picked":"Biased Cognition","floor":30.0},{"not_picked":["Meteor Strike","Biased Cognition","Fission"],"picked":"Creative AI","floor":33.0},{"not_picked":["Cold Snap+1","Redo","Gash"],"picked":"Storm+1","floor":35.0},{"not_picked":["Melter+1","Sweeping Beam","Lockon"],"picked":"Gash+1","floor":37.0},{"not_picked":["Hello World","Ball Lightning","Multi-Cast"],"picked":"Gash","floor":39.0},{"not_picked":["Ball Lightning","Reprogram","Go for the Eyes"],"picked":"Chill","floor":40},{"not_picked":["Steam+1","Multi-Cast","Go for the Eyes"],"picked":"Skim+1","floor":42},{"not_picked":["Darkness","Storm","Streamline+1"],"picked":"Heatsinks+1","floor":45},{"not_picked":["Chaos","Streamline","Beam Cell"],"picked":"Static Discharge","floor":46},{"not_picked":["Barrage","BootSequence","Reinforced Body+1"],"picked":"Hologram","floor":47},{"not_picked":["Deep Breath","Blind","Sadistic Nature"],"picked":"Madness","floor":48},{"not_picked":["Conserve Battery","Sunder","Hologram"],"picked":"Static Discharge+1","floor":54}],"player_experience":3200943,"relics_obtained":[{"floor":7.0,"key":"Pantograph"},{"floor":9.0,"key":"Meat on the Bone"},{"floor":20.0,"key":"Red Mask"},{"floor":24.0,"key":"Emotion Chip"},{"floor":26.0,"key":"Happy Flower"},{"floor":30.0,"key":"Torii"},{"floor":40,"key":"Singing Bowl"},{"floor":42,"key":"Bronze Scales"},{"floor":45,"key":"Dodecahedron"},{"floor":54,"key":"Mango"}],"event_choices":[{"cards_removed":["Strike_B"],"damage_healed":0.0,"max_hp_gain":0.0,"max_hp_loss":0.0,"gold_gain":0.0,"event_name":"The Cleric","player_choice":"Card Removal","floor":10.0,"gold_loss":75.0,"damage_taken":0.0},{"cards_removed":["Strike_B"],"damage_healed":0.0,"max_hp_gain":0.0,"max_hp_loss":0.0,"gold_gain":0.0,"event_name":"Golden Wing","player_choice":"Card Removal","floor":11.0,"gold_loss":0.0,"damage_taken":7.0},{"damage_healed":0.0,"max_hp_gain":0.0,"max_hp_loss":7.0,"gold_gain":0.0,"event_name":"Golden Idol","player_choice":"Lose Max HP","floor":14.0,"gold_loss":0.0,"damage_taken":0.0,"relics_obtained":["Golden Idol"]},{"cards_removed":["Strike_B"],"damage_healed":0.0,"max_hp_gain":0.0,"max_hp_loss":0.0,"gold_gain":0.0,"event_name":"Beggar","player_choice":"Gave Gold","floor":19.0,"gold_loss":75.0,"damage_taken":0.0},{"damage_healed":0.0,"max_hp_gain":0.0,"max_hp_loss":0.0,"gold_gain":0.0,"event_name":"Masked Bandits","player_choice":"Fought Bandits","floor":20.0,"gold_loss":0.0,"damage_taken":0.0},{"damage_healed":0.0,"max_hp_gain":0.0,"max_hp_loss":0.0,"gold_gain":0.0,"event_name":"Addict","player_choice":"Obtained Relic","floor":21.0,"gold_loss":85.0,"damage_taken":0.0,"relics_obtained":["Question Card"]},{"damage_healed":0.0,"max_hp_gain":0.0,"max_hp_loss":0.0,"gold_gain":0.0,"event_name":"WeMeetAgain","player_choice":"Gave Potion","floor":22.0,"gold_loss":0.0,"damage_taken":0.0,"relics_obtained":["Orichalcum"]},{"damage_healed":0.0,"max_hp_gain":0.0,"max_hp_loss":0.0,"gold_gain":50.0,"event_name":"FaceTrader","player_choice":"Touch","floor":31.0,"gold_loss":0.0,"damage_taken":6.0},{"damage_healed":0.0,"max_hp_gain":0.0,"max_hp_loss":0.0,"gold_gain":333.0,"event_name":"The Moai Head","player_choice":"Gave Idol","floor":36.0,"relics_lost":["Golden Idol"],"gold_loss":0.0,"damage_taken":0.0},{"damage_healed":0,"gold_gain":0,"player_choice":"Memory 1","damage_taken":0,"max_hp_gain":0,"max_hp_loss":0,"event_name":"SensoryStone","floor":48,"gold_loss":0}],"is_beta":true,"boss_relics":[{"not_picked":["Runic Dome","Philosopher\u0027s Stone"],"picked":"Sozu"},{"not_picked":["Calling Bell","Velvet Choker"],"picked":"Empty Cage"}],"items_purged_floors":[3,27,38,53],"is_endless":false,"potions_floor_spawned":[1,5,16,24,29,33,37,40,42,45],"ascension_level":17}