{"gold_per_floor":[112,123,135,153,166,166,0,0,0,0,0,40,63,63,63,63],"floor_reached":16,"playtime":828,"items_purged":[],"score":179,"play_id":"c52b8700-29e8-415b-a7f6-700613372de7","local_time":"20190530092916","is_ascension_mode":true,"campfire_choices":[{"data":"Magnetism","floor":6.0,"key":"SMITH"},{"data":"Neutralize","floor":11,"key":"SMITH"},{"floor":15,"key":"REST"}],"neow_cost":"PERCENT_DAMAGE","seed_source_timestamp":955116868799237,"circlet_count":0,"master_deck":["AscendersBane","Strike_G","Strike_G","Strike_G","Strike_G","Strike_G","Defend_G","Defend_G","Defend_G","Defend_G","Defend_G","Survivor","Neutralize+1","Magnetism+1","Mind Blast","Terror","Infinite Blades","Accuracy","Sucker Punch","Parasite","Leg Sweep"],"special_seed":0,"relics":["Ring of the Snake","Anchor","Omamori","Golden Idol"],"potions_floor_usage":[13],"damage_taken":[{"damage":4.0,"enemies":"Cultist","floor":1.0,"turns":4.0},{"damage":9.0,"enemies":"2 Louse","floor":2.0,"turns":5.0},{"damage":6.0,"enemies":"Jaw Worm","floor":3.0,"turns":4.0},{"damage":5.0,"enemies":"2 Fungi Beasts","floor":4.0,"turns":5.0},{"damage":6.0,"enemies":"Exordium Wildlife","floor":5.0,"turns":5.0},{"damage":5,"enemies":"Red Slaver","floor":12,"turns":5},{"damage":22,"enemies":"Large Slime","floor":13,"turns":8},{"damage":25,"enemies":"Hexaghost","floor":16,"turns":14}],"seed_played":"-6662927111874656655","potions_obtained":[{"floor":3.0,"key":"Energy Potion"},{"floor":4.0,"key":"Strength Potion"},{"floor":12,"key":"Ancient Potion"}],"is_trial":false,"path_per_floor":["M","M","M","M","M","R","$","?","T","?","R","M","M","?","R","B"],"character_chosen":"THE_SILENT","items_purchased":["Anchor"],"campfire_rested":1,"item_purchase_floors":[7],"current_hp_per_floor":[40,31,25,20,14,14,14,30,30,30,30,25,3,3,21,0],"gold":63,"neow_bonus":"RANDOM_COLORLESS_2","is_prod":false,"is_daily":false,"chose_seed":false,"campfire_upgraded":2,"win_rate":0,"timestamp":1559176156,"path_taken":["M","M","M","?","M","R","$","?","T","?","R","M","M","?","R","BOSS"],"build_version":"2019-05-28","purchased_purges":0,"victory":false,"max_hp_per_floor":[66,66,66,66,66,66,66,66,66,60,60,60,60,60,60,60],"card_choices":[{"not_picked":["Blade Dance","Underhanded Strike"],"picked":"Terror","floor":1.0},{"not_picked":["Dagger Throw","Riddle With Holes"],"picked":"Infinite Blades","floor":2.0},{"not_picked":["Dodge and Roll","Deflect"],"picked":"Accuracy","floor":3.0},{"not_picked":["Outmaneuver","Poisoned Stab"],"picked":"Sucker Punch","floor":4.0},{"not_picked":["Bane","Dodge and Roll","Flechettes"],"picked":"SKIP","floor":5.0},{"not_picked":["Acrobatics","Dodge and Roll","Unload"],"picked":"SKIP","floor":12},{"not_picked":["PiercingWail","Terror"],"picked":"Leg Sweep","floor":13}],"player_experience":3371080,"relics_obtained":[{"floor":9,"key":"Omamori"}],"event_choices":[{"damage_healed":16,"gold_gain":0,"player_choice":"Healed and dodged fight","damage_taken":0,"max_hp_gain":0,"max_hp_loss":0,"event_name":"Mushrooms","floor":8,"gold_loss":0,"cards_obtained":["Parasite"]},{"damage_healed":0,"gold_gain":0,"player_choice":"Lose Max HP","damage_taken":0,"relics_obtained":["Golden Idol"],"max_hp_gain":0,"max_hp_loss":6,"event_name":"Golden Idol","floor":10,"gold_loss":0},{"damage_healed":0,"gold_gain":0,"player_choice":"Ignored","damage_taken":0,"max_hp_gain":0,"max_hp_loss":0,"event_name":"Golden Wing","floor":14,"gold_loss":0}],"is_beta":true,"boss_relics":[],"items_purged_floors":[],"is_endless":false,"potions_floor_spawned":[3,4,12],"killed_by":"Hexaghost","ascension_level":18}