{"gold_per_floor":[119,130,130,130,149,149,149,192,192,192,223,188,122,157,169,277,289,326,263,298,333,345,357,400,412,500,547,575,587,91,125,125,218,218,243,243,243,261,282,282,315,315,315,315,330,27,51,51,51,51],"floor_reached":50,"playtime":2843,"items_purged":["Strike_G"],"score":1170,"play_id":"fc7a29a2-d71c-472b-a5d4-e80da1567d11","local_time":"20190404121938","is_ascension_mode":true,"campfire_choices":[{"data":"Noxious Fumes","floor":6.0,"key":"SMITH"},{"floor":10.0,"key":"REST"},{"floor":15.0,"key":"REST"},{"floor":23.0,"key":"REST"},{"floor":25.0,"key":"REST"},{"data":"A Thousand Cuts","floor":29.0,"key":"SMITH"},{"floor":32.0,"key":"REST"},{"floor":40.0,"key":"REST"},{"floor":44.0,"key":"REST"},{"floor":49.0,"key":"RECALL"}],"neow_cost":"NONE","seed_source_timestamp":3063189336895486,"circlet_count":0,"master_deck":["AscendersBane","Defend_G","Defend_G","Defend_G","Defend_G","Defend_G","Strike_G","Strike_G","Strike_G","Survivor","Neutralize+1","Noxious Fumes+1","Die Die Die","Bane","A Thousand Cuts+1","Noxious Fumes","Blur","Bullet Time","Backflip","Catalyst+1","Acrobatics+1","Venomology","Blade Dance","Blur","Leg Sweep","Tactician+1"],"special_seed":0,"relics":["Ring of the Serpent","Golden Idol","Blue Candle","PreservedInsect","MawBank","Snecko Eye","Happy Flower","Shuriken","Pocketwatch","Kunai","Snake Skull","Blood Vial","The Courier","Medical Kit"],"potions_floor_usage":[50,50,50],"damage_taken":[{"damage":19.0,"enemies":"Jaw Worm","floor":1.0,"turns":8.0},{"damage":0.0,"enemies":"Small Slimes","floor":2.0,"turns":4.0},{"damage":0.0,"enemies":"2 Louse","floor":5.0,"turns":2.0},{"damage":24.0,"enemies":"3 Sentries","floor":8.0,"turns":7.0},{"damage":36.0,"enemies":"Gremlin Nob","floor":11.0,"turns":5.0},{"damage":17.0,"enemies":"3 Sentries","floor":14.0,"turns":4.0},{"damage":14.0,"enemies":"Hexaghost","floor":16.0,"turns":9.0},{"damage":10.0,"enemies":"2 Thieves","floor":18.0,"turns":4.0},{"damage":13.0,"enemies":"Shell Parasite","floor":20.0,"turns":5.0},{"damage":10.0,"enemies":"Snecko","floor":21.0,"turns":5.0},{"damage":23.0,"enemies":"Book of Stabbing","floor":24.0,"turns":5.0},{"damage":0.0,"enemies":"Gremlin Leader","floor":27.0,"turns":4.0},{"damage":0.0,"enemies":"Centurion and Healer","floor":28.0,"turns":7.0},{"damage":19.0,"enemies":"Slavers","floor":31.0,"turns":3.0},{"damage":0.0,"enemies":"Champ","floor":33.0,"turns":8.0},{"damage":34.0,"enemies":"3 Shapes","floor":35.0,"turns":5.0},{"damage":13.0,"enemies":"Orb Walker","floor":38.0,"turns":4.0},{"damage":3.0,"enemies":"Spire Growth","floor":39.0,"turns":5.0},{"damage":12.0,"enemies":"Reptomancer","floor":41.0,"turns":5.0},{"damage":30.0,"enemies":"3 Darklings","floor":45.0,"turns":3.0},{"damage":0.0,"enemies":"Sphere and 2 Shapes","floor":47.0,"turns":5.0},{"damage":36,"enemies":"Donu and Deca","floor":50,"turns":3}],"seed_played":"-4372812645210937410","potions_obtained":[{"floor":5.0,"key":"Strength Potion"},{"floor":11.0,"key":"Strength Potion"},{"floor":16.0,"key":"Regen Potion"},{"floor":21.0,"key":"EssenceOfSteel"},{"floor":33.0,"key":"FearPotion"},{"floor":39.0,"key":"SteroidPotion"},{"floor":47.0,"key":"Block Potion"}],"is_trial":false,"path_per_floor":["M","M","?","?","M","R","$","E","T","R","E","?","?","E","R","B",null,"M","?","M","M","?","R","E","R","T","E","M","R","$","E","R","B",null,"M","?","?","M","M","R","E","?","T","R","M","$","M","?","R","B"],"character_chosen":"THE_SILENT","items_purchased":["Kunai","Snake Skull","Medical Kit","Blur","Leg Sweep"],"campfire_rested":7,"item_purchase_floors":[30,30,46,46,46],"current_hp_per_floor":[40,40,40,60,60,60,60,36,36,54,18,33,33,16,34,20,50,40,40,41,31,31,49,26,44,44,44,44,44,44,25,43,45,56,24,24,36,25,24,42,32,32,32,50,22,22,24,24,24,0],"gold":51,"neow_bonus":"UPGRADE_CARD","is_prod":false,"is_daily":false,"chose_seed":false,"campfire_upgraded":2,"win_rate":0,"timestamp":1554347978,"path_taken":["M","M","?","?","M","R","?","E","T","R","E","?","?","E","R","BOSS","M","?","M","M","?","R","E","R","T","E","M","R","$","E","R","BOSS","M","?","?","M","M","R","E","?","T","R","?","$","?","?","R","BOSS"],"build_version":"2019-03-15","purchased_purges":1,"victory":false,"max_hp_per_floor":[66,66,60,60,60,60,60,60,60,60,60,60,60,60,60,60,60,60,60,60,60,60,60,60,60,60,60,60,60,60,60,60,60,60,60,60,60,60,60,60,60,60,60,60,60,60,60,60,60,60],"card_choices":[{"not_picked":["Dagger Throw","Deadly Poison"],"picked":"Noxious Fumes","floor":1.0},{"not_picked":["Underhanded Strike","Dodge and Roll"],"picked":"Die Die Die","floor":2.0},{"not_picked":["Prepared","Dagger Throw"],"picked":"Bane","floor":5.0},{"not_picked":["Underhanded Strike","Backflip"],"picked":"A Thousand Cuts","floor":8.0},{"not_picked":["Poisoned Stab","Flying Knee"],"picked":"Noxious Fumes","floor":11.0},{"not_picked":["Blade Dance","Unload"],"picked":"Blur","floor":14.0},{"not_picked":["Storm of Steel","Grand Finale"],"picked":"Bullet Time","floor":16.0},{"not_picked":["Accuracy","Outmaneuver","Dagger Throw"],"picked":"SKIP","floor":18.0},{"not_picked":["All Out Attack","Tactician"],"picked":"Backflip","floor":20.0},{"not_picked":["Concentrate","Riddle With Holes"],"picked":"Catalyst+1","floor":21.0},{"not_picked":["Setup","PiercingWail"],"picked":"Acrobatics+1","floor":24.0},{"not_picked":["Dagger Spray","Poisoned Stab","Grand Finale"],"picked":"SKIP","floor":27.0},{"not_picked":["Dagger Spray","Poisoned Stab","Grand Finale"],"picked":"SKIP","floor":27.0},{"not_picked":["Dodge and Roll","Dagger Throw","Acrobatics"],"picked":"SKIP","floor":28.0},{"not_picked":["Acrobatics","Backstab","Deadly Poison"],"picked":"SKIP","floor":31.0},{"not_picked":["Phantasmal Killer","Glass Knife"],"picked":"Venomology","floor":33.0},{"not_picked":["Underhanded Strike+1","Deadly Poison+1","Distraction"],"picked":"SKIP","floor":35.0},{"not_picked":["Poisoned Stab","Dagger Spray"],"picked":"Blade Dance","floor":38.0},{"not_picked":["Poisoned Stab+1","Quick Slash","Deadly Poison"],"picked":"SKIP","floor":39.0},{"not_picked":["Flying Knee","A Thousand Cuts","Sucker Punch+1"],"picked":"SKIP","floor":41.0},{"not_picked":["Cloak And Dagger","Skewer","Dagger Throw"],"picked":"SKIP","floor":45.0},{"not_picked":["Expertise","Distraction"],"picked":"Tactician+1","floor":47.0}],"player_experience":2812503,"relics_obtained":[{"floor":8.0,"key":"Blue Candle"},{"floor":11.0,"key":"PreservedInsect"},{"floor":14.0,"key":"MawBank"},{"floor":24.0,"key":"Happy Flower"},{"floor":26.0,"key":"Shuriken"},{"floor":27.0,"key":"Pocketwatch"},{"floor":31.0,"key":"Blood Vial"},{"floor":41.0,"key":"The Courier"}],"event_choices":[{"damage_healed":0.0,"max_hp_gain":0.0,"max_hp_loss":6.0,"gold_gain":0.0,"event_name":"Golden Idol","player_choice":"Lose Max HP","floor":3.0,"gold_loss":0.0,"damage_taken":0.0,"relics_obtained":["Golden Idol"]},{"damage_healed":20.0,"max_hp_gain":0.0,"max_hp_loss":0.0,"gold_gain":0.0,"event_name":"Big Fish","player_choice":"Banana","floor":4.0,"gold_loss":0.0,"damage_taken":0.0},{"damage_healed":15.0,"max_hp_gain":0.0,"max_hp_loss":0.0,"gold_gain":0.0,"event_name":"The Cleric","player_choice":"Healed","floor":12.0,"gold_loss":35.0,"damage_taken":0.0},{"damage_healed":0.0,"max_hp_gain":0.0,"max_hp_loss":0.0,"gold_gain":0.0,"event_name":"World of Goop","player_choice":"Left Gold","floor":13.0,"gold_loss":66.0,"damage_taken":0.0},{"cards_removed":["Strike_G"],"damage_healed":0.0,"max_hp_gain":0.0,"max_hp_loss":0.0,"gold_gain":0.0,"event_name":"Beggar","player_choice":"Gave Gold","floor":19.0,"gold_loss":75.0,"damage_taken":0.0},{"damage_healed":0.0,"max_hp_gain":0.0,"max_hp_loss":0.0,"gold_gain":0.0,"event_name":"The Mausoleum","player_choice":"Ignored","floor":22.0,"gold_loss":0.0,"damage_taken":0.0},{"damage_healed":0.0,"max_hp_gain":0.0,"max_hp_loss":0.0,"gold_gain":0.0,"event_name":"SensoryStone","player_choice":"Memory 1","floor":36.0,"gold_loss":0.0,"damage_taken":0.0},{"damage_healed":12.0,"max_hp_gain":0.0,"max_hp_loss":0.0,"gold_gain":0.0,"event_name":"Winding Halls","player_choice":"Writhe","floor":37.0,"gold_loss":0.0,"damage_taken":0.0,"cards_obtained":["Writhe"]},{"cards_removed":["Writhe"],"damage_healed":0.0,"max_hp_gain":0.0,"max_hp_loss":0.0,"gold_gain":0.0,"event_name":"Purifier","player_choice":"Purged","floor":42.0,"gold_loss":0.0,"damage_taken":0.0},{"damage_healed":0.0,"max_hp_gain":0.0,"max_hp_loss":0.0,"gold_gain":0.0,"event_name":"Lab","player_choice":"Got Potions","floor":48.0,"gold_loss":0.0,"damage_taken":0.0}],"is_beta":true,"boss_relics":[{"not_picked":["Black Star","Orrery"],"picked":"Snecko Eye"},{"not_picked":["Velvet Choker","Lizard Tail"],"picked":"Ring of the Serpent"}],"items_purged_floors":[30],"is_endless":false,"potions_floor_spawned":[5,11,16,21,33,39,47],"killed_by":"Donu and Deca","ascension_level":17}