{"gold_per_floor":[111,122,47,60,77,77,77,77,77,91,120,135,149,149,149,149],"floor_reached":16,"playtime":1250,"items_purged":["Strike_G"],"score":114,"play_id":"ac639497-e359-46e6-8171-f77b5c46b603","local_time":"20181226215349","is_ascension_mode":true,"campfire_choices":[{"data":"Neutralize","floor":6.0,"key":"SMITH"},{"data":"Acrobatics","floor":8.0,"key":"SMITH"},{"floor":15.0,"key":"REST"}],"neow_cost":"NONE","seed_source_timestamp":346705143617829,"circlet_count":0,"master_deck":["Defend_G","Defend_G","Defend_G","Defend_G","Defend_G","Strike_G","Strike_G","Strike_G","Survivor","Neutralize+1","Forethought","Acrobatics+1","Footwork+1","Escape Plan","Quick Slash","Backflip","Burst","Reflex","Leg Sweep"],"special_seed":0,"relics":["Ring of the Snake","Question Card","Kunai"],"potions_floor_usage":[],"damage_taken":[{"damage":0.0,"enemies":"2 Louse","floor":1.0,"turns":3.0},{"damage":1.0,"enemies":"Cultist","floor":2.0,"turns":5.0},{"damage":2.0,"enemies":"Jaw Worm","floor":4.0,"turns":6.0},{"damage":16.0,"enemies":"Gremlin Gang","floor":5.0,"turns":5.0},{"damage":12.0,"enemies":"Lots of Slimes","floor":10.0,"turns":8.0},{"damage":37.0,"enemies":"Gremlin Nob","floor":11.0,"turns":7.0},{"damage":0.0,"enemies":"Red Slaver","floor":12.0,"turns":6.0},{"damage":0.0,"enemies":"Exordium Wildlife","floor":13.0,"turns":5.0},{"damage":24,"enemies":"Hexaghost","floor":16,"turns":18}],"seed_played":"2748949267596285315","potions_obtained":[{"floor":1.0,"key":"Strength Potion"},{"floor":4.0,"key":"SkillPotion"},{"floor":5.0,"key":"Block Potion"}],"is_trial":false,"path_per_floor":["M","M","$","M","M","R","?","R","T","M","E","M","M","?","R","B"],"character_chosen":"THE_SILENT","items_purchased":[],"campfire_rested":1,"item_purchase_floors":[],"current_hp_per_floor":[70,69,69,67,51,51,51,51,51,39,2,2,2,2,23,0],"gold":149,"neow_bonus":"RANDOM_COLORLESS","is_prod":false,"is_daily":false,"chose_seed":false,"campfire_upgraded":2,"win_rate":0,"timestamp":1545828829,"path_taken":["M","M","$","M","M","R","?","R","T","M","E","?","M","?","R","BOSS"],"build_version":"2018-12-20","purchased_purges":1,"victory":false,"max_hp_per_floor":[70,70,70,70,70,70,70,70,70,70,70,70,70,70,70,70],"card_choices":[{"not_picked":["Concentrate","Bane"],"picked":"Acrobatics","floor":1.0},{"not_picked":["Outmaneuver","Underhanded Strike"],"picked":"Footwork","floor":2.0},{"not_picked":["Flechettes","Setup"],"picked":"Escape Plan","floor":4.0},{"not_picked":["Crippling Poison","Endless Agony"],"picked":"Quick Slash","floor":5.0},{"not_picked":["Acrobatics","Outmaneuver","Dagger Throw"],"picked":"Backflip","floor":10.0},{"not_picked":["Predator","Dagger Throw","Slice"],"picked":"Burst","floor":11.0},{"not_picked":["Noxious Fumes","Prepared","Deflect"],"picked":"Reflex","floor":12.0},{"not_picked":["Endless Agony","Flying Knee","Deflect"],"picked":"Leg Sweep","floor":13.0}],"player_experience":218541,"relics_obtained":[{"floor":9.0,"key":"Question Card"},{"floor":11.0,"key":"Kunai"}],"event_choices":[{"damage_healed":0.0,"max_hp_gain":0.0,"max_hp_loss":0.0,"gold_gain":0.0,"event_name":"Upgrade Shrine","player_choice":"Upgraded","floor":7.0,"gold_loss":0.0,"damage_taken":0.0,"cards_upgraded":["Footwork"]},{"cards_removed":["Strike_G"],"damage_healed":0.0,"max_hp_gain":0.0,"max_hp_loss":0.0,"gold_gain":0.0,"event_name":"Bonfire Elementals","player_choice":"Offered Basic","floor":14.0,"gold_loss":0.0,"damage_taken":0.0}],"is_beta":false,"boss_relics":[],"items_purged_floors":[3],"is_endless":false,"potions_floor_spawned":[1,4,5],"killed_by":"Hexaghost","ascension_level":2}