{"gold_per_floor":[110,123,140,156,173,173,201,201,201,201,60,60,70,97,97,170,170,184,204,37,49,69,69,69,69,69,69,89,89,89,107,107,107],"floor_reached":33,"playtime":2197,"items_purged":[],"score":492,"play_id":"e2ef77e5-1e09-4052-a8e0-f1a748401e73","local_time":"20190530100729","is_ascension_mode":true,"campfire_choices":[{"data":"Crippling Poison","floor":6,"key":"SMITH"},{"data":"Neutralize","floor":8,"key":"SMITH"},{"floor":10,"key":"REST"},{"data":"Deadly Poison","floor":15,"key":"SMITH"},{"floor":23,"key":"REST"},{"floor":25,"key":"REST"},{"data":"Burst","floor":30,"key":"SMITH"},{"data":"Ghostly","floor":32,"key":"SMITH"}],"neow_cost":"NONE","seed_source_timestamp":956147728203435,"circlet_count":0,"master_deck":["AscendersBane","Strike_G+1","Strike_G+1","Strike_G+1","Strike_G+1","Strike_G+1","Defend_G+1","Defend_G+1","Defend_G+1","Defend_G+1","Defend_G+1","Survivor","Neutralize+1","Crippling Poison+1","Backflip","Cloak And Dagger","Well Laid Plans","Cloak And Dagger","Sucker Punch","Caltrops","PiercingWail","Deadly Poison+1","Burst+1","Catalyst","Heel Hook","Ghostly+1","Ghostly","Ghostly","PiercingWail","Prepared+1"],"special_seed":0,"relics":["Ring of the Snake","Strawberry","Bottled Tornado","Dodecahedron","Lizard Tail","Oddly Smooth Stone","Mummified Hand"],"potions_floor_usage":[7,7,7,14,14,19,21],"damage_taken":[{"damage":2.0,"enemies":"Jaw Worm","floor":1.0,"turns":8.0},{"damage":3.0,"enemies":"Cultist","floor":2.0,"turns":4.0},{"damage":2.0,"enemies":"Small Slimes","floor":3.0,"turns":6.0},{"damage":11,"enemies":"Exordium Thugs","floor":4,"turns":7},{"damage":0,"enemies":"Looter","floor":5,"turns":4},{"damage":42,"enemies":"Gremlin Nob","floor":7,"turns":6},{"damage":0,"enemies":"Blue Slaver","floor":13,"turns":5},{"damage":6,"enemies":"Lagavulin","floor":14,"turns":14},{"damage":19,"enemies":"The Guardian","floor":16,"turns":12},{"damage":5,"enemies":"Shell Parasite","floor":18,"turns":8},{"damage":15,"enemies":"Spheric Guardian","floor":19,"turns":10},{"damage":12,"enemies":"Centurion and Healer","floor":21,"turns":10},{"damage":16,"enemies":"Snecko","floor":22,"turns":6},{"damage":28,"enemies":"Colosseum Slavers","floor":24,"turns":6},{"damage":6,"enemies":"Snake Plant","floor":28,"turns":6},{"damage":0,"enemies":"Centurion and Healer","floor":31,"turns":7},{"damage":15,"enemies":"Collector","floor":33,"turns":10}],"seed_played":"-1122275817183241134","potions_obtained":[{"floor":1.0,"key":"EntropicBrew"},{"floor":7,"key":"Ancient Potion"},{"floor":14,"key":"AttackPotion"},{"floor":18,"key":"Block Potion"},{"floor":22,"key":"Dexterity Potion"},{"floor":31,"key":"Explosive Potion"}],"is_trial":false,"path_per_floor":["M","M","M","M","M","R","E","R","T","R","$","?","M","E","R","B",null,"M","M","$","M","M","R","?","R","T","?","M","?","R","M","R","B"],"character_chosen":"THE_SILENT","items_purchased":["SpeedPotion","Caltrops","Oddly Smooth Stone"],"campfire_rested":3,"item_purchase_floors":[11,11,20],"current_hp_per_floor":[57,54,52,41,41,41,21,21,21,42,42,73,73,67,67,48,67,62,47,47,35,19,40,12,33,33,33,27,27,27,27,27,12],"gold":107,"neow_bonus":"THREE_CARDS","is_prod":false,"is_daily":false,"chose_seed":false,"campfire_upgraded":5,"win_rate":0,"timestamp":1559178449,"path_taken":["M","M","M","M","M","R","E","R","T","R","$","?","M","E","R","BOSS","M","M","$","M","M","R","?","R","T","?","?","?","R","M","R","BOSS"],"build_version":"2019-05-28","purchased_purges":0,"victory":false,"max_hp_per_floor":[66,66,66,66,66,66,73,73,73,73,73,73,73,73,73,73,73,73,73,73,73,73,73,73,73,73,36,36,36,36,36,36,36],"card_choices":[{"not_picked":["PiercingWail","Flechettes"],"picked":"Crippling Poison","floor":0.0},{"not_picked":["Finisher","Concentrate"],"picked":"Backflip","floor":1.0},{"not_picked":["Blade Dance","Outmaneuver"],"picked":"Cloak And Dagger","floor":2.0},{"not_picked":["Deadly Poison","Blade Dance"],"picked":"Well Laid Plans","floor":3.0},{"not_picked":["Dodge and Roll","Infinite Blades"],"picked":"Cloak And Dagger","floor":4},{"not_picked":["Slice","Unload"],"picked":"Sucker Punch","floor":5},{"not_picked":["Glass Knife","Deadly Poison"],"picked":"Heel Hook","floor":7},{"not_picked":["Escape Plan","Cloak And Dagger"],"picked":"PiercingWail","floor":13},{"not_picked":["Acrobatics","Quick Slash"],"picked":"Deadly Poison","floor":14},{"not_picked":["Unload","Doppelganger"],"picked":"Burst","floor":16},{"not_picked":["Calculated Gamble","Caltrops","Dagger Throw"],"picked":"SKIP","floor":18},{"not_picked":["Flechettes","Poisoned Stab","Acrobatics"],"picked":"SKIP","floor":19},{"not_picked":["Deflect","Flying Knee"],"picked":"Catalyst","floor":21},{"not_picked":["Outmaneuver","Prepared"],"picked":"Heel Hook","floor":22},{"not_picked":["Outmaneuver","Skewer"],"picked":"PiercingWail","floor":28},{"not_picked":["Setup","Cloak And Dagger"],"picked":"Prepared+1","floor":31}],"player_experience":3371908,"relics_obtained":[{"floor":7,"key":"Strawberry"},{"floor":9,"key":"Bottled Tornado"},{"floor":14,"key":"Dodecahedron"},{"floor":26,"key":"Mummified Hand"}],"event_choices":[{"cards_removed":["Heel Hook"],"damage_healed":31,"gold_gain":0,"player_choice":"Offered Uncommon","damage_taken":0,"max_hp_gain":0,"max_hp_loss":0,"event_name":"Bonfire Elementals","floor":12,"gold_loss":0},{"damage_healed":0,"gold_gain":0,"player_choice":"Fight","damage_taken":0,"max_hp_gain":0,"max_hp_loss":0,"event_name":"Colosseum","floor":24,"gold_loss":0},{"damage_healed":0,"gold_gain":0,"player_choice":"Fled From Nobs","damage_taken":0,"max_hp_gain":0,"max_hp_loss":0,"event_name":"Colosseum","floor":24,"gold_loss":0},{"damage_healed":0,"gold_gain":0,"player_choice":"Became a Ghost","damage_taken":0,"max_hp_gain":0,"max_hp_loss":37,"event_name":"Ghosts","floor":27,"gold_loss":0,"cards_obtained":["Ghostly","Ghostly","Ghostly"]},{"damage_healed":0,"gold_gain":0,"player_choice":"Simplicity","damage_taken":0,"max_hp_gain":0,"max_hp_loss":0,"event_name":"Back to Basics","floor":29,"gold_loss":0,"cards_upgraded":["Strike_G","Strike_G","Strike_G","Strike_G","Strike_G","Defend_G","Defend_G","Defend_G","Defend_G","Defend_G"]}],"is_beta":true,"boss_relics":[{"not_picked":["Black Star","Calling Bell"],"picked":"Lizard Tail"}],"items_purged_floors":[],"is_endless":false,"potions_floor_spawned":[1,7,13,14,18,22,24,31],"killed_by":"Collector","ascension_level":18}