{"gold_per_floor":[114,126,136,149,168,168,194,194,220,234,251,280,280,309,309,388,388,399,499,30,50,50,50],"floor_reached":23,"playtime":1464,"items_purged":[],"score":394,"play_id":"bd38a294-6a04-46a8-ae06-3f59ca6d1382","local_time":"20190330005343","is_ascension_mode":true,"campfire_choices":[{"data":"Double Tap","floor":6.0,"key":"SMITH"},{"data":"Inflame","floor":8.0,"key":"SMITH"},{"data":"Heavy Blade","floor":13.0,"key":"SMITH"},{"floor":15.0,"key":"REST"}],"neow_cost":"NONE","seed_source_timestamp":2591594812579558,"circlet_count":0,"master_deck":["AscendersBane","Bash","Double Tap+1","Body Slam","Inflame+1","Pummel","Heavy Blade+1","Evolve","Sword Boomerang","Shrug It Off","Reckless Charge","Inflame","Reaper","Inflame","Body Slam","Burning Pact","Double Tap","Hemokinesis","Pummel","Iron Wave","Clash","Havoc","Rampage+1","Bandage Up+1","True Grit+1","Feel No Pain","Dual Wield+1"],"special_seed":0,"relics":["Burning Blood","Bronze Scales","Regal Pillow","Orichalcum","Pandora\u0027s Box","Charon\u0027s Ashes","Gremlin Horn","Toxic Egg 2"],"potions_floor_usage":[23],"damage_taken":[{"damage":18.0,"enemies":"Jaw Worm","floor":1.0,"turns":7.0},{"damage":1.0,"enemies":"2 Louse","floor":2.0,"turns":4.0},{"damage":14.0,"enemies":"Small Slimes","floor":3.0,"turns":4.0},{"damage":7.0,"enemies":"Looter","floor":4.0,"turns":4.0},{"damage":7.0,"enemies":"Large Slime","floor":5.0,"turns":6.0},{"damage":16.0,"enemies":"Gremlin Nob","floor":7.0,"turns":3.0},{"damage":16.0,"enemies":"3 Louse","floor":10.0,"turns":3.0},{"damage":8.0,"enemies":"Red Slaver","floor":11.0,"turns":3.0},{"damage":10.0,"enemies":"3 Sentries","floor":12.0,"turns":6.0},{"damage":12.0,"enemies":"Lagavulin","floor":14.0,"turns":5.0},{"damage":18.0,"enemies":"Slime Boss","floor":16.0,"turns":6.0},{"damage":12.0,"enemies":"3 Byrds","floor":18.0,"turns":3.0},{"damage":35.0,"enemies":"Colosseum Slavers","floor":19.0,"turns":5.0},{"damage":17.0,"enemies":"Colosseum Nobs","floor":19.0,"turns":4.0},{"damage":16.0,"enemies":"Chosen","floor":21.0,"turns":5.0},{"damage":35,"enemies":"Book of Stabbing","floor":23,"turns":4}],"seed_played":"-5439221006533246325","potions_obtained":[{"floor":1.0,"key":"Regen Potion"},{"floor":2.0,"key":"PowerPotion"},{"floor":7.0,"key":"SpeedPotion"},{"floor":10.0,"key":"Weak Potion"},{"floor":12.0,"key":"Energy Potion"}],"is_trial":false,"path_per_floor":["M","M","M","M","M","R","E","R","T","M","M","E","R","E","R","B",null,"M","?","$","M","?","E"],"character_chosen":"IRONCLAD","items_purchased":["Toxic Egg 2","Bandage Up+1","True Grit+1","Feel No Pain"],"campfire_rested":1,"item_purchase_floors":[20,20,20,20],"current_hp_per_floor":[56,61,53,52,65,65,55,55,55,45,43,39,39,33,70,58,71,75,44,44,49,28,0],"gold":50,"neow_bonus":"ONE_RANDOM_RARE_CARD","is_prod":false,"is_daily":false,"chose_seed":false,"campfire_upgraded":3,"win_rate":0,"timestamp":1553874823,"path_taken":["M","M","M","M","M","R","E","R","T","M","M","E","R","E","R","BOSS","M","?","$","M","?","E"],"build_version":"2019-03-15","purchased_purges":0,"victory":false,"max_hp_per_floor":[75,75,75,75,75,75,75,75,75,75,75,75,75,75,75,75,75,75,75,75,75,80,80],"card_choices":[{"not_picked":["Combust","Burning Pact"],"picked":"Body Slam","floor":1.0},{"not_picked":["True Grit","Pummel"],"picked":"Inflame","floor":2.0},{"not_picked":["Warcry","Clothesline"],"picked":"Pummel","floor":3.0},{"not_picked":["Perfected Strike","Body Slam"],"picked":"Heavy Blade","floor":4.0},{"not_picked":["Iron Wave","Dual Wield"],"picked":"Evolve","floor":5.0},{"not_picked":["Twin Strike","Combust"],"picked":"Sword Boomerang","floor":7.0},{"not_picked":["Thunderclap","Burning Pact","Sword Boomerang"],"picked":"SKIP","floor":10.0},{"not_picked":["Anger","Bludgeon"],"picked":"Shrug It Off","floor":11.0},{"not_picked":["Ghostly Armor","Wild Strike"],"picked":"Reckless Charge","floor":12.0},{"not_picked":["Iron Wave","Clash"],"picked":"Inflame","floor":14.0},{"not_picked":["Juggernaut","Feed"],"picked":"Reaper","floor":16.0},{"not_picked":["Burning Pact","Warcry"],"picked":"Rampage+1","floor":18.0},{"not_picked":["Rampage","Anger"],"picked":"Dual Wield+1","floor":21.0}],"player_experience":2762084,"relics_obtained":[{"floor":7.0,"key":"Bronze Scales"},{"floor":9.0,"key":"Regal Pillow"},{"floor":14.0,"key":"Orichalcum"},{"floor":19.0,"key":"Charon\u0027s Ashes"},{"floor":19.0,"key":"Gremlin Horn"}],"event_choices":[{"damage_healed":0.0,"max_hp_gain":0.0,"max_hp_loss":0.0,"gold_gain":0.0,"event_name":"Colosseum","player_choice":"Fight","floor":19.0,"gold_loss":0.0,"damage_taken":0.0},{"damage_healed":0.0,"max_hp_gain":0.0,"max_hp_loss":0.0,"gold_gain":0.0,"event_name":"Colosseum","player_choice":"Fought Nobs","floor":19.0,"gold_loss":0.0,"damage_taken":0.0},{"damage_healed":0.0,"max_hp_gain":5.0,"max_hp_loss":0.0,"gold_gain":0.0,"event_name":"Forgotten Altar","player_choice":"Shed Blood","floor":22.0,"gold_loss":0.0,"damage_taken":26.0}],"is_beta":true,"boss_relics":[{"not_picked":["Black Blood","Philosopher\u0027s Stone"],"picked":"Pandora\u0027s Box"}],"items_purged_floors":[],"is_endless":false,"potions_floor_spawned":[1,2,7,10,11,12,19],"killed_by":"Book of Stabbing","ascension_level":17}