{"gold_per_floor":[117,137,237,111,123,123,149,224,250,5,33,33,47,65,65,166,166,177,187,202,215,37,37,37,37],"floor_reached":25,"playtime":1521,"items_purged":["Strike_R","Strike_R"],"score":309,"play_id":"db09cc05-2d17-48a5-8f1f-8cf41cba9fa3","local_time":"20190115160429","is_ascension_mode":true,"campfire_choices":[{"data":"True Grit","floor":6.0,"key":"SMITH"},{"data":"Bash","floor":12.0,"key":"SMITH"},{"data":"Infernal Blade","floor":15.0,"key":"SMITH"},{"floor":23,"key":"REST"}],"neow_cost":"NONE","seed_source_timestamp":435516670063258,"circlet_count":0,"master_deck":["Strike_R","Strike_R","Strike_R","Defend_R","Defend_R","Defend_R","Defend_R","Bash+1","Immolate","Clothesline","Pommel Strike","True Grit+1","Flame Barrier","Infernal Blade+1","Spot Weakness","Intimidate","Sword Boomerang","Feed","Armaments","Metallicize+1","Shrug It Off+1","Battle Trance"],"special_seed":0,"relics":["Burning Blood","Dream Catcher","Bag of Preparation","Paper Frog","Mummified Hand","White Beast Statue"],"potions_floor_usage":[21,25,25],"damage_taken":[{"damage":14.0,"enemies":"Jaw Worm","floor":1.0,"turns":3.0},{"damage":0.0,"enemies":"Cultist","floor":2.0,"turns":3.0},{"damage":0.0,"enemies":"2 Louse","floor":5.0,"turns":2.0},{"damage":16.0,"enemies":"3 Sentries","floor":7.0,"turns":6.0},{"damage":0.0,"enemies":"Gremlin Nob","floor":11.0,"turns":1.0},{"damage":14.0,"enemies":"Exordium Wildlife","floor":13.0,"turns":3.0},{"damage":0.0,"enemies":"2 Fungi Beasts","floor":14.0,"turns":2.0},{"damage":3.0,"enemies":"Hexaghost","floor":16.0,"turns":9.0},{"damage":8.0,"enemies":"Chosen","floor":18.0,"turns":3.0},{"damage":6.0,"enemies":"3 Byrds","floor":19.0,"turns":4.0},{"damage":52,"enemies":"Snake Plant","floor":20,"turns":5},{"damage":25,"enemies":"3 Cultists","floor":21,"turns":5},{"damage":79,"enemies":"Gremlin Leader","floor":25,"turns":7}],"seed_played":"-8380218272391519346","potions_obtained":[{"floor":2.0,"key":"SkillPotion"},{"floor":5.0,"key":"Dexterity Potion"},{"floor":14.0,"key":"Block Potion"},{"floor":18.0,"key":"Ancient Potion"},{"floor":19.0,"key":"Dexterity Potion"},{"floor":20,"key":"SkillPotion"},{"floor":21,"key":"Swift Potion"}],"is_trial":false,"path_per_floor":["M","M","?","$","M","R","E","?","T","$","E","R","M","M","R","B",null,"M","M","M","M","$","R","?","E"],"character_chosen":"IRONCLAD","items_purchased":["True Grit","Paper Frog","Battle Trance"],"campfire_rested":1,"item_purchase_floors":[4,10,22],"current_hp_per_floor":[64,70,70,70,76,76,66,55,55,55,61,61,53,59,59,62,76,77,77,31,12,12,36,63,0],"gold":37,"neow_bonus":"ONE_RANDOM_RARE_CARD","is_prod":false,"is_daily":false,"chose_seed":false,"campfire_upgraded":3,"win_rate":0,"timestamp":1547535869,"path_taken":["M","M","?","?","M","R","E","?","T","$","E","R","?","M","R","BOSS","M","M","M","M","$","R","?","E"],"build_version":"2019-01-10","purchased_purges":2,"victory":false,"max_hp_per_floor":[80,80,80,80,80,80,80,80,80,80,80,80,80,80,80,80,80,83,83,83,83,83,83,83,83],"card_choices":[{"not_picked":["Burning Pact","Fire Breathing"],"picked":"Clothesline","floor":1.0},{"not_picked":["Carnage","Body Slam"],"picked":"Pommel Strike","floor":2.0},{"not_picked":["Cleave","Clash"],"picked":"Flame Barrier","floor":5.0},{"not_picked":["Entrench","Evolve"],"picked":"Infernal Blade","floor":7.0},{"not_picked":["Clothesline","Iron Wave"],"picked":"Spot Weakness","floor":11.0},{"not_picked":["Rupture","Carnage"],"picked":"Intimidate","floor":13.0},{"not_picked":["True Grit","Spot Weakness"],"picked":"Sword Boomerang","floor":14.0},{"not_picked":["Offering","Immolate"],"picked":"Feed","floor":16.0},{"not_picked":["Spot Weakness","Warcry"],"picked":"Armaments","floor":18.0},{"not_picked":["Thunderclap+1","Metallicize","Blood for Blood+1"],"picked":"SKIP","floor":19.0},{"not_picked":["Cleave","Reckless Charge+1"],"picked":"Metallicize+1","floor":20},{"not_picked":["Twin Strike+1","Warcry+1"],"picked":"Shrug It Off+1","floor":21}],"player_experience":369345,"relics_obtained":[{"floor":7.0,"key":"Dream Catcher"},{"floor":9.0,"key":"Bag of Preparation"},{"floor":11.0,"key":"Mummified Hand"}],"event_choices":[{"damage_healed":0.0,"max_hp_gain":0.0,"max_hp_loss":0.0,"gold_gain":100.0,"event_name":"Golden Shrine","player_choice":"Pray","floor":3.0,"gold_loss":0.0,"damage_taken":0.0},{"damage_healed":0.0,"max_hp_gain":0.0,"max_hp_loss":0.0,"gold_gain":75.0,"event_name":"World of Goop","player_choice":"Gather Gold","floor":8.0,"gold_loss":0.0,"damage_taken":11.0},{"damage_healed":27,"gold_gain":0,"player_choice":"Heal","damage_taken":0,"max_hp_gain":0,"max_hp_loss":0,"event_name":"The Library","floor":24,"gold_loss":0}],"is_beta":false,"boss_relics":[{"not_picked":["Fusion Hammer","Cursed Key"],"picked":"White Beast Statue"}],"items_purged_floors":[4,22],"is_endless":false,"potions_floor_spawned":[2,5,14,18,19,20,21],"killed_by":"Gremlin Leader","ascension_level":6}