{"gold_per_floor":[114,114,127,147,168,209,209,233,233,268,268,268,292,328,328,421,421,395,418,40,63,81,81,81],"floor_reached":24,"playtime":859,"items_purged":["Strike_B"],"score":440,"play_id":"fb008021-7bad-4a3a-b363-77e9487cc3d8","local_time":"20190423031407","is_ascension_mode":true,"campfire_choices":[{"floor":7.0,"key":"REST"},{"data":"Sunder","floor":11.0,"key":"SMITH"},{"floor":15.0,"key":"REST"},{"floor":23,"key":"REST"}],"neow_cost":"NONE","seed_source_timestamp":172863553177600,"circlet_count":0,"master_deck":["AscendersBane","Strike_B","Strike_B","Defend_B","Defend_B","Defend_B","Defend_B","Zap","Dualcast","Rip and Tear","Conserve Battery","Gash","Leap","Gash","Reinforced Body","Sunder+1","Skim","Creative AI","Loop+1","FTL","Self Repair","Self Repair","Self Repair"],"special_seed":0,"relics":["FrozenCore","Golden Idol","Pen Nib","The Courier","Mummified Hand","Orichalcum","Smiling Mask","Runic Capacitor"],"potions_floor_usage":[22,22,22],"damage_taken":[{"damage":4.0,"enemies":"2 Louse","floor":1.0,"turns":3.0},{"damage":2.0,"enemies":"Jaw Worm","floor":3.0,"turns":3.0},{"damage":0.0,"enemies":"Cultist","floor":4.0,"turns":3.0},{"damage":0.0,"enemies":"Lots of Slimes","floor":5.0,"turns":1.0},{"damage":34.0,"enemies":"Gremlin Nob","floor":6.0,"turns":4.0},{"damage":6.0,"enemies":"3 Louse","floor":8.0,"turns":5.0},{"damage":8.0,"enemies":"Lagavulin","floor":10.0,"turns":7.0},{"damage":0.0,"enemies":"2 Fungi Beasts","floor":13.0,"turns":2.0},{"damage":10.0,"enemies":"3 Sentries","floor":14.0,"turns":5.0},{"damage":33.0,"enemies":"Slime Boss","floor":16.0,"turns":7.0},{"damage":12.0,"enemies":"2 Thieves","floor":18.0,"turns":4.0},{"damage":17.0,"enemies":"Shell Parasite","floor":19.0,"turns":9.0},{"damage":14.0,"enemies":"Centurion and Healer","floor":21.0,"turns":7.0},{"damage":10,"enemies":"Snake Plant","floor":22,"turns":3},{"damage":58,"enemies":"Gremlin Leader","floor":24,"turns":4}],"seed_played":"-823257479046884179","potions_obtained":[{"floor":1.0,"key":"SmokeBomb"},{"floor":3.0,"key":"Explosive Potion"},{"floor":6.0,"key":"Swift Potion"},{"floor":10.0,"key":"Explosive Potion"},{"floor":14.0,"key":"FocusPotion"},{"floor":16.0,"key":"SteroidPotion"},{"floor":19.0,"key":"Ancient Potion"},{"floor":21.0,"key":"EntropicBrew"},{"floor":22,"key":"Ancient Potion"}],"is_trial":false,"path_per_floor":["M","?","M","M","M","E","R","M","T","E","R","?","M","E","R","B",null,"M","M","$","M","M","R","E"],"character_chosen":"DEFECT","items_purchased":["Runic Capacitor","Self Repair","Self Repair","Self Repair"],"campfire_rested":3,"item_purchase_floors":[20,20,20,20],"current_hp_per_floor":[60,60,58,58,58,24,43,37,37,29,29,29,29,19,38,5,49,37,20,20,27,24,43,0],"gold":81,"neow_bonus":"REMOVE_CARD","is_prod":false,"is_daily":false,"chose_seed":false,"campfire_upgraded":1,"win_rate":0,"timestamp":1555956847,"path_taken":["M","?","M","M","M","E","R","M","T","E","R","?","M","E","R","BOSS","M","M","$","M","M","R","E"],"build_version":"2019-01-23","purchased_purges":1,"victory":false,"max_hp_per_floor":[71,64,64,64,64,64,64,64,64,64,64,64,64,64,64,64,64,64,64,64,64,64,64,64],"card_choices":[{"not_picked":["White Noise","Gash"],"picked":"Rip and Tear","floor":1.0},{"not_picked":["Genetic Algorithm","Streamline"],"picked":"Conserve Battery","floor":3.0},{"not_picked":["Capacitor","Glacier"],"picked":"Gash","floor":4.0},{"not_picked":["Sweeping Beam","Steam Power"],"picked":"Leap","floor":5.0},{"not_picked":["Seek","Sunder"],"picked":"Gash","floor":6.0},{"not_picked":["Reinforced Body","Redo","Double Energy"],"picked":"SKIP","floor":8.0},{"not_picked":["Redo","Double Energy"],"picked":"Reinforced Body","floor":8.0},{"not_picked":["Turbo","Coolheaded"],"picked":"Sunder","floor":10.0},{"not_picked":["Conserve Battery","Compile Driver","Loop"],"picked":"SKIP","floor":13.0},{"not_picked":["Seek","Chill"],"picked":"Skim","floor":14.0},{"not_picked":["Biased Cognition","Machine Learning"],"picked":"Creative AI","floor":16.0},{"not_picked":["Force Field","Undo"],"picked":"Loop+1","floor":18.0},{"not_picked":["Rebound","Redo"],"picked":"FTL","floor":19.0},{"not_picked":["Steam","BootSequence","Streamline"],"picked":"SKIP","floor":21.0},{"not_picked":["Stack","Melter","Rip and Tear"],"picked":"SKIP","floor":22}],"player_experience":4836227,"relics_obtained":[{"floor":6.0,"key":"Pen Nib"},{"floor":9.0,"key":"The Courier"},{"floor":10.0,"key":"Mummified Hand"},{"floor":14.0,"key":"Smiling Mask"}],"event_choices":[{"damage_healed":0.0,"max_hp_gain":0.0,"max_hp_loss":7.0,"gold_gain":0.0,"event_name":"Golden Idol","player_choice":"Lose Max HP","floor":2.0,"gold_loss":0.0,"damage_taken":0.0,"relics_obtained":["Golden Idol"]},{"damage_healed":0.0,"max_hp_gain":0.0,"max_hp_loss":0.0,"gold_gain":0.0,"event_name":"WeMeetAgain","player_choice":"Gave Potion","floor":12.0,"gold_loss":0.0,"damage_taken":0.0,"relics_obtained":["Orichalcum"]}],"is_beta":false,"boss_relics":[{"not_picked":["Velvet Choker","Orrery"],"picked":"FrozenCore"}],"items_purged_floors":[20],"is_endless":false,"potions_floor_spawned":[1,3,6,10,14,16,19,21,22],"killed_by":"Gremlin Leader","ascension_level":20}