{"gold_per_floor":[13,13,28,47,59,59,75,75,75,109,109,109,139,214,214,292,292,302,252,153,173,190,190,204,23,53,53,66,83,94,94],"floor_reached":31,"playtime":1204,"items_purged":["Defend_R","Defend_R"],"score":436,"play_id":"016848e3-277e-4586-a06e-9ef761002d87","local_time":"20181209082827","is_ascension_mode":true,"campfire_choices":[{"data":"Inflame","floor":6.0,"key":"SMITH"},{"data":"Bash","floor":8.0,"key":"SMITH"},{"data":"Clash","floor":15.0,"key":"SMITH"},{"floor":23.0,"key":"REST"},{"floor":27.0,"key":"REST"}],"neow_cost":"NO_GOLD","seed_source_timestamp":0,"circlet_count":0,"master_deck":["AscendersBane","Strike_R","Strike_R","Strike_R","Strike_R","Defend_R+1","Defend_R","Bash+1","Dropkick","Inflame+1","Dual Wield+1","Clash+1","Clash","Anger","Limit Break","Clash","Flex","Anger","Madness","Intimidate","Anger"],"special_seed":0,"relics":["Burning Blood","Unceasing Top","War Paint","Vajra","Matryoshka","Lizard Tail","Tiny Chest","Pantograph"],"potions_floor_usage":[29,29,30],"damage_taken":[{"damage":6.0,"enemies":"Cultist","floor":1.0,"turns":3.0},{"damage":7.0,"enemies":"Jaw Worm","floor":3.0,"turns":3.0},{"damage":1.0,"enemies":"2 Louse","floor":4.0,"turns":3.0},{"damage":0.0,"enemies":"Lots of Slimes","floor":5.0,"turns":2.0},{"damage":9.0,"enemies":"Exordium Wildlife","floor":7.0,"turns":4.0},{"damage":17.0,"enemies":"3 Sentries","floor":10.0,"turns":5.0},{"damage":15.0,"enemies":"Lagavulin","floor":13.0,"turns":5.0},{"damage":35.0,"enemies":"Slime Boss","floor":16.0,"turns":7.0},{"damage":12.0,"enemies":"Spheric Guardian","floor":18.0,"turns":5.0},{"damage":12.0,"enemies":"Chosen","floor":21.0,"turns":3.0},{"damage":28.0,"enemies":"Snecko","floor":22.0,"turns":4.0},{"damage":19.0,"enemies":"Cultist and Chosen","floor":24.0,"turns":4.0},{"damage":41,"enemies":"Centurion and Healer","floor":28,"turns":6},{"damage":24,"enemies":"Snake Plant","floor":29,"turns":2},{"damage":24,"enemies":"Snecko","floor":30,"turns":5},{"damage":43,"enemies":"Sentry and Sphere","floor":31,"turns":4}],"seed_played":"6687566522664646250","potions_obtained":[{"floor":2.0,"key":"Poison Potion"},{"floor":2.0,"key":"PowerPotion"},{"floor":3.0,"key":"Explosive Potion"},{"floor":5.0,"key":"Poison Potion"},{"floor":13.0,"key":"BloodPotion"},{"floor":16.0,"key":"Block Potion"},{"floor":24.0,"key":"BloodPotion"},{"floor":29,"key":"Block Potion"}],"is_trial":false,"path_per_floor":["M","?","M","M","M","R","M","R","T","E","?","?","E","?","R","B",null,"M","?","$","M","M","R","M","$","T","R","M","M","M","M"],"character_chosen":"IRONCLAD","items_purchased":["Flex","Madness"],"campfire_rested":2,"item_purchase_floors":[20,25],"current_hp_per_floor":[68,68,67,72,75,75,72,72,72,61,61,61,52,41,41,12,59,53,53,53,47,25,47,34,34,34,56,21,17,43,0],"gold":94,"neow_bonus":"ONE_RARE_RELIC","is_prod":false,"is_daily":false,"chose_seed":true,"campfire_upgraded":3,"win_rate":0,"timestamp":1544311707,"path_taken":["M","?","M","M","?","R","M","R","T","E","?","?","E","?","R","BOSS","M","?","$","M","M","R","M","$","T","R","?","M","M","M"],"build_version":"2018-12-06","purchased_purges":2,"victory":false,"max_hp_per_floor":[75,75,75,75,75,75,75,75,75,75,75,75,75,75,75,75,75,75,75,75,75,75,75,75,75,75,75,75,75,75,75],"card_choices":[{"not_picked":["Warcry","Infernal Blade"],"picked":"Dropkick","floor":1.0},{"not_picked":["Rampage","Headbutt"],"picked":"Inflame","floor":3.0},{"not_picked":["Flame Barrier","Warcry"],"picked":"Dual Wield","floor":4.0},{"not_picked":["Havoc","Warcry"],"picked":"Clash","floor":5.0},{"not_picked":["Battle Trance","Clothesline"],"picked":"Clash","floor":7.0},{"not_picked":["Rupture","Pummel","Havoc"],"picked":"SKIP","floor":10.0},{"not_picked":["Clash","Impervious"],"picked":"Anger","floor":13.0},{"not_picked":["Juggernaut","Immolate"],"picked":"Limit Break","floor":16.0},{"not_picked":["Body Slam","Blood for Blood"],"picked":"Clash","floor":18.0},{"not_picked":["Havoc","Evolve","Cleave"],"picked":"SKIP","floor":21.0},{"not_picked":["Iron Wave","Spot Weakness","Berserk"],"picked":"SKIP","floor":22.0},{"not_picked":["Headbutt","Wild Strike"],"picked":"Anger","floor":24.0},{"not_picked":["Corruption","Cleave","Hemokinesis"],"picked":"SKIP","floor":28},{"not_picked":["Limit Break","Entrench"],"picked":"Intimidate","floor":29},{"not_picked":["Perfected Strike","Shockwave"],"picked":"Anger","floor":30}],"player_experience":2534780,"relics_obtained":[{"floor":9.0,"key":"War Paint"},{"floor":10.0,"key":"Vajra"},{"floor":13.0,"key":"Matryoshka"},{"floor":26.0,"key":"Tiny Chest"},{"floor":26.0,"key":"Pantograph"}],"event_choices":[{"damage_healed":0.0,"max_hp_gain":0.0,"max_hp_loss":0.0,"gold_gain":0.0,"event_name":"Lab","player_choice":"Got Potions","floor":2.0,"gold_loss":0.0,"damage_taken":0.0},{"damage_healed":0.0,"max_hp_gain":0.0,"max_hp_loss":0.0,"gold_gain":0.0,"event_name":"Liars Game","player_choice":"Ignored","floor":11.0,"gold_loss":0.0,"damage_taken":0.0},{"cards_removed":["Strike_R"],"damage_healed":0.0,"max_hp_gain":0.0,"max_hp_loss":0.0,"gold_gain":0.0,"event_name":"Living Wall","player_choice":"Forget","floor":12.0,"gold_loss":0.0,"damage_taken":0.0},{"damage_healed":0.0,"max_hp_gain":0.0,"max_hp_loss":0.0,"gold_gain":75.0,"event_name":"World of Goop","player_choice":"Gather Gold","floor":14.0,"gold_loss":0.0,"damage_taken":11.0},{"damage_healed":0.0,"max_hp_gain":0.0,"max_hp_loss":0.0,"gold_gain":0.0,"event_name":"The Joust","player_choice":"Bet on Owner","floor":19.0,"gold_loss":50.0,"damage_taken":0.0}],"is_beta":true,"boss_relics":[{"not_picked":["Mark of Pain","Snecko Eye"],"picked":"Lizard Tail"}],"items_purged_floors":[20,25],"is_endless":false,"potions_floor_spawned":[3,5,13,16,24,29],"killed_by":"Sentry and Sphere","ascension_level":15}