{"gold_per_floor":[114,126,137,155,155,155,182,182,182,182,199,199,210,227,227,304,304,321,321],"floor_reached":19,"playtime":771,"items_purged":[],"score":316,"play_id":"4b5ad98a-90d3-4001-bef6-aea52473fa7f","local_time":"20190413014823","is_ascension_mode":true,"campfire_choices":[{"data":"Zap","floor":6,"key":"SMITH"},{"data":"Dualcast","floor":8,"key":"SMITH"},{"data":"Hologram","floor":10,"key":"SMITH"},{"data":"White Noise","floor":12,"key":"SMITH"},{"data":"White Noise","floor":15,"key":"SMITH"}],"neow_cost":"NONE","seed_source_timestamp":35421433487200,"circlet_count":0,"master_deck":["AscendersBane","Strike_B","Strike_B","Strike_B","Defend_B","Defend_B","Defend_B","Defend_B","Zap+1","Dualcast+1","Electrodynamics","Hologram+1","White Noise+1","White Noise+1","Cold Snap","Melter","Chill","Conserve Battery","White Noise","Ball Lightning","Machine Learning","Parasite","Clumsy","Pain","Hologram"],"relics":["Cracked Core","Blue Candle","Calling Bell","Boot","Molten Egg 2","Girya"],"potions_floor_usage":[16],"damage_taken":[{"damage":0,"enemies":"Small Slimes","floor":1,"turns":2},{"damage":1,"enemies":"Cultist","floor":2,"turns":3},{"damage":0,"enemies":"2 Louse","floor":3,"turns":1},{"damage":1,"enemies":"Looter","floor":4,"turns":3},{"damage":14,"enemies":"Lagavulin","floor":7,"turns":6},{"damage":1,"enemies":"Exordium Thugs","floor":11,"turns":5},{"damage":0,"enemies":"3 Louse","floor":13,"turns":1},{"damage":4,"enemies":"Large Slime","floor":14,"turns":4},{"damage":32,"enemies":"The Guardian","floor":16,"turns":11},{"damage":34,"enemies":"2 Thieves","floor":18,"turns":3},{"damage":5,"enemies":"Chosen","floor":19,"turns":3}],"seed_played":"-7473174249029544789","potions_obtained":[{"floor":1,"key":"Explosive Potion"},{"floor":14,"key":"Weak Potion"},{"floor":16,"key":"LiquidBronze"}],"is_trial":false,"path_per_floor":["M","M","M","M","?","R","E","R","T","R","M","R","M","M","R","B",null,"M","M"],"character_chosen":"DEFECT","items_purchased":[],"campfire_rested":0,"item_purchase_floors":[],"current_hp_per_floor":[64,63,63,62,62,62,48,48,48,48,47,47,47,43,43,11,56,22,17],"gold":321,"neow_bonus":"ONE_RANDOM_RARE_CARD","is_prod":false,"is_daily":false,"chose_seed":false,"campfire_upgraded":5,"win_rate":0,"timestamp":1555087703,"path_taken":["M","M","M","M","?","R","E","R","T","R","M","R","M","?","R","BOSS","M","M"],"build_version":"2019-04-04","purchased_purges":0,"victory":false,"max_hp_per_floor":[71,71,71,71,71,71,71,71,71,71,71,71,71,71,71,71,71,71,71],"card_choices":[{"not_picked":["Tempest","Lockon"],"picked":"Hologram","floor":1},{"not_picked":["Barrage","Rebound"],"picked":"White Noise","floor":2},{"not_picked":["Beam Cell","Cold Snap"],"picked":"White Noise","floor":3},{"not_picked":["Gash","Meteor Strike"],"picked":"Cold Snap","floor":4},{"not_picked":["Cold Snap","Rainbow"],"picked":"Chill","floor":7},{"not_picked":["Compile Driver","Coolheaded"],"picked":"Conserve Battery","floor":11},{"not_picked":["Go for the Eyes","Blizzard"],"picked":"White Noise","floor":13},{"not_picked":["Compile Driver","Gash"],"picked":"Ball Lightning","floor":14},{"not_picked":["Electrodynamics","Meteor Strike"],"picked":"Machine Learning","floor":16},{"not_picked":["Turbo","Reprogram+1"],"picked":"Hologram","floor":18}],"player_experience":2920576,"relics_obtained":[{"floor":7,"key":"Blue Candle"},{"floor":17,"key":"Boot"},{"floor":17,"key":"Molten Egg 2"},{"floor":17,"key":"Girya"}],"event_choices":[{"damage_healed":0,"gold_gain":0,"cards_transformed":["Strike_B"],"player_choice":"Transformed","damage_taken":0,"max_hp_gain":0,"max_hp_loss":0,"event_name":"Transmorgrifier","floor":5,"gold_loss":0,"cards_obtained":["Melter"]}],"is_beta":true,"boss_relics":[{"not_picked":["White Beast Statue","Pandora\u0027s Box"],"picked":"Calling Bell"}],"items_purged_floors":[],"is_endless":false,"potions_floor_spawned":[1,14,16],"killed_by":"Chosen","ascension_level":17}