{"gold_per_floor":[109,122,46,63,74,74,88,88,88,88,135,135,135,151,151,151],"floor_reached":16,"playtime":706,"items_purged":[],"score":101,"play_id":"4c32650b-b657-4cf4-b842-dc7bfc542273","local_time":"20181226005308","is_ascension_mode":true,"campfire_choices":[{"data":"Bullet Time","floor":6,"key":"SMITH"},{"data":"Calculated Gamble","floor":8,"key":"SMITH"},{"data":"Neutralize","floor":15,"key":"SMITH"}],"neow_cost":"NONE","seed_source_timestamp":271689622783678,"circlet_count":0,"master_deck":["Defend_G","Defend_G","Defend_G","Defend_G","Defend_G","Strike_G","Strike_G","Strike_G","Strike_G","Survivor","Neutralize+1","Calculated Gamble+1","Dagger Throw","Bullet Time+1","Leg Sweep+1","Crippling Poison","Deadly Poison"],"relics":["Ring of the Snake","Bronze Scales","Orichalcum","Omamori","Centennial Puzzle"],"potions_floor_usage":[16,16],"damage_taken":[{"damage":1,"enemies":"Small Slimes","floor":1,"turns":3},{"damage":3,"enemies":"Jaw Worm","floor":2,"turns":4},{"damage":0,"enemies":"2 Louse","floor":4,"turns":2},{"damage":9,"enemies":"Large Slime","floor":5,"turns":6},{"damage":0,"enemies":"3 Louse","floor":7,"turns":2},{"damage":0,"enemies":"Blue Slaver","floor":14,"turns":4},{"damage":49,"enemies":"Slime Boss","floor":16,"turns":8}],"seed_played":"7760876990322511778","potions_obtained":[{"floor":5,"key":"Fire Potion"},{"floor":14,"key":"Explosive Potion"}],"is_trial":false,"path_per_floor":["M","M","$","M","M","R","M","R","T","?","T","?","?","M","R","B"],"character_chosen":"THE_SILENT","items_purchased":["Bullet Time"],"campfire_rested":0,"item_purchase_floors":[3],"current_hp_per_floor":[69,66,66,66,57,57,57,57,57,57,57,54,47,47,47,0],"gold":151,"neow_bonus":"RANDOM_COMMON_RELIC","is_prod":false,"is_daily":false,"chose_seed":false,"campfire_upgraded":3,"win_rate":0,"timestamp":1545753188,"path_taken":["M","M","$","M","M","R","M","R","T","?","?","?","?","M","R","BOSS"],"build_version":"2018-12-20","purchased_purges":0,"victory":false,"max_hp_per_floor":[70,70,70,70,70,70,70,70,70,70,70,70,70,70,70,70],"card_choices":[{"not_picked":["Underhanded Strike","Dodge and Roll"],"picked":"Calculated Gamble","floor":1},{"not_picked":["Heel Hook","Predator"],"picked":"Dagger Throw","floor":2},{"not_picked":["Setup","Slice"],"picked":"Leg Sweep","floor":4},{"not_picked":["Leg Sweep","Bane"],"picked":"Crippling Poison","floor":5},{"not_picked":["Blade Dance","Slice"],"picked":"Deadly Poison","floor":7},{"not_picked":["All Out Attack","Blade Dance","Flechettes"],"picked":"SKIP","floor":14}],"player_experience":198767,"relics_obtained":[{"floor":9,"key":"Orichalcum"},{"floor":11,"key":"Omamori"}],"event_choices":[{"damage_healed":0,"gold_gain":0,"player_choice":"Grow","damage_taken":0,"max_hp_gain":0,"max_hp_loss":0,"event_name":"Living Wall","floor":10,"gold_loss":0,"cards_upgraded":["Leg Sweep"]},{"damage_healed":0,"gold_gain":0,"player_choice":"Success","damage_taken":3,"relics_obtained":["Centennial Puzzle"],"max_hp_gain":0,"max_hp_loss":0,"event_name":"Scrap Ooze","floor":12,"gold_loss":0},{"cards_removed":["Strike_G"],"damage_healed":0,"gold_gain":0,"player_choice":"Card Removal","damage_taken":7,"max_hp_gain":0,"max_hp_loss":0,"event_name":"Golden Wing","floor":13,"gold_loss":0}],"is_beta":false,"boss_relics":[],"items_purged_floors":[],"is_endless":false,"potions_floor_spawned":[5,14],"killed_by":"Slime Boss","ascension_level":2}