{"gold_per_floor":[214,229,87,103,120,120,120,447,523,523,549,549,581,598,598,701,701,720,352,372,352,372,372,403,403,403,403,414,414,447,465,465,566,566,581,597,85,105,118,118,118,135,135,0,0,0,12,29,29,29],"floor_reached":50,"playtime":3859,"items_purged":["Strike_B","Strike_B","Defend_B"],"score":792,"play_id":"6ce09b7b-981f-45a1-9393-e20feb82e531","local_time":"20190129215959","is_ascension_mode":true,"campfire_choices":[{"data":"Zap","floor":6.0,"key":"SMITH"},{"floor":10.0,"key":"REST"},{"data":"White Noise","floor":12.0,"key":"SMITH"},{"data":"Seek","floor":15.0,"key":"SMITH"},{"floor":23.0,"key":"REST"},{"data":"Defragment","floor":25.0,"key":"SMITH"},{"floor":27.0,"key":"REST"},{"data":"Dualcast","floor":29.0,"key":"SMITH"},{"floor":32.0,"key":"REST"},{"floor":40,"key":"REST"},{"data":"Reinforced Body","floor":46,"key":"SMITH"},{"data":"Glacier","floor":49,"key":"SMITH"}],"neow_cost":"NONE","seed_source_timestamp":0,"circlet_count":0,"master_deck":["Defend_B","Defend_B+1","Zap+1","Dualcast+1","Cold Snap","Glacier+1","Defragment+1","Melter","White Noise+1","Seek+1","Turbo","Tempest","Core Surge","Defragment+1","Reinforced Body+1","Sweeping Beam+1","Force Field+1","Doom and Gloom","Electrodynamics","Tempest+1","Turbo+1","Writhe","Parasite","Coolheaded"],"special_seed":0,"relics":["FrozenCore","Old Coin","Pantograph","Ancient Tea Set","Mercury Hourglass","Empty Cage","HandDrill","Shuriken","Bottled Lightning","Vajra","Strawberry","Anchor","War Paint","Red Mask"],"potions_floor_usage":[39,48,50],"damage_taken":[{"damage":9.0,"enemies":"2 Louse","floor":1.0,"turns":2.0},{"damage":0.0,"enemies":"Cultist","floor":2.0,"turns":3.0},{"damage":7.0,"enemies":"Jaw Worm","floor":4.0,"turns":3.0},{"damage":0.0,"enemies":"Gremlin Gang","floor":5.0,"turns":6.0},{"damage":11.0,"enemies":"3 Sentries","floor":8.0,"turns":7.0},{"damage":1.0,"enemies":"Lagavulin","floor":11.0,"turns":7.0},{"damage":0.0,"enemies":"Gremlin Nob","floor":13.0,"turns":4.0},{"damage":0.0,"enemies":"Exordium Thugs","floor":14.0,"turns":4.0},{"damage":28.0,"enemies":"Hexaghost","floor":16.0,"turns":9.0},{"damage":25.0,"enemies":"2 Thieves","floor":18.0,"turns":4.0},{"damage":3.0,"enemies":"Shell Parasite","floor":20.0,"turns":4.0},{"damage":8.0,"enemies":"Snecko","floor":22.0,"turns":5.0},{"damage":7.0,"enemies":"Book of Stabbing","floor":24.0,"turns":6.0},{"damage":0.0,"enemies":"Centurion and Healer","floor":28.0,"turns":3.0},{"damage":61.0,"enemies":"Gremlin Leader","floor":30.0,"turns":8.0},{"damage":0.0,"enemies":"3 Cultists","floor":31.0,"turns":3.0},{"damage":39.0,"enemies":"Collector","floor":33.0,"turns":10.0},{"damage":46.0,"enemies":"3 Darklings","floor":35.0,"turns":5.0},{"damage":9.0,"enemies":"3 Shapes","floor":36.0,"turns":5.0},{"damage":16.0,"enemies":"Jaw Worm Horde","floor":38.0,"turns":5.0},{"damage":0,"enemies":"Spire Growth","floor":39,"turns":6},{"damage":6,"enemies":"Writhing Mass","floor":42,"turns":5},{"damage":0,"enemies":"Jaw Worm Horde","floor":47,"turns":4},{"damage":2,"enemies":"Transient","floor":48,"turns":5},{"damage":72,"enemies":"Awakened One","floor":50,"turns":21}],"seed_played":"8421877125333192111","potions_obtained":[{"floor":2.0,"key":"FocusPotion"},{"floor":5.0,"key":"Dexterity Potion"},{"floor":14.0,"key":"Block Potion"},{"floor":16.0,"key":"SteroidPotion"},{"floor":21.0,"key":"Energy Potion"},{"floor":24.0,"key":"Weak Potion"},{"floor":28.0,"key":"Fire Potion"},{"floor":31.0,"key":"SkillPotion"},{"floor":33.0,"key":"Strength Potion"},{"floor":35.0,"key":"Ancient Potion"},{"floor":38.0,"key":"SkillPotion"}],"is_trial":false,"path_per_floor":["M","M","$","M","M","R","?","E","T","R","E","R","E","M","R","B",null,"M","$","M","?","M","R","E","R","T","R","M","R","E","M","R","B",null,"M","M","$","M","M","R","?","M","T","?","?","R","M","M","R","B"],"character_chosen":"DEFECT","items_purchased":["Defragment","HandDrill","Defragment","Regen Potion","Strawberry","Anchor"],"campfire_rested":5,"item_purchase_floors":[3,19,19,37,37,37],"current_hp_per_floor":[59,59,59,52,52,52,52,41,41,63,62,62,62,62,62,47,68,43,43,40,40,32,54,47,47,47,69,69,69,8,8,30,16,60,14,5,12,10,10,34,55,49,49,49,49,49,49,47,47,0],"gold":29,"neow_bonus":"HUNDRED_GOLD","is_prod":false,"is_daily":false,"chose_seed":false,"campfire_upgraded":7,"win_rate":0,"timestamp":1548766799,"path_taken":["M","M","$","M","M","R","?","E","T","R","E","R","E","?","R","BOSS","M","$","M","?","?","R","E","R","T","R","M","R","E","M","R","BOSS","M","M","$","M","?","R","?","M","T","?","?","R","M","M","R","BOSS"],"build_version":"2019-01-23","purchased_purges":3,"victory":false,"max_hp_per_floor":[75,75,75,75,75,75,75,75,75,75,75,75,75,75,75,75,75,75,75,75,75,75,75,75,75,75,75,75,75,75,75,75,75,75,75,75,82,82,82,82,82,82,82,82,82,82,82,82,82,82],"card_choices":[{"not_picked":["Leap","Rebound"],"picked":"Cold Snap","floor":1.0},{"not_picked":["Stack","Ball Lightning"],"picked":"Glacier","floor":2.0},{"not_picked":["Gash","Rebound"],"picked":"Melter","floor":4.0},{"not_picked":["Skim","Hologram"],"picked":"White Noise","floor":5.0},{"not_picked":["Gash","Reprogram"],"picked":"Seek","floor":8.0},{"not_picked":["Leap","Steam"],"picked":"Turbo","floor":11.0},{"not_picked":["Turbo","Steam Power"],"picked":"Tempest","floor":13.0},{"not_picked":["Turbo","Rip and Tear","Barrage"],"picked":"SKIP","floor":14.0},{"not_picked":["Meteor Strike","Machine Learning"],"picked":"Core Surge","floor":16.0},{"not_picked":["Ball Lightning","Rebound","Steam"],"picked":"SKIP","floor":18.0},{"not_picked":["Defragment","Glacier"],"picked":"Reinforced Body","floor":20.0},{"not_picked":["Chaos","Capacitor"],"picked":"Sweeping Beam+1","floor":22.0},{"not_picked":["Barrage+1","Stack"],"picked":"Force Field","floor":24.0},{"not_picked":["Conserve Battery","Sunder"],"picked":"Doom and Gloom","floor":28.0},{"not_picked":["Amplify","Scrape","Aggregate"],"picked":"SKIP","floor":30.0},{"not_picked":["Steam","Reinforced Body","Static Discharge"],"picked":"SKIP","floor":31.0},{"not_picked":["Seek","Hyperbeam"],"picked":"Electrodynamics","floor":33.0},{"not_picked":["White Noise","Steam","Streamline+1"],"picked":"SKIP","floor":35.0},{"not_picked":["Blizzard+1","Cold Snap","Heatsinks"],"picked":"SKIP","floor":36.0},{"not_picked":["Skim","BootSequence+1"],"picked":"Tempest+1","floor":38.0},{"not_picked":["Go for the Eyes","Stack+1"],"picked":"Turbo+1","floor":39},{"not_picked":["Streamline","Rip and Tear","Compile Driver+1"],"picked":"SKIP","floor":42},{"not_picked":["Rebound+1","Barrage+1","Ball Lightning"],"picked":"SKIP","floor":47},{"not_picked":["Cold Snap","Compile Driver"],"picked":"Coolheaded","floor":48}],"player_experience":464836,"relics_obtained":[{"floor":8.0,"key":"Old Coin"},{"floor":9.0,"key":"Pantograph"},{"floor":11.0,"key":"Ancient Tea Set"},{"floor":13.0,"key":"Mercury Hourglass"},{"floor":24.0,"key":"Shuriken"},{"floor":26.0,"key":"Bottled Lightning"},{"floor":30.0,"key":"Vajra"},{"floor":43,"key":"War Paint"}],"event_choices":[{"damage_healed":0.0,"max_hp_gain":0.0,"max_hp_loss":0.0,"gold_gain":0.0,"event_name":"Upgrade Shrine","player_choice":"Upgraded","floor":7.0,"gold_loss":0.0,"damage_taken":0.0,"cards_upgraded":["Defragment"]},{"damage_healed":0.0,"max_hp_gain":0.0,"max_hp_loss":0.0,"gold_gain":0.0,"event_name":"The Woman in Blue","player_choice":"Bought 1 Potion","floor":21.0,"gold_loss":0.0,"damage_taken":0.0},{"damage_healed":21,"gold_gain":0,"player_choice":"Writhe","damage_taken":0,"max_hp_gain":0,"max_hp_loss":0,"event_name":"Winding Halls","floor":41,"gold_loss":0,"cards_obtained":["Writhe"]},{"damage_healed":0,"gold_gain":0,"player_choice":"Paid","damage_taken":0,"relics_obtained":["Red Mask"],"max_hp_gain":0,"max_hp_loss":0,"event_name":"Tomb of Lord Red Mask","floor":44,"gold_loss":135},{"cards_removed":["Defend_B"],"damage_healed":0,"gold_gain":0,"player_choice":"Removed Skill","damage_taken":0,"max_hp_gain":0,"max_hp_loss":0,"event_name":"Falling","floor":45,"gold_loss":0}],"is_beta":false,"boss_relics":[{"not_picked":["Philosopher\u0027s Stone","Cursed Key"],"picked":"Empty Cage"},{"not_picked":["Calling Bell","Fusion Hammer"],"picked":"FrozenCore"}],"items_purged_floors":[3,19,37],"is_endless":false,"potions_floor_spawned":[2,5,14,16,24,28,31,33,35,38],"killed_by":"Awakened One","ascension_level":9}