{"gold_per_floor":[16,33,33,48,48,48,48,48,71,82,114,133,148,173,173,249,249,269,269,58,71,84,84,97,131,131,131,145,245,245,81,81,153,153,165,177,177,177,193,218,28,41,41,41,41,41,41,56,56,56,56,56,56,19,51,51],"floor_reached":57,"playtime":3114,"items_purged":["Rebound","Doom and Gloom"],"score":2799,"play_id":"b0c1787f-03fa-4ae6-a54c-31e6c1ca3ccc","local_time":"20190524020405","is_ascension_mode":true,"campfire_choices":[{"data":"Beam Cell","floor":6,"key":"SMITH"},{"data":"Sunder","floor":8,"key":"SMITH"},{"data":"Biased Cognition","floor":15,"key":"SMITH"},{"floor":23,"key":"REST"},{"floor":27,"key":"REST"},{"data":"Panacea","floor":32,"key":"SMITH"},{"floor":47,"key":"RECALL"},{"floor":49,"key":"REST"},{"floor":53,"key":"REST"}],"neow_cost":"NO_GOLD","seed_source_timestamp":92255306893400,"circlet_count":0,"master_deck":["AscendersBane","Dualcast","Biased Cognition+1","Sunder+1","Doom and Gloom","Beam Cell+1","Chill","Genetic Algorithm","Rebound","White Noise","Glacier","Core Surge","FTL","Reinforced Body","Compile Driver","Reboot","Tempest","Turbo","Hologram","Coolheaded","Echo Form","FTL","Panacea+1","Biased Cognition","Go for the Eyes+1","Capacitor","Skim","Dark Shackles","Steam Power","Dark Shackles","Secret Technique","White Noise"],"relics":["Cracked Core","Boot","Blood Vial","Incense Burner","Pandora\u0027s Box","CultistMask","ClockworkSouvenir","Du-Vu Doll","Dead Branch","Matryoshka","Fusion Hammer","Meat on the Bone","Blue Candle","Thread and Needle","Mercury Hourglass"],"potions_floor_usage":[16,24,25,36,40,56],"damage_taken":[{"damage":7,"enemies":"Jaw Worm","floor":1,"turns":3},{"damage":1,"enemies":"Cultist","floor":2,"turns":3},{"damage":0,"enemies":"Small Slimes","floor":4,"turns":2},{"damage":0,"enemies":"Gremlin Gang","floor":10,"turns":3},{"damage":20,"enemies":"Lagavulin","floor":11,"turns":6},{"damage":14,"enemies":"3 Louse","floor":12,"turns":2},{"damage":0,"enemies":"Exordium Thugs","floor":13,"turns":4},{"damage":8,"enemies":"Gremlin Nob","floor":14,"turns":3},{"damage":26,"enemies":"Slime Boss","floor":16,"turns":9},{"damage":25,"enemies":"Shell Parasite","floor":18,"turns":5},{"damage":0,"enemies":"Chosen","floor":21,"turns":3},{"damage":1,"enemies":"Shelled Parasite and Fungi","floor":22,"turns":5},{"damage":1,"enemies":"Chosen and Byrds","floor":24,"turns":4},{"damage":36,"enemies":"Gremlin Leader","floor":25,"turns":6},{"damage":5,"enemies":"Cultist and Chosen","floor":28,"turns":5},{"damage":0,"enemies":"Colosseum Slavers","floor":29,"turns":8},{"damage":2,"enemies":"Colosseum Nobs","floor":29,"turns":8},{"damage":3,"enemies":"Champ","floor":33,"turns":9},{"damage":8,"enemies":"3 Darklings","floor":35,"turns":4},{"damage":0,"enemies":"Orb Walker","floor":36,"turns":4},{"damage":3,"enemies":"Writhing Mass","floor":39,"turns":6},{"damage":40,"enemies":"Giant Head","floor":40,"turns":7},{"damage":0,"enemies":"Transient","floor":42,"turns":6},{"damage":0,"enemies":"Maw","floor":48,"turns":5},{"damage":0,"enemies":"Time Eater","floor":50,"turns":24},{"damage":0,"enemies":"Awakened One","floor":51,"turns":17},{"damage":44,"enemies":"Shield and Spear","floor":55,"turns":9},{"damage":41,"enemies":"The Heart","floor":56,"turns":13}],"seed_played":"-2910031745798346293","potions_obtained":[{"floor":1,"key":"GamblersBrew"},{"floor":2,"key":"SteroidPotion"},{"floor":12,"key":"SkillPotion"},{"floor":14,"key":"AttackPotion"},{"floor":21,"key":"Ancient Potion"},{"floor":22,"key":"Block Potion"},{"floor":25,"key":"FearPotion"},{"floor":28,"key":"SkillPotion"},{"floor":36,"key":"Fruit Juice"},{"floor":48,"key":"SteroidPotion"}],"is_trial":false,"path_per_floor":["M","M","?","M","$","R","?","R","T","M","E","M","M","E","R","B",null,"M","?","$","M","M","R","M","E","T","R","M","?","?","$","R","B",null,"M","M","?","?","M","E","$","M","T","?","?","$","R","M","R","B","B",null,"R","$","E","B",null],"character_chosen":"DEFECT","items_purchased":["ClockworkSouvenir","Panacea","Dark Shackles","White Noise"],"campfire_rested":4,"item_purchase_floors":[20,31,41,54],"current_hp_per_floor":[57,56,71,71,71,71,71,71,71,71,51,39,41,35,35,11,56,33,33,33,35,36,57,58,24,24,45,42,44,44,44,44,43,64,58,65,65,65,64,26,26,40,40,30,30,30,30,44,65,67,69,71,72,72,40,13],"gold":51,"neow_bonus":"THREE_RARE_CARDS","is_prod":false,"is_daily":false,"chose_seed":false,"campfire_upgraded":4,"win_rate":0,"timestamp":1558631045,"path_taken":["M","M","?","M","?","R","?","R","T","?","E","M","M","E","R","BOSS","M","?","$","?","M","R","M","E","T","R","M","?","?","$","R","BOSS","M","M","?","?","?","E","$","M","T","?","?","$","R","M","R","BOSS","BOSS","R","$","E","BOSS"],"build_version":"2019-01-23","purchased_purges":2,"victory":true,"max_hp_per_floor":[71,71,71,71,71,71,71,71,71,71,71,71,71,71,71,71,71,71,71,71,71,71,71,71,71,71,71,71,71,71,71,71,71,71,71,76,72,72,72,72,72,72,72,72,72,72,72,72,72,72,72,72,72,72,72,72],"card_choices":[{"not_picked":["Amplify","Meteor Strike"],"picked":"Biased Cognition","floor":0},{"not_picked":["Beam Cell","White Noise"],"picked":"Sunder","floor":1},{"not_picked":["Stack","Steam"],"picked":"Doom and Gloom","floor":2},{"not_picked":["Leap","Rebound"],"picked":"Beam Cell","floor":4},{"not_picked":["Rebound","Coolheaded"],"picked":"Genetic Algorithm","floor":10},{"not_picked":["Chaos","Reinforced Body"],"picked":"Rebound","floor":11},{"not_picked":["Coolheaded","Barrage"],"picked":"White Noise","floor":12},{"not_picked":["Chill","Cold Snap"],"picked":"Rip and Tear","floor":13},{"not_picked":["Hologram","Redo"],"picked":"Glacier","floor":14},{"not_picked":["Multi-Cast","Reboot"],"picked":"Core Surge","floor":16},{"not_picked":["Fusion","Gash"],"picked":"Turbo","floor":18},{"not_picked":["Steam","Thunder Strike"],"picked":"Hologram","floor":21},{"not_picked":["Ball Lightning","Cold Snap"],"picked":"Coolheaded","floor":22},{"not_picked":["Gash","Coolheaded","Sweeping Beam"],"picked":"SKIP","floor":24},{"not_picked":["Auto Shields","Chill"],"picked":"Echo Form","floor":25},{"not_picked":["Stack","Gash","Compile Driver"],"picked":"SKIP","floor":28},{"not_picked":["Ball Lightning","Stack"],"picked":"FTL","floor":29},{"not_picked":["Fission","Reboot"],"picked":"Biased Cognition","floor":33},{"not_picked":["Barrage","Redo","Stack"],"picked":"SKIP","floor":35},{"not_picked":["All For One","Sweeping Beam"],"picked":"Go for the Eyes+1","floor":36},{"not_picked":["Tempest+1","Beam Cell+1"],"picked":"Skim","floor":39},{"not_picked":["Streamline","Redo","Ball Lightning+1"],"picked":"SKIP","floor":40},{"not_picked":["Beam Cell","Ball Lightning+1"],"picked":"Steam Power","floor":42},{"not_picked":["Blind","The Bomb"],"picked":"Dark Shackles","floor":44},{"not_picked":["Blind","Chrysalis"],"picked":"Secret Technique","floor":44},{"not_picked":["Hello World","Rip and Tear","Capacitor"],"picked":"SKIP","floor":48},{"not_picked":["Sunder","Leap","Beam Cell"],"picked":"SKIP","floor":55}],"player_experience":5124568,"relics_obtained":[{"floor":9,"key":"Boot"},{"floor":11,"key":"Blood Vial"},{"floor":14,"key":"Incense Burner"},{"floor":25,"key":"Du-Vu Doll"},{"floor":29,"key":"Dead Branch"},{"floor":29,"key":"Matryoshka"},{"floor":40,"key":"Meat on the Bone"},{"floor":43,"key":"Blue Candle"},{"floor":43,"key":"Thread and Needle"},{"floor":55,"key":"Mercury Hourglass"}],"event_choices":[{"damage_healed":15,"gold_gain":0,"player_choice":"Full Heal","damage_taken":0,"max_hp_gain":0,"max_hp_loss":0,"event_name":"Wheel of Change","floor":3,"gold_loss":0},{"damage_healed":0,"gold_gain":0,"player_choice":"1 cards matched","damage_taken":0,"max_hp_gain":0,"max_hp_loss":0,"event_name":"Match and Keep!","floor":7,"gold_loss":0,"cards_obtained":["Chill"]},{"damage_healed":0,"gold_gain":0,"player_choice":"Trade","damage_taken":0,"relics_obtained":["CultistMask"],"max_hp_gain":0,"max_hp_loss":0,"event_name":"FaceTrader","floor":19,"gold_loss":0},{"damage_healed":0,"gold_gain":0,"player_choice":"Fight","damage_taken":0,"max_hp_gain":0,"max_hp_loss":0,"event_name":"Colosseum","floor":29,"gold_loss":0},{"damage_healed":0,"gold_gain":0,"player_choice":"Fought Nobs","damage_taken":0,"max_hp_gain":0,"max_hp_loss":0,"event_name":"Colosseum","floor":29,"gold_loss":0},{"cards_removed":["Rip and Tear"],"damage_healed":0,"gold_gain":0,"player_choice":"Elegance","damage_taken":0,"max_hp_gain":0,"max_hp_loss":0,"event_name":"Back to Basics","floor":30,"gold_loss":0},{"damage_healed":0,"gold_gain":0,"player_choice":"Max HP","damage_taken":0,"max_hp_gain":0,"max_hp_loss":4,"event_name":"Winding Halls","floor":37,"gold_loss":0},{"damage_healed":0,"gold_gain":0,"cards_transformed":["Go for the Eyes"],"player_choice":"Transformed","damage_taken":0,"max_hp_gain":0,"max_hp_loss":0,"event_name":"Transmorgrifier","floor":38,"gold_loss":0,"cards_obtained":["Capacitor"]},{"damage_healed":0,"gold_gain":0,"player_choice":"Memory 3","damage_taken":10,"max_hp_gain":0,"max_hp_loss":0,"event_name":"SensoryStone","floor":44,"gold_loss":0},{"cards_removed":["Zap"],"damage_healed":0,"gold_gain":0,"player_choice":"Purged","damage_taken":0,"max_hp_gain":0,"max_hp_loss":0,"event_name":"Purifier","floor":45,"gold_loss":0}],"is_beta":false,"boss_relics":[{"not_picked":["Tiny House","Runic Dome"],"picked":"Pandora\u0027s Box"},{"not_picked":["Eternal Feather","Calling Bell"],"picked":"Fusion Hammer"}],"items_purged_floors":[31,41],"is_endless":false,"potions_floor_spawned":[1,2,12,14,21,22,25,28,33,36,48],"ascension_level":20}