{"gold_per_floor":[117,117,292,367,153,153,183,196,219,219,229,263,23,23,23,121,121,141,156,175,194,20,20,47,47,129,4,4,14,27,37,37,133,133,149,162,162,181,181,181],"floor_reached":40,"playtime":1923,"items_purged":["Doubt","Strike_B","Strike_B"],"score":827,"play_id":"1f039941-8d6f-4b1a-9293-82bc77cfc138","local_time":"20190113211309","is_ascension_mode":true,"campfire_choices":[{"data":"Zap","floor":6.0,"key":"SMITH"},{"data":"Redo","floor":10.0,"key":"SMITH"},{"floor":15.0,"key":"REST"},{"floor":23,"key":"REST"},{"floor":25,"key":"REST"},{"floor":28,"key":"REST"},{"floor":32,"key":"REST"}],"neow_cost":"NONE","seed_source_timestamp":279558035168552,"circlet_count":0,"master_deck":["Zap+1","Dualcast","Streamline","Reboot","Loop","Ball Lightning","Redo+1","Beam Cell","Go for the Eyes","Chaos","Meteor Strike","Self Repair","Deep Breath","Zap","Machine Learning","Streamline+1","Conserve Battery","Recycle","Compile Driver+1","Double Energy","Doom and Gloom+1","Echo Form","Loop","Biased Cognition","Electrodynamics","Auto Shields","All For One+1","Defragment+1","Self Repair+1","Coolheaded"],"special_seed":0,"relics":["Cracked Core","NeowsBlessing","Nunchaku","Ancient Tea Set","Meat on the Bone","Letter Opener","Snecko Eye","Vajra","Molten Egg 2","Pandora\u0027s Box","Bottled Tornado"],"potions_floor_usage":[24,30,31,33,40],"damage_taken":[{"damage":0.0,"enemies":"2 Louse","floor":1.0,"turns":1.0},{"damage":0.0,"enemies":"Lagavulin","floor":7.0,"turns":1.0},{"damage":0.0,"enemies":"Jaw Worm","floor":8.0,"turns":1.0},{"damage":1.0,"enemies":"Cultist","floor":11.0,"turns":3.0},{"damage":20.0,"enemies":"3 Sentries","floor":12.0,"turns":5.0},{"damage":46.0,"enemies":"Hexaghost","floor":16.0,"turns":10.0},{"damage":32.0,"enemies":"Shell Parasite","floor":18.0,"turns":5.0},{"damage":6,"enemies":"Spheric Guardian","floor":19,"turns":3},{"damage":25,"enemies":"3 Cultists","floor":20,"turns":4},{"damage":21,"enemies":"Snake Plant","floor":21,"turns":3},{"damage":47,"enemies":"Book of Stabbing","floor":24,"turns":5},{"damage":16,"enemies":"Centurion and Healer","floor":29,"turns":4},{"damage":38,"enemies":"Shelled Parasite and Fungi","floor":30,"turns":4},{"damage":7,"enemies":"Snecko","floor":31,"turns":3},{"damage":59,"enemies":"Collector","floor":33,"turns":7},{"damage":9,"enemies":"3 Shapes","floor":35,"turns":4},{"damage":11,"enemies":"Orb Walker","floor":36,"turns":2},{"damage":25,"enemies":"Sphere and 2 Shapes","floor":38,"turns":4},{"damage":61,"enemies":"Reptomancer","floor":40,"turns":3}],"seed_played":"-1092225574708785104","potions_obtained":[{"floor":7.0,"key":"LiquidBronze"},{"floor":12.0,"key":"SteroidPotion"},{"floor":18.0,"key":"Block Potion"},{"floor":24,"key":"EssenceOfSteel"},{"floor":29,"key":"EssenceOfSteel"},{"floor":31,"key":"AttackPotion"},{"floor":35,"key":"FearPotion"},{"floor":38,"key":"Explosive Potion"}],"is_trial":false,"path_per_floor":["M","?","?","?","$","R","E","M","T","R","M","E","$","?","R","B",null,"M","M","M","M","$","R","E","R","T","$","R","M","M","M","R","B",null,"M","M","T","M","?","E"],"character_chosen":"DEFECT","items_purchased":["Loop","Ball Lightning","Redo","Letter Opener","Recycle"],"campfire_rested":5,"item_purchase_floors":[5,5,5,13,22],"current_hp_per_floor":[68,68,68,57,57,57,57,57,57,57,56,36,36,36,58,31,64,51,45,39,30,30,52,24,46,46,46,68,59,40,45,67,27,63,61,50,50,47,47,0],"gold":181,"neow_bonus":"THREE_ENEMY_KILL","is_prod":false,"is_daily":false,"chose_seed":false,"campfire_upgraded":2,"win_rate":0,"timestamp":1547381589,"path_taken":["M","?","?","?","$","R","E","M","T","R","M","E","?","?","R","BOSS","M","M","M","M","$","R","E","R","T","$","R","M","M","M","R","BOSS","M","M","?","?","?","E"],"build_version":"2019-01-10","purchased_purges":3,"victory":false,"max_hp_per_floor":[75,75,75,75,75,75,75,75,75,75,75,75,75,75,75,75,75,75,75,75,75,75,75,75,75,75,75,75,75,75,75,75,75,75,75,75,75,75,75,75],"card_choices":[{"not_picked":["Hologram","Aggregate"],"picked":"Streamline","floor":1.0},{"not_picked":["Loop","Cold Snap"],"picked":"Beam Cell","floor":7.0},{"not_picked":["Compile Driver","Coolheaded"],"picked":"Go for the Eyes","floor":8.0},{"not_picked":["Streamline","Barrage"],"picked":"Chaos","floor":11.0},{"not_picked":["Rainbow","Beam Cell"],"picked":"Meteor Strike","floor":12.0},{"not_picked":["Core Surge","Multi-Cast"],"picked":"Machine Learning","floor":16.0},{"not_picked":["Stack","Turbo","Gash"],"picked":"SKIP","floor":18.0},{"not_picked":["Melter","Coolheaded"],"picked":"Streamline+1","floor":19},{"not_picked":["Capacitor","Leap"],"picked":"Conserve Battery","floor":20},{"not_picked":["Hologram","Leap","Ball Lightning"],"picked":"SKIP","floor":21},{"not_picked":["Aggregate","Chaos"],"picked":"Compile Driver+1","floor":24},{"not_picked":["Leap","Melter+1"],"picked":"Double Energy","floor":29},{"not_picked":["Beam Cell+1","Steam","Ball Lightning+1"],"picked":"SKIP","floor":30},{"not_picked":["Ball Lightning+1","Seek"],"picked":"Doom and Gloom+1","floor":31},{"not_picked":["Amplify","Machine Learning"],"picked":"Echo Form","floor":33},{"not_picked":["Aggregate+1","Redo+1"],"picked":"Defragment+1","floor":35},{"not_picked":["Stack+1","Rebound+1"],"picked":"Self Repair+1","floor":36},{"not_picked":["Beam Cell+1","Rebound+1"],"picked":"Coolheaded","floor":38}],"player_experience":364939,"relics_obtained":[{"floor":7.0,"key":"Nunchaku"},{"floor":9.0,"key":"Ancient Tea Set"},{"floor":12.0,"key":"Meat on the Bone"},{"floor":24,"key":"Vajra"},{"floor":26,"key":"Molten Egg 2"},{"floor":37,"key":"Bottled Tornado"}],"event_choices":[{"damage_healed":0.0,"max_hp_gain":0.0,"max_hp_loss":0.0,"gold_gain":0.0,"cards_transformed":["Strike_B"],"event_name":"Living Wall","player_choice":"Change","floor":2.0,"gold_loss":0.0,"damage_taken":0.0,"cards_obtained":["Reboot"]},{"damage_healed":0.0,"max_hp_gain":0.0,"max_hp_loss":0.0,"gold_gain":175.0,"event_name":"Liars Game","player_choice":"AGREE","floor":3.0,"gold_loss":0.0,"damage_taken":0.0,"cards_obtained":["Doubt"]},{"damage_healed":0.0,"max_hp_gain":0.0,"max_hp_loss":0.0,"gold_gain":75.0,"event_name":"World of Goop","player_choice":"Gather Gold","floor":4.0,"gold_loss":0.0,"damage_taken":11.0},{"damage_healed":0.0,"max_hp_gain":0.0,"max_hp_loss":0.0,"gold_gain":0.0,"event_name":"Match and Keep!","player_choice":"3 cards matched","floor":14.0,"gold_loss":0.0,"damage_taken":0.0,"cards_obtained":["Self Repair","Deep Breath","Zap"]},{"damage_healed":0,"gold_gain":0,"player_choice":"Ignored","damage_taken":0,"max_hp_gain":0,"max_hp_loss":0,"event_name":"Tomb of Lord Red Mask","floor":39,"gold_loss":0}],"is_beta":false,"boss_relics":[{"not_picked":["Cursed Key","Calling Bell"],"picked":"Snecko Eye"},{"not_picked":["Fusion Hammer","Sozu"],"picked":"Pandora\u0027s Box"}],"items_purged_floors":[5,22,27],"is_endless":false,"potions_floor_spawned":[7,12,18,24,29,31,35,38],"killed_by":"Reptomancer","ascension_level":8}