{"gold_per_floor":[112,123,137,68,68,68,96,96,96,161,161,236,269,279,279,279],"floor_reached":16,"playtime":652,"items_purged":[],"score":195,"play_id":"97fac61c-6e4b-4688-84ec-6c0acb7f0c76","local_time":"20190529232747","is_ascension_mode":true,"campfire_choices":[{"data":"Biased Cognition","floor":6,"key":"SMITH"},{"data":"Zap","floor":8,"key":"SMITH"},{"data":"Coolheaded","floor":11,"key":"SMITH"},{"floor":15,"key":"REST"}],"neow_cost":"NONE","seed_source_timestamp":272707571819514,"circlet_count":0,"master_deck":["AscendersBane","Strike_B","Strike_B","Strike_B","Strike_B","Defend_B","Defend_B","Defend_B","Defend_B","Zap+1","Dualcast","Biased Cognition+1","Coolheaded+1","Conserve Battery+1","Glacier+1","Ball Lightning","Ball Lightning"],"relics":["Cracked Core","Emotion Chip","Frozen Egg 2","Tiny Chest","Anchor"],"potions_floor_usage":[16,16],"damage_taken":[{"damage":8,"enemies":"2 Louse","floor":1,"turns":3},{"damage":7,"enemies":"Small Slimes","floor":2,"turns":4},{"damage":0,"enemies":"Cultist","floor":3,"turns":4},{"damage":2,"enemies":"Lagavulin","floor":7,"turns":7},{"damage":3,"enemies":"Gremlin Nob","floor":10,"turns":5},{"damage":5,"enemies":"Lagavulin","floor":13,"turns":7},{"damage":0,"enemies":"Exordium Wildlife","floor":14,"turns":3},{"damage":42,"enemies":"Slime Boss","floor":16,"turns":9}],"seed_played":"3511274507417877754","potions_obtained":[{"floor":3,"key":"AttackPotion"},{"floor":10,"key":"Energy Potion"}],"is_trial":false,"path_per_floor":["M","M","M","$","?","R","E","R","T","E","R","?","E","M","R","B"],"character_chosen":"DEFECT","items_purchased":["Glacier"],"campfire_rested":1,"item_purchase_floors":[4],"current_hp_per_floor":[60,53,53,53,38,38,36,36,36,33,33,22,17,17,39,0],"gold":279,"neow_bonus":"ONE_RANDOM_RARE_CARD","is_prod":false,"is_daily":false,"chose_seed":false,"campfire_upgraded":3,"win_rate":0,"timestamp":1559165267,"path_taken":["M","M","M","$","?","R","E","R","T","E","R","?","E","M","R","BOSS"],"build_version":"2019-01-23","purchased_purges":0,"victory":false,"max_hp_per_floor":[75,75,75,75,75,75,75,75,75,75,75,75,75,75,75,75],"card_choices":[{"not_picked":["Conserve Battery","FTL"],"picked":"Coolheaded","floor":1},{"not_picked":["Beam Cell","Streamline","Skim"],"picked":"SKIP","floor":2},{"not_picked":["Skim","Gash"],"picked":"Conserve Battery","floor":3},{"not_picked":["Undo","Rip and Tear","FTL"],"picked":"SKIP","floor":7},{"not_picked":["Darkness","Leap"],"picked":"Ball Lightning","floor":10},{"not_picked":["Chill","Hyperbeam"],"picked":"Ball Lightning","floor":13},{"not_picked":["Tempest","Hologram","Rip and Tear"],"picked":"SKIP","floor":14}],"player_experience":630846,"relics_obtained":[{"floor":7,"key":"Emotion Chip"},{"floor":9,"key":"Frozen Egg 2"},{"floor":10,"key":"Tiny Chest"},{"floor":13,"key":"Anchor"}],"event_choices":[{"damage_healed":0,"gold_gain":0,"player_choice":"Entered Light","damage_taken":15,"max_hp_gain":0,"max_hp_loss":0,"event_name":"Shining Light","floor":5,"gold_loss":0,"cards_upgraded":["Glacier","Conserve Battery"]},{"damage_healed":0,"gold_gain":75,"player_choice":"Gather Gold","damage_taken":11,"max_hp_gain":0,"max_hp_loss":0,"event_name":"World of Goop","floor":12,"gold_loss":0}],"is_beta":false,"boss_relics":[],"items_purged_floors":[],"is_endless":false,"potions_floor_spawned":[3,10,13],"killed_by":"Slime Boss","ascension_level":13}