{"gold_per_floor":[12,42,56,76,76,76,89,108,108,121,121,147,147,147,147,147],"floor_reached":16,"playtime":774,"items_purged":[],"score":204,"play_id":"96d80cb9-adad-4d56-b72f-2fa6ee0d98cf","local_time":"20190411212335","is_ascension_mode":true,"campfire_choices":[{"data":"Neutralize","floor":6,"key":"SMITH"},{"floor":11,"key":"REST"},{"data":"Well Laid Plans","floor":15,"key":"SMITH"}],"neow_cost":"NO_GOLD","seed_source_timestamp":3702970554212476,"circlet_count":0,"master_deck":["AscendersBane","Defend_G","Defend_G","Defend_G","Defend_G","Defend_G","Strike_G","Strike_G","Strike_G","Strike_G","Survivor","Neutralize+1","Well Laid Plans+1","Masterful Stab","Backstab","Crippling Poison","Blur"],"relics":["Ring of the Snake","Tiny Chest","Dodecahedron","Smiling Mask","Blood Vial"],"potions_floor_usage":[12,12,16],"damage_taken":[{"damage":7,"enemies":"Small Slimes","floor":1,"turns":6},{"damage":6,"enemies":"Cultist","floor":3,"turns":5},{"damage":8,"enemies":"Jaw Worm","floor":4,"turns":4},{"damage":6,"enemies":"Looter","floor":7,"turns":3},{"damage":15,"enemies":"Exordium Thugs","floor":8,"turns":5},{"damage":1,"enemies":"Large Slime","floor":10,"turns":8},{"damage":13,"enemies":"Lagavulin","floor":12,"turns":6},{"damage":9,"enemies":"The Guardian","floor":16,"turns":14}],"seed_played":"1699626726895618861","potions_obtained":[{"floor":1,"key":"Fire Potion"},{"floor":7,"key":"PowerPotion"},{"floor":8,"key":"FearPotion"},{"floor":12,"key":"Poison Potion"}],"is_trial":false,"path_per_floor":["M","?","M","M","?","R","M","M","T","M","R","E","?","?","R","B"],"character_chosen":"THE_SILENT","items_purchased":[],"campfire_rested":1,"item_purchase_floors":[],"current_hp_per_floor":[64,64,58,50,39,39,33,18,18,17,40,27,53,46,46,39],"gold":147,"neow_bonus":"TWENTY_PERCENT_HP_BONUS","is_prod":false,"is_daily":false,"chose_seed":false,"campfire_upgraded":2,"win_rate":0,"timestamp":1554985415,"path_taken":["M","?","?","M","?","R","M","M","T","M","R","E","?","?","R","BOSS"],"build_version":"2019-04-04","purchased_purges":0,"victory":false,"max_hp_per_floor":[78,78,78,78,78,78,78,78,78,78,78,78,78,78,78,78],"card_choices":[{"not_picked":["Finisher","Slice"],"picked":"Well Laid Plans","floor":1},{"not_picked":["Dodge and Roll","Deflect"],"picked":"Masterful Stab","floor":3},{"not_picked":["Acrobatics","Tactician"],"picked":"Backstab","floor":4},{"not_picked":["Tactician","Slice"],"picked":"Crippling Poison","floor":7},{"not_picked":["Dodge and Roll","Dagger Spray"],"picked":"Blur","floor":8},{"not_picked":["Acrobatics","Sucker Punch","Prepared"],"picked":"SKIP","floor":10},{"not_picked":["Quick Slash","Reflex","Expertise"],"picked":"SKIP","floor":12}],"player_experience":2895389,"relics_obtained":[{"floor":9,"key":"Smiling Mask"},{"floor":12,"key":"Blood Vial"}],"event_choices":[{"damage_healed":0,"gold_gain":0,"player_choice":"Gave Potion","damage_taken":0,"relics_obtained":["Tiny Chest"],"max_hp_gain":0,"max_hp_loss":0,"event_name":"WeMeetAgain","floor":2,"gold_loss":0},{"damage_healed":0,"gold_gain":0,"player_choice":"Success","damage_taken":11,"relics_obtained":["Dodecahedron"],"max_hp_gain":0,"max_hp_loss":0,"event_name":"Scrap Ooze","floor":5,"gold_loss":0},{"damage_healed":26,"gold_gain":0,"player_choice":"Banana","damage_taken":0,"max_hp_gain":0,"max_hp_loss":0,"event_name":"Big Fish","floor":13,"gold_loss":0},{"cards_removed":["Strike_G"],"damage_healed":0,"gold_gain":0,"player_choice":"Card Removal","damage_taken":7,"max_hp_gain":0,"max_hp_loss":0,"event_name":"Golden Wing","floor":14,"gold_loss":0}],"is_beta":true,"boss_relics":[],"items_purged_floors":[],"is_endless":false,"potions_floor_spawned":[1,7,8,12],"killed_by":"The Guardian","ascension_level":20}