{"gold_per_floor":[214,364,375,375,375,416,416,429,429,429,445,445,468,433,433,433],"floor_reached":16,"playtime":677,"items_purged":[],"score":180,"play_id":"d765c9ed-8834-48b2-afda-0b43f86d1b08","local_time":"20190519134719","is_ascension_mode":true,"campfire_choices":[{"floor":7,"key":"REST"},{"data":"Pommel Strike","floor":10,"key":"SMITH"},{"data":"Pommel Strike","floor":12,"key":"SMITH"},{"data":"Pommel Strike","floor":15,"key":"SMITH"}],"neow_cost":"NONE","seed_source_timestamp":96652471760839,"circlet_count":0,"master_deck":["AscendersBane","Strike_R","Strike_R","Strike_R","Strike_R","Strike_R","Defend_R","Defend_R","Defend_R","Defend_R","Bash","Pommel Strike+1","Pommel Strike+1","Pommel Strike+1"],"relics":["Burning Blood","Golden Idol","Darkstone Periapt","Mercury Hourglass"],"potions_floor_usage":[6,6],"damage_taken":[{"damage":13,"enemies":"2 Louse","floor":1,"turns":4},{"damage":1,"enemies":"Small Slimes","floor":3,"turns":4},{"damage":30,"enemies":"Lagavulin","floor":6,"turns":5},{"damage":12,"enemies":"Jaw Worm","floor":8,"turns":3},{"damage":19,"enemies":"Large Slime","floor":11,"turns":5},{"damage":9,"enemies":"Blue Slaver","floor":13,"turns":4},{"damage":61,"enemies":"The Guardian","floor":16,"turns":12}],"seed_played":"4739549342736873208","potions_obtained":[{"floor":1,"key":"SpeedPotion"},{"floor":3,"key":"Strength Potion"}],"is_trial":false,"path_per_floor":["M","?","M","?","?","E","R","M","T","R","M","R","M","?","R","B"],"character_chosen":"IRONCLAD","items_purchased":[],"campfire_rested":1,"item_purchase_floors":[],"current_hp_per_floor":[61,61,66,66,66,42,62,56,56,56,43,43,40,57,57,0],"gold":433,"neow_bonus":"HUNDRED_GOLD","is_prod":false,"is_daily":false,"chose_seed":false,"campfire_upgraded":3,"win_rate":0,"timestamp":1558262839,"path_taken":["M","?","M","?","?","E","R","?","T","R","M","R","M","?","R","BOSS"],"build_version":"2019-01-23","purchased_purges":0,"victory":false,"max_hp_per_floor":[75,75,75,68,68,68,68,68,68,68,68,68,68,68,68,68],"card_choices":[{"not_picked":["Intimidate","Sword Boomerang"],"picked":"Pommel Strike","floor":1},{"not_picked":["Clothesline","Body Slam"],"picked":"Pommel Strike","floor":3},{"not_picked":["Seeing Red","Fire Breathing"],"picked":"Pommel Strike","floor":6},{"not_picked":["Cleave","Armaments","Iron Wave"],"picked":"SKIP","floor":8},{"not_picked":["Thunderclap","Iron Wave","Spot Weakness"],"picked":"SKIP","floor":11},{"not_picked":["Anger","Sever Soul","Whirlwind"],"picked":"SKIP","floor":13}],"player_experience":1369369,"relics_obtained":[{"floor":6,"key":"Darkstone Periapt"},{"floor":9,"key":"Mercury Hourglass"}],"event_choices":[{"damage_healed":0,"gold_gain":150,"player_choice":"AGREE","damage_taken":0,"max_hp_gain":0,"max_hp_loss":0,"event_name":"Liars Game","floor":2,"gold_loss":0,"cards_obtained":["Doubt"]},{"damage_healed":0,"gold_gain":0,"player_choice":"Lose Max HP","damage_taken":0,"relics_obtained":["Golden Idol"],"max_hp_gain":0,"max_hp_loss":7,"event_name":"Golden Idol","floor":4,"gold_loss":0},{"cards_removed":["Doubt"],"damage_healed":0,"gold_gain":0,"player_choice":"Forget","damage_taken":0,"max_hp_gain":0,"max_hp_loss":0,"event_name":"Living Wall","floor":5,"gold_loss":0},{"damage_healed":17,"gold_gain":0,"player_choice":"Healed","damage_taken":0,"max_hp_gain":0,"max_hp_loss":0,"event_name":"The Cleric","floor":14,"gold_loss":35}],"is_beta":false,"boss_relics":[],"items_purged_floors":[],"is_endless":false,"potions_floor_spawned":[1,3],"killed_by":"The Guardian","ascension_level":16}