{"gold_per_floor":[118,118,133,145,145,178,189,189,189,60,60,94,94,269,269,364,364,375,375,180,199,199,199],"floor_reached":23,"playtime":1786,"items_purged":["Strike_R"],"score":266,"play_id":"b54d98cf-e29a-4e20-8068-b78ee2436811","local_time":"20190531232104","is_ascension_mode":true,"campfire_choices":[{"floor":8,"key":"REST"},{"floor":11,"key":"REST"},{"data":"True Grit","floor":13,"key":"SMITH"},{"data":"Shrug It Off","floor":15,"key":"SMITH"}],"neow_cost":"NONE","seed_source_timestamp":12583583750002,"circlet_count":0,"master_deck":["Strike_R","Strike_R","Strike_R","Strike_R","Defend_R","Defend_R","Defend_R","Defend_R+1","Bash","Body Slam+1","Metallicize","Disarm","Shrug It Off+1","True Grit+1","Doubt","Flame Barrier","Ghostly Armor"],"relics":["Burning Blood","NeowsBlessing","Bottled Tornado","Paper Frog","Strawberry","Philosopher\u0027s Stone","PreservedInsect"],"potions_floor_usage":[6,12,16,23],"damage_taken":[{"damage":0,"enemies":"2 Louse","floor":1,"turns":1},{"damage":0,"enemies":"Cultist","floor":3,"turns":1},{"damage":0,"enemies":"Small Slimes","floor":4,"turns":1},{"damage":30,"enemies":"Gremlin Nob","floor":6,"turns":5},{"damage":32,"enemies":"Exordium Thugs","floor":7,"turns":8},{"damage":33,"enemies":"3 Sentries","floor":12,"turns":15},{"damage":19,"enemies":"The Guardian","floor":16,"turns":13},{"damage":28,"enemies":"3 Byrds","floor":18,"turns":12},{"damage":34,"enemies":"Chosen","floor":21,"turns":9},{"damage":35,"enemies":"Slavers","floor":23,"turns":4}],"seed_played":"-5102161030763174275","potions_obtained":[{"floor":4,"key":"SpeedPotion"},{"floor":7,"key":"SkillPotion"},{"floor":12,"key":"LiquidBronze"},{"floor":21,"key":"LiquidBronze"}],"is_trial":false,"path_per_floor":["M","?","M","M","?","E","M","R","T","$","R","E","R","?","R","B",null,"M","?","$","M","?","E"],"character_chosen":"IRONCLAD","items_purchased":["True Grit","Ghostly Armor","PreservedInsect"],"campfire_rested":2,"item_purchase_floors":[10,20,20],"current_hp_per_floor":[78,78,80,80,80,56,30,54,54,54,78,58,58,58,58,45,77,55,55,55,27,27,0],"gold":199,"neow_bonus":"THREE_ENEMY_KILL","is_prod":false,"is_daily":false,"chose_seed":false,"campfire_upgraded":2,"win_rate":0,"timestamp":1559359264,"path_taken":["M","?","?","M","?","E","M","R","T","?","R","E","R","?","R","BOSS","M","?","$","M","?","E"],"build_version":"2019-01-23","purchased_purges":1,"victory":false,"max_hp_per_floor":[80,80,80,80,80,80,80,80,80,80,80,87,87,87,87,87,87,87,87,87,87,87,87],"card_choices":[{"not_picked":["Perfected Strike","Havoc"],"picked":"Body Slam","floor":1},{"not_picked":["Clash","Carnage"],"picked":"Metallicize","floor":3},{"not_picked":["Pommel Strike","Searing Blow"],"picked":"Disarm","floor":4},{"not_picked":["Fiend Fire","Flex","Anger"],"picked":"SKIP","floor":6},{"not_picked":["Body Slam","Sever Soul"],"picked":"Shrug It Off","floor":7},{"not_picked":["Havoc","Searing Blow","Sword Boomerang"],"picked":"SKIP","floor":12},{"not_picked":["Perfected Strike","Sword Boomerang"],"picked":"Flame Barrier","floor":18},{"not_picked":["Anger","Twin Strike","Havoc"],"picked":"SKIP","floor":21}],"player_experience":346666,"relics_obtained":[{"floor":6,"key":"Bottled Tornado"},{"floor":9,"key":"Paper Frog"},{"floor":12,"key":"Strawberry"}],"event_choices":[{"damage_healed":0,"gold_gain":0,"player_choice":"Upgraded","damage_taken":0,"max_hp_gain":0,"max_hp_loss":0,"event_name":"Upgrade Shrine","floor":2,"gold_loss":0,"cards_upgraded":["Body Slam"]},{"damage_healed":0,"gold_gain":0,"player_choice":"Grow","damage_taken":0,"max_hp_gain":0,"max_hp_loss":0,"event_name":"Living Wall","floor":5,"gold_loss":0,"cards_upgraded":["Defend_R"]},{"damage_healed":0,"gold_gain":175,"player_choice":"AGREE","damage_taken":0,"max_hp_gain":0,"max_hp_loss":0,"event_name":"Liars Game","floor":14,"gold_loss":0,"cards_obtained":["Doubt"]},{"damage_healed":0,"gold_gain":0,"player_choice":"Ignored","damage_taken":0,"max_hp_gain":0,"max_hp_loss":0,"event_name":"Cursed Tome","floor":19,"gold_loss":0},{"damage_healed":0,"gold_gain":0,"player_choice":"0 cards matched","damage_taken":0,"max_hp_gain":0,"max_hp_loss":0,"event_name":"Match and Keep!","floor":22,"gold_loss":0,"cards_obtained":[]}],"is_beta":false,"boss_relics":[{"not_picked":["White Beast Statue","Runic Dome"],"picked":"Philosopher\u0027s Stone"}],"items_purged_floors":[10],"is_endless":false,"potions_floor_spawned":[4,7,12,21],"killed_by":"Slavers","ascension_level":7}