{"gold_per_floor":[115,135,2,21,0,0,16,16,16,16,26,42,59,79,79,157,157,157,72,72,72,72,72],"floor_reached":23,"playtime":1690,"items_purged":["Strike_G"],"score":355,"play_id":"b6f7275c-9fc0-49de-8da9-5a51af6dbf93","local_time":"20190523110035","is_ascension_mode":true,"campfire_choices":[{"data":"Outmaneuver","floor":6,"key":"SMITH"},{"data":"Neutralize","floor":8,"key":"SMITH"},{"data":"Deflect","floor":10,"key":"SMITH"},{"data":"Noxious Fumes","floor":15,"key":"SMITH"}],"neow_cost":"TEN_PERCENT_HP_LOSS","seed_source_timestamp":355166175688130,"circlet_count":0,"master_deck":["AscendersBane","Defend_G","Defend_G","Defend_G","Defend_G","Defend_G","Strike_G","Strike_G","Strike_G","Strike_G","Survivor","Neutralize+1","Flying Knee","Outmaneuver+1","Deflect+1","Backflip","Slice","Dagger Throw","Venomology","Noxious Fumes+1","PiercingWail","Tools of the Trade","Slice","Underhanded Strike+1","PiercingWail+1"],"relics":["Ring of the Snake","Unceasing Top","Pantograph","Ectoplasm","Letter Opener","Red Mask"],"potions_floor_usage":[12,16,18,20,20,22,23,23],"damage_taken":[{"damage":0,"enemies":"Small Slimes","floor":1,"turns":4},{"damage":5,"enemies":"2 Louse","floor":2,"turns":3},{"damage":8,"enemies":"Jaw Worm","floor":4,"turns":6},{"damage":6,"enemies":"Looter","floor":5,"turns":5},{"damage":6,"enemies":"3 Louse","floor":7,"turns":5},{"damage":0,"enemies":"2 Fungi Beasts","floor":11,"turns":4},{"damage":0,"enemies":"Exordium Wildlife","floor":12,"turns":5},{"damage":1,"enemies":"Looter","floor":13,"turns":4},{"damage":0,"enemies":"2 Fungi Beasts","floor":14,"turns":5},{"damage":10,"enemies":"The Guardian","floor":16,"turns":12},{"damage":8,"enemies":"Chosen","floor":18,"turns":6},{"damage":29,"enemies":"Masked Bandits","floor":20,"turns":5},{"damage":1,"enemies":"Shell Parasite","floor":21,"turns":6},{"damage":12,"enemies":"Snake Plant","floor":22,"turns":5},{"damage":9,"enemies":"Colosseum Slavers","floor":23,"turns":2}],"seed_played":"2474322497470576640","potions_obtained":[{"floor":7,"key":"Swift Potion"},{"floor":11,"key":"SneckoOil"},{"floor":12,"key":"PowerPotion"}],"is_trial":false,"path_per_floor":["M","M","$","M","M","R","M","R","T","R","M","M","M","M","R","B",null,"M","?","?","M","M","?"],"character_chosen":"THE_SILENT","items_purchased":["Outmaneuver"],"campfire_rested":0,"item_purchase_floors":[3],"current_hp_per_floor":[59,54,54,46,40,40,34,34,34,34,34,34,33,33,33,48,57,49,49,20,19,7,0],"gold":72,"neow_bonus":"ONE_RARE_RELIC","is_prod":false,"is_daily":false,"chose_seed":false,"campfire_upgraded":4,"win_rate":0,"timestamp":1558576835,"path_taken":["M","M","$","M","M","R","M","R","T","R","M","M","M","M","R","BOSS","M","?","?","M","M","?"],"build_version":"2019-05-07","purchased_purges":1,"victory":false,"max_hp_per_floor":[60,60,60,60,60,60,60,60,60,60,60,60,60,60,60,60,60,60,60,60,60,60,60],"card_choices":[{"not_picked":["Accuracy","Poisoned Stab"],"picked":"Flying Knee","floor":1},{"not_picked":["Dodge and Roll","Acrobatics","Quick Slash"],"picked":"SKIP","floor":2},{"not_picked":["Flying Knee","Acrobatics"],"picked":"Deflect","floor":4},{"not_picked":["Sucker Punch","Dodge and Roll"],"picked":"Backflip","floor":5},{"not_picked":["Acrobatics","Heel Hook"],"picked":"Slice","floor":7},{"not_picked":["Quick Slash","Choke"],"picked":"Dagger Throw","floor":11},{"not_picked":["Cloak And Dagger","PiercingWail"],"picked":"Venomology","floor":12},{"not_picked":["Well Laid Plans","PiercingWail"],"picked":"Noxious Fumes","floor":13},{"not_picked":["Sucker Punch","Deadly Poison"],"picked":"PiercingWail","floor":14},{"not_picked":["Wraith Form v2","Storm of Steel"],"picked":"Tools of the Trade","floor":16},{"not_picked":["Dodge and Roll","Deadly Poison"],"picked":"Slice","floor":18},{"not_picked":["Dagger Throw","Dagger Spray"],"picked":"Underhanded Strike+1","floor":20},{"not_picked":["Deflect","Dodge and Roll+1"],"picked":"PiercingWail+1","floor":21},{"not_picked":["Dagger Throw","Dodge and Roll","Deadly Poison"],"picked":"SKIP","floor":22}],"player_experience":3318399,"relics_obtained":[{"floor":9,"key":"Pantograph"},{"floor":20,"key":"Red Mask"}],"event_choices":[{"damage_healed":0,"gold_gain":0,"player_choice":"Obtained Relic","damage_taken":0,"relics_obtained":["Letter Opener"],"max_hp_gain":0,"max_hp_loss":0,"event_name":"Addict","floor":19,"gold_loss":85},{"damage_healed":0,"gold_gain":0,"player_choice":"Fought Bandits","damage_taken":0,"max_hp_gain":0,"max_hp_loss":0,"event_name":"Masked Bandits","floor":20,"gold_loss":0},{"damage_healed":0,"gold_gain":0,"player_choice":"Fight","damage_taken":0,"max_hp_gain":0,"max_hp_loss":0,"event_name":"Colosseum","floor":23,"gold_loss":0}],"is_beta":true,"boss_relics":[{"not_picked":["Astrolabe","Eternal Feather"],"picked":"Ectoplasm"}],"items_purged_floors":[3],"is_endless":false,"potions_floor_spawned":[7,11,12,13,22],"killed_by":"Colosseum Slavers","ascension_level":18}