{"gold_per_floor":[368,6,6,6,6,6,6,31,31,31,31,62,62,76,76,166,166,185,165,190,213,76,76,101,101,155,155,176,176,6,42,42,141,141,159,183,31,47,47,47,85,32,56,389,400,400,417,21,21,21,21,21,21,46,46],"floor_reached":56,"playtime":4813,"items_purged":["Strike_G","Strike_G"],"score":2070,"play_id":"9c964d3c-7fcf-463a-81da-7515a7bfcac9","local_time":"20190422145903","is_ascension_mode":true,"campfire_choices":[{"data":"Neutralize","floor":6.0,"key":"SMITH"},{"data":"Noxious Fumes","floor":10.0,"key":"SMITH"},{"floor":13.0,"key":"REST"},{"data":"PiercingWail","floor":15.0,"key":"SMITH"},{"floor":23.0,"key":"REST"},{"floor":29.0,"key":"RECALL"},{"floor":32.0,"key":"REST"},{"floor":40.0,"key":"REST"},{"floor":46.0,"key":"REST"},{"floor":49.0,"key":"REST"},{"floor":52.0,"key":"REST"}],"neow_cost":"TEN_PERCENT_HP_LOSS","seed_source_timestamp":0,"circlet_count":0,"master_deck":["AscendersBane","Defend_G","Defend_G","Defend_G","Defend_G","Defend_G","Strike_G+1","Strike_G+1","Survivor","Neutralize+1","PiercingWail+1","Noxious Fumes+1","Distraction+1","Outmaneuver+1","Malaise+1","Acrobatics+1","Dodge and Roll+1","Leg Sweep+1","Adrenaline+1","Blur+1","Caltrops","Acrobatics+1","Backflip+1","Footwork","Concentrate+1","Deadly Poison+1","Burst+1","Night Terror+1","Prepared+1","Bouncing Flask+1","Bullet Time+1","Escape Plan+1","Madness+1","Madness+1","Acrobatics+1","Predator+1","Acrobatics+1","PiercingWail+1"],"special_seed":0,"relics":["Ring of the Snake","Toxic Egg 2","Blue Candle","Ginger","Darkstone Periapt","Fusion Hammer","Bag of Preparation","Omamori","Orrery","Happy Flower","Ice Cream","Calipers"],"potions_floor_usage":[55,55,55,55],"damage_taken":[{"damage":5.0,"enemies":"2 Louse","floor":1.0,"turns":3.0},{"damage":4.0,"enemies":"Small Slimes","floor":8.0,"turns":3.0},{"damage":28.0,"enemies":"Gremlin Nob","floor":12.0,"turns":5.0},{"damage":0.0,"enemies":"Jaw Worm","floor":14.0,"turns":4.0},{"damage":24.0,"enemies":"The Guardian","floor":16.0,"turns":13.0},{"damage":5.0,"enemies":"Chosen","floor":18.0,"turns":8.0},{"damage":1.0,"enemies":"2 Thieves","floor":19.0,"turns":4.0},{"damage":7.0,"enemies":"Sentry and Sphere","floor":20.0,"turns":6.0},{"damage":0.0,"enemies":"Snake Plant","floor":21.0,"turns":8.0},{"damage":0.0,"enemies":"Centurion and Healer","floor":24.0,"turns":11.0},{"damage":0.0,"enemies":"Snecko","floor":28.0,"turns":11.0},{"damage":0.0,"enemies":"Book of Stabbing","floor":31.0,"turns":7.0},{"damage":23.0,"enemies":"Collector","floor":33.0,"turns":12.0},{"damage":0.0,"enemies":"3 Darklings","floor":35.0,"turns":6.0},{"damage":0.0,"enemies":"3 Shapes","floor":36.0,"turns":9.0},{"damage":0.0,"enemies":"Spire Growth","floor":38.0,"turns":7.0},{"damage":9.0,"enemies":"Giant Head","floor":41.0,"turns":11.0},{"damage":0.0,"enemies":"Maw","floor":45.0,"turns":7.0},{"damage":7.0,"enemies":"3 Darklings","floor":47.0,"turns":6.0},{"damage":4.0,"enemies":"Time Eater","floor":50.0,"turns":14.0},{"damage":2.0,"enemies":"Shield and Spear","floor":54.0,"turns":9.0},{"damage":39,"enemies":"The Heart","floor":55,"turns":11}],"seed_played":"-3156512262610154268","potions_obtained":[{"floor":8.0,"key":"Regen Potion"},{"floor":14.0,"key":"Regen Potion"},{"floor":18.0,"key":"SkillPotion"},{"floor":19.0,"key":"Energy Potion"},{"floor":27.0,"key":"FearPotion"},{"floor":28.0,"key":"Energy Potion"},{"floor":38.0,"key":"EntropicBrew"},{"floor":54.0,"key":"Ancient Potion"}],"is_trial":false,"path_per_floor":["M","$","?","?","T","R","?","M","T","R","?","E","R","M","R","B",null,"M","M","M","M","$","R","M","?","T","?","M","R","$","E","R","B",null,"M","M","$","M","?","R","E","$","T","?","M","R","M","$","R","B",null,"R","$","E","B",null],"character_chosen":"THE_SILENT","items_purchased":["Toxic Egg 2","Blur+1","Footwork","Concentrate+1","Deadly Poison+1","Bullet Time+1","Acrobatics+1","Ice Cream","Acrobatics+1"],"campfire_rested":7,"item_purchase_floors":[2,22,30,30,30,37,42,48,48],"current_hp_per_floor":[54,54,36,36,36,36,28,24,24,24,24,10,26,26,26,17,45,40,39,32,32,32,48,48,48,48,48,48,48,48,48,54,31,48,48,48,48,48,38,54,45,45,45,45,45,54,47,47,54,50,53,54,54,52,13],"gold":46,"neow_bonus":"TWO_FIFTY_GOLD","is_prod":false,"is_daily":false,"chose_seed":false,"campfire_upgraded":3,"win_rate":0,"timestamp":1555912743,"path_taken":["M","$","?","?","?","R","?","?","T","R","?","E","R","M","R","BOSS","M","M","M","M","$","R","M","?","T","?","M","R","$","E","R","BOSS","M","?","$","M","?","R","E","$","T","?","M","R","M","?","R","BOSS","R","$","E","BOSS"],"build_version":"2019-04-21","purchased_purges":2,"victory":true,"max_hp_per_floor":[60,60,60,54,54,54,54,54,54,54,54,54,54,54,54,54,54,54,54,54,54,54,54,54,54,54,54,54,54,54,54,54,54,54,54,54,54,54,54,54,54,54,54,54,54,54,54,54,54,54,54,54,54,54,54],"card_choices":[{"not_picked":["Acrobatics","Prepared"],"picked":"PiercingWail","floor":1.0},{"not_picked":["Heel Hook","Skewer"],"picked":"Noxious Fumes","floor":8.0},{"not_picked":["Underhanded Strike","Outmaneuver+1"],"picked":"Distraction+1","floor":12.0},{"not_picked":["Endless Agony","Bane"],"picked":"Outmaneuver+1","floor":14.0},{"not_picked":["Doppelganger+1","After Image"],"picked":"Malaise+1","floor":16.0},{"not_picked":["Blade Dance+1","Dodge and Roll+1"],"picked":"Acrobatics+1","floor":18.0},{"not_picked":["Blade Dance+1","Sucker Punch"],"picked":"Dodge and Roll+1","floor":19.0},{"not_picked":["Quick Slash","Dagger Throw"],"picked":"Leg Sweep+1","floor":20.0},{"not_picked":["Outmaneuver+1","All Out Attack"],"picked":"Adrenaline+1","floor":21.0},{"not_picked":["Quick Slash","Underhanded Strike+1"],"picked":"Caltrops","floor":24.0},{"not_picked":["Deflect+1","Prepared+1"],"picked":"Backflip+1","floor":28.0},{"not_picked":["A Thousand Cuts","Distraction+1","Poisoned Stab"],"picked":"SKIP","floor":31.0},{"not_picked":["Bullet Time+1","Grand Finale"],"picked":"Burst+1","floor":33.0},{"not_picked":["Tactician+1","Slice"],"picked":"Night Terror+1","floor":34.0},{"not_picked":["Leg Sweep+1","Outmaneuver+1"],"picked":"Prepared+1","floor":34.0},{"not_picked":["Poisoned Stab","Outmaneuver+1"],"picked":"Bouncing Flask+1","floor":34.0},{"not_picked":["Blade Dance+1","Dodge and Roll+1","Concentrate+1"],"picked":"SKIP","floor":35.0},{"not_picked":["Blade Dance+1","Dagger Throw","Flying Knee"],"picked":"SKIP","floor":36.0},{"not_picked":["Distraction+1","Caltrops"],"picked":"Escape Plan+1","floor":38.0},{"not_picked":["Dagger Throw","Flying Knee+1","Dagger Spray"],"picked":"SKIP","floor":41.0},{"not_picked":["Sucker Punch","Blade Dance+1","Accuracy+1"],"picked":"SKIP","floor":45.0},{"not_picked":["Dash+1","Terror+1"],"picked":"Predator+1","floor":47.0},{"not_picked":["Eviscerate","Leg Sweep+1"],"picked":"PiercingWail+1","floor":54.0}],"player_experience":3004378,"relics_obtained":[{"floor":5.0,"key":"Blue Candle"},{"floor":9.0,"key":"Ginger"},{"floor":12.0,"key":"Darkstone Periapt"},{"floor":26.0,"key":"Bag of Preparation"},{"floor":31.0,"key":"Omamori"},{"floor":41.0,"key":"Happy Flower"},{"floor":54.0,"key":"Calipers"}],"event_choices":[{"damage_healed":0.0,"max_hp_gain":0.0,"max_hp_loss":0.0,"gold_gain":0.0,"event_name":"Shining Light","player_choice":"Entered Light","floor":3.0,"gold_loss":0.0,"damage_taken":18.0,"cards_upgraded":["Strike_G","Strike_G"]},{"damage_healed":0.0,"max_hp_gain":0.0,"max_hp_loss":6.0,"gold_gain":0.0,"event_name":"Golden Idol","player_choice":"Lose Max HP","floor":4.0,"gold_loss":0.0,"damage_taken":0.0,"relics_obtained":["Golden Idol"]},{"damage_healed":0.0,"max_hp_gain":0.0,"max_hp_loss":0.0,"gold_gain":0.0,"event_name":"Wheel of Change","player_choice":"Damaged","floor":7.0,"gold_loss":0.0,"damage_taken":8.0},{"cards_removed":["Strike_G"],"damage_healed":0.0,"max_hp_gain":0.0,"max_hp_loss":0.0,"gold_gain":0.0,"event_name":"Bonfire Elementals","player_choice":"Offered Basic","floor":11.0,"gold_loss":0.0,"damage_taken":0.0},{"damage_healed":0.0,"max_hp_gain":0.0,"max_hp_loss":0.0,"gold_gain":0.0,"event_name":"The Library","player_choice":"Read","floor":25.0,"gold_loss":0.0,"damage_taken":0.0,"cards_obtained":["Acrobatics"]},{"damage_healed":0.0,"max_hp_gain":0.0,"max_hp_loss":0.0,"gold_gain":0.0,"event_name":"Lab","player_choice":"Got Potions","floor":27.0,"gold_loss":0.0,"damage_taken":0.0},{"damage_healed":0.0,"max_hp_gain":0.0,"max_hp_loss":0.0,"gold_gain":0.0,"event_name":"Winding Halls","player_choice":"Embrace Madness","floor":39.0,"gold_loss":0.0,"damage_taken":10.0,"cards_obtained":["Madness","Madness"]},{"damage_healed":0.0,"max_hp_gain":0.0,"max_hp_loss":0.0,"gold_gain":333.0,"event_name":"The Moai Head","player_choice":"Gave Idol","floor":44.0,"relics_lost":["Golden Idol"],"gold_loss":0.0,"damage_taken":0.0}],"is_beta":true,"boss_relics":[{"not_picked":["Calling Bell","Runic Dome"],"picked":"Fusion Hammer"},{"not_picked":["Tiny House","Eternal Feather"],"picked":"Orrery"}],"items_purged_floors":[2,22],"is_endless":false,"potions_floor_spawned":[8,14,18,19,28,31,33,35,38,54],"ascension_level":17}