{"gold_per_floor":[110,120,46,58,58,58,58,58,58,83,123,153,169,212,212,212],"floor_reached":16,"playtime":375,"items_purged":[],"score":108,"play_id":"f814679f-d6c2-403d-988f-92c0c24599fb","local_time":"20190416162425","is_ascension_mode":false,"campfire_choices":[{"data":"Inflame","floor":6,"key":"SMITH"},{"data":"Sword Boomerang","floor":8,"key":"SMITH"},{"floor":15,"key":"REST"}],"neow_cost":"NONE","seed_source_timestamp":347574690833784,"circlet_count":0,"master_deck":["Strike_R","Strike_R","Strike_R","Strike_R","Strike_R","Defend_R+1","Defend_R","Defend_R","Defend_R","Bash+1","Clothesline","Thunderclap","Inflame+1","Sword Boomerang+1","Heavy Blade","Evolve+1","Thunderclap","Dropkick"],"relics":["Burning Blood","Golden Idol","Frozen Egg 2","Odd Mushroom","Centennial Puzzle","Nunchaku","Prayer Wheel"],"potions_floor_usage":[11,16],"damage_taken":[{"damage":2,"enemies":"2 Louse","floor":1,"turns":3},{"damage":13,"enemies":"Jaw Worm","floor":2,"turns":4},{"damage":2,"enemies":"Small Slimes","floor":4,"turns":3},{"damage":20,"enemies":"The Mushroom Lair","floor":10,"turns":3},{"damage":16,"enemies":"Gremlin Nob","floor":11,"turns":3},{"damage":2,"enemies":"2 Fungi Beasts","floor":13,"turns":3},{"damage":19,"enemies":"3 Sentries","floor":14,"turns":4},{"damage":36,"enemies":"The Guardian","floor":16,"turns":8}],"seed_played":"-7279689615638468911","potions_obtained":[{"floor":0,"key":"SmokeBomb"},{"floor":0,"key":"PowerPotion"},{"floor":0,"key":"SkillPotion"},{"floor":1,"key":"LiquidBronze"}],"is_trial":false,"path_per_floor":["M","M","$","M","?","R","?","R","T","?","E","?","M","E","R","B"],"character_chosen":"IRONCLAD","items_purchased":["Inflame"],"campfire_rested":1,"item_purchase_floors":[3],"current_hp_per_floor":[80,73,73,77,61,61,41,41,41,27,17,17,21,8,32,0],"gold":212,"neow_bonus":"THREE_SMALL_POTIONS","is_prod":false,"is_daily":false,"chose_seed":false,"campfire_upgraded":2,"win_rate":0,"timestamp":1555399465,"path_taken":["M","M","$","M","?","R","?","R","T","?","E","?","?","E","R","BOSS"],"build_version":"2019-04-04","purchased_purges":0,"victory":false,"max_hp_per_floor":[80,80,80,80,80,80,80,80,80,80,80,80,80,80,80,80],"card_choices":[{"not_picked":["True Grit","Shrug It Off"],"picked":"Clothesline","floor":1},{"not_picked":["Body Slam","True Grit"],"picked":"Thunderclap","floor":2},{"not_picked":["Spot Weakness","Rupture"],"picked":"Sword Boomerang","floor":4},{"not_picked":["Bloodletting","Armaments"],"picked":"Heavy Blade","floor":10},{"not_picked":["Clash","Body Slam"],"picked":"Evolve+1","floor":11},{"not_picked":["Burning Pact","Iron Wave"],"picked":"Thunderclap","floor":13},{"not_picked":["Anger","Power Through"],"picked":"Dropkick","floor":14}],"player_experience":2970999,"relics_obtained":[{"floor":9,"key":"Frozen Egg 2"},{"floor":10,"key":"Odd Mushroom"},{"floor":11,"key":"Centennial Puzzle"},{"floor":14,"key":"Prayer Wheel"}],"event_choices":[{"damage_healed":0,"gold_gain":0,"player_choice":"Entered Light","damage_taken":16,"max_hp_gain":0,"max_hp_loss":0,"event_name":"Shining Light","floor":5,"gold_loss":0,"cards_upgraded":["Bash","Defend_R"]},{"damage_healed":0,"gold_gain":0,"player_choice":"Take Damage","damage_taken":20,"relics_obtained":["Golden Idol"],"max_hp_gain":0,"max_hp_loss":0,"event_name":"Golden Idol","floor":7,"gold_loss":0},{"damage_healed":0,"gold_gain":0,"player_choice":"Fought Mushrooms","damage_taken":0,"max_hp_gain":0,"max_hp_loss":0,"event_name":"Mushrooms","floor":10,"gold_loss":0},{"damage_healed":0,"gold_gain":30,"player_choice":"Searched \u00272\u0027 times","damage_taken":0,"relics_obtained":["Nunchaku"],"max_hp_gain":0,"max_hp_loss":0,"event_name":"Dead Adventurer","floor":12,"gold_loss":0}],"is_beta":true,"boss_relics":[],"items_purged_floors":[],"is_endless":false,"potions_floor_spawned":[1],"killed_by":"The Guardian","ascension_level":0}