{"gold_per_floor":[109,284,300,375,275,302,302,302,325,353,370,380,380],"floor_reached":13,"playtime":559,"items_purged":["Doubt"],"score":149,"play_id":"73234e2c-5e28-4b5c-9b35-a1f8642f54f0","local_time":"20190502172703","is_ascension_mode":true,"campfire_choices":[{"floor":7,"key":"REST"}],"neow_cost":"NONE","seed_source_timestamp":1814079111047375,"circlet_count":0,"master_deck":["AscendersBane","Strike_R","Strike_R","Strike_R","Strike_R","Strike_R","Defend_R","Defend_R","Defend_R","Bash","Impervious","Seeing Red","Rage","Clash","Havoc","Pummel","Battle Trance","Ghostly Armor"],"relics":["Burning Blood","Regal Pillow","Bag of Preparation","Bronze Scales"],"potions_floor_usage":[11],"damage_taken":[{"damage":3,"enemies":"2 Louse","floor":1,"turns":3},{"damage":16,"enemies":"Cultist","floor":3,"turns":5},{"damage":48,"enemies":"Gremlin Nob","floor":6,"turns":5},{"damage":20,"enemies":"Lagavulin","floor":10,"turns":7},{"damage":4,"enemies":"Small Slimes","floor":11,"turns":3},{"damage":5,"enemies":"3 Louse","floor":12,"turns":3},{"damage":0,"enemies":"Exordium Wildlife","floor":13,"turns":1}],"seed_played":"1381334356433909982","potions_obtained":[{"floor":10,"key":"Swift Potion"},{"floor":12,"key":"PowerPotion"}],"is_trial":false,"path_per_floor":["M","?","M","?","$","E","R","?","T","E","M","M","M"],"character_chosen":"IRONCLAD","items_purchased":["Clash"],"campfire_rested":1,"item_purchase_floors":[5],"current_hp_per_floor":[75,75,65,54,54,12,51,51,51,37,39,40,40],"gold":380,"neow_bonus":"ONE_RANDOM_RARE_CARD","is_prod":false,"is_daily":false,"chose_seed":false,"campfire_upgraded":0,"win_rate":0,"timestamp":1556807223,"path_taken":["M","?","M","?","$","E","R","?","T","E","M","M","?"],"build_version":"2019-01-23","purchased_purges":1,"victory":false,"max_hp_per_floor":[80,80,80,80,80,80,80,80,80,80,80,80,80],"card_choices":[{"not_picked":["Havoc","Wild Strike"],"picked":"Seeing Red","floor":1},{"not_picked":["Cleave","Clothesline"],"picked":"Rage","floor":3},{"not_picked":["Perfected Strike","Evolve"],"picked":"Havoc","floor":6},{"not_picked":["Limit Break","Berserk"],"picked":"Pummel","floor":10},{"not_picked":["Thunderclap","Sword Boomerang"],"picked":"Battle Trance","floor":11},{"not_picked":["Heavy Blade","Armaments"],"picked":"Ghostly Armor","floor":12}],"player_experience":1295099,"relics_obtained":[{"floor":6,"key":"Regal Pillow"},{"floor":9,"key":"Bag of Preparation"},{"floor":10,"key":"Bronze Scales"}],"event_choices":[{"damage_healed":0,"gold_gain":175,"player_choice":"AGREE","damage_taken":0,"max_hp_gain":0,"max_hp_loss":0,"event_name":"Liars Game","floor":2,"gold_loss":0,"cards_obtained":["Doubt"]},{"damage_healed":0,"gold_gain":75,"player_choice":"Gather Gold","damage_taken":11,"max_hp_gain":0,"max_hp_loss":0,"event_name":"World of Goop","floor":4,"gold_loss":0},{"cards_removed":["Defend_R"],"damage_healed":0,"gold_gain":0,"player_choice":"Purged","damage_taken":0,"max_hp_gain":0,"max_hp_loss":0,"event_name":"Purifier","floor":8,"gold_loss":0}],"is_beta":false,"boss_relics":[],"items_purged_floors":[5],"is_endless":false,"potions_floor_spawned":[10,12],"killed_by":"Exordium Wildlife","ascension_level":12}