{"gold_per_floor":[113,113,113,129,154,184,184,211,211,244,244,262,262,277,277,353,353,370,380,380,380,396,396,406,419,444,59,59,90,90,109,109,109],"floor_reached":33,"playtime":1749,"items_purged":[],"score":620,"play_id":"2678166b-9a3a-4521-9181-9601c5f09179","local_time":"20190423194806","is_ascension_mode":true,"campfire_choices":[{"data":"Rage","floor":7.0,"key":"SMITH"},{"data":"Bash","floor":11.0,"key":"SMITH"},{"data":"Juggernaut","floor":13.0,"key":"SMITH"},{"floor":15.0,"key":"REST"},{"data":"Pommel Strike","floor":23.0,"key":"SMITH"},{"data":"Double Tap","floor":28.0,"key":"SMITH"},{"data":"RitualDagger","floor":30.0,"key":"SMITH"},{"data":"Whirlwind","floor":32.0,"key":"SMITH"}],"neow_cost":"NONE","seed_source_timestamp":963086377063432,"circlet_count":0,"master_deck":["AscendersBane","Strike_R","Strike_R","Strike_R","Strike_R","Strike_R","Defend_R","Defend_R","Defend_R","Bash+1","Perfected Strike+1","Rage+1","Shrug It Off","Juggernaut+1","Twin Strike","Disarm","Whirlwind+1","Reaper","Pommel Strike+1","RitualDagger+1","Double Tap+1","Warcry+1","Flame Barrier+1"],"special_seed":0,"relics":["Burning Blood","NeowsBlessing","Vajra","Boot","Kunai","Darkstone Periapt","Coffee Dripper","Regal Pillow","Bag of Preparation","Strange Spoon","PreservedInsect"],"potions_floor_usage":[33,33],"damage_taken":[{"damage":0.0,"enemies":"Small Slimes","floor":1.0,"turns":1.0},{"damage":0.0,"enemies":"Cultist","floor":4.0,"turns":1.0},{"damage":0.0,"enemies":"Lagavulin","floor":6.0,"turns":1.0},{"damage":15.0,"enemies":"3 Sentries","floor":8.0,"turns":7.0},{"damage":28.0,"enemies":"Gremlin Nob","floor":10.0,"turns":5.0},{"damage":7.0,"enemies":"Jaw Worm","floor":12.0,"turns":2.0},{"damage":10.0,"enemies":"3 Louse","floor":14.0,"turns":4.0},{"damage":46.0,"enemies":"Slime Boss","floor":16.0,"turns":8.0},{"damage":32.0,"enemies":"Chosen","floor":18.0,"turns":5.0},{"damage":0.0,"enemies":"3 Byrds","floor":19.0,"turns":3.0},{"damage":30.0,"enemies":"Centurion and Healer","floor":22.0,"turns":8.0},{"damage":0.0,"enemies":"Cultist and Chosen","floor":24.0,"turns":4.0},{"damage":13.0,"enemies":"Chosen and Byrds","floor":25.0,"turns":4.0},{"damage":0.0,"enemies":"Gremlin Leader","floor":29.0,"turns":6.0},{"damage":24.0,"enemies":"3 Cultists","floor":31.0,"turns":4.0},{"damage":72,"enemies":"Automaton","floor":33,"turns":8}],"seed_played":"6580283185777986433","potions_obtained":[{"floor":4.0,"key":"GamblersBrew"},{"floor":6.0,"key":"Fire Potion"},{"floor":8.0,"key":"Strength Potion"},{"floor":14.0,"key":"AttackPotion"},{"floor":16.0,"key":"SteroidPotion"},{"floor":22.0,"key":"SpeedPotion"},{"floor":29.0,"key":"SpeedPotion"}],"is_trial":false,"path_per_floor":["M","$","?","M","T","E","R","E","T","E","R","M","R","M","R","B",null,"M","M","?","?","M","R","M","M","T","$","R","E","R","M","R","B"],"character_chosen":"IRONCLAD","items_purchased":["Bag of Preparation","Strange Spoon"],"campfire_rested":1,"item_purchase_floors":[27,27],"current_hp_per_floor":[74,74,74,75,75,75,75,66,66,44,44,43,43,39,61,21,62,43,64,58,58,60,60,66,68,68,68,68,75,75,57,57,0],"gold":109,"neow_bonus":"THREE_ENEMY_KILL","is_prod":false,"is_daily":false,"chose_seed":false,"campfire_upgraded":7,"win_rate":0,"timestamp":1556016486,"path_taken":["M","$","?","?","?","E","R","E","T","E","R","M","R","M","R","BOSS","M","?","?","?","M","R","M","M","T","$","R","E","R","M","R","BOSS"],"build_version":"2019-04-21","purchased_purges":0,"victory":false,"max_hp_per_floor":[75,75,75,75,75,75,75,75,75,75,75,75,75,75,75,75,75,75,75,75,75,75,75,75,75,75,75,75,75,75,75,75,75],"card_choices":[{"not_picked":["Metallicize","Warcry"],"picked":"Perfected Strike","floor":1.0},{"not_picked":["Heavy Blade","Iron Wave"],"picked":"Rage","floor":4.0},{"not_picked":["Infernal Blade","Iron Wave"],"picked":"Shrug It Off","floor":6.0},{"not_picked":["Infernal Blade","Iron Wave"],"picked":"Juggernaut","floor":8.0},{"not_picked":["Flex","Metallicize"],"picked":"Twin Strike","floor":10.0},{"not_picked":["Sever Soul","Second Wind"],"picked":"Disarm","floor":12.0},{"not_picked":["Feel No Pain","Spot Weakness"],"picked":"Whirlwind","floor":14.0},{"not_picked":["Exhume","Brutality"],"picked":"Reaper","floor":16.0},{"not_picked":["Wild Strike","Seeing Red"],"picked":"Pommel Strike","floor":18.0},{"not_picked":["Rupture+1","Clothesline","Wild Strike"],"picked":"SKIP","floor":19.0},{"not_picked":["Twin Strike","Warcry","Wild Strike"],"picked":"SKIP","floor":22.0},{"not_picked":["Havoc","Metallicize"],"picked":"Double Tap","floor":24.0},{"not_picked":["Heavy Blade","Sever Soul"],"picked":"Warcry+1","floor":25.0},{"not_picked":["Metallicize","Perfected Strike","Thunderclap"],"picked":"SKIP","floor":29.0},{"not_picked":["Clash","True Grit"],"picked":"Flame Barrier+1","floor":31.0}],"player_experience":3027815,"relics_obtained":[{"floor":6.0,"key":"Vajra"},{"floor":8.0,"key":"Boot"},{"floor":9.0,"key":"Kunai"},{"floor":10.0,"key":"Darkstone Periapt"},{"floor":26.0,"key":"Regal Pillow"},{"floor":29.0,"key":"PreservedInsect"}],"event_choices":[{"damage_healed":0.0,"max_hp_gain":0.0,"max_hp_loss":0.0,"gold_gain":0.0,"event_name":"Upgrade Shrine","player_choice":"Upgraded","floor":3.0,"gold_loss":0.0,"damage_taken":0.0,"cards_upgraded":["Perfected Strike"]},{"damage_healed":0.0,"max_hp_gain":0.0,"max_hp_loss":0.0,"gold_gain":0.0,"event_name":"Nest","player_choice":"Joined the Cult","floor":20.0,"gold_loss":0.0,"damage_taken":6.0,"cards_obtained":["RitualDagger"]},{"cards_removed":["Defend_R"],"damage_healed":0.0,"max_hp_gain":0.0,"max_hp_loss":0.0,"gold_gain":0.0,"event_name":"Purifier","player_choice":"Purged","floor":21.0,"gold_loss":0.0,"damage_taken":0.0}],"is_beta":true,"boss_relics":[{"not_picked":["Mark of Pain","Astrolabe"],"picked":"Coffee Dripper"}],"items_purged_floors":[],"is_endless":false,"potions_floor_spawned":[4,6,8,14,16,22,29,31],"killed_by":"Automaton","ascension_level":17}