{"gold_per_floor":[112,131,151,151,163,163,196,196,196,223,235,235,261,22,22,101,101,120,120,120,5,5,5,17,17,42,42,55,90,100,110,110,182,182,193,193,27,46,65,96,96,4,27,27,27,0,20,38,38,38],"floor_reached":50,"playtime":1797,"items_purged":["Writhe"],"score":1070,"play_id":"4d95ddc8-6027-4863-8b2e-580ef58ecf9b","local_time":"20190308010654","is_ascension_mode":true,"campfire_choices":[{"data":"Rip and Tear","floor":6,"key":"SMITH"},{"floor":8,"key":"REST"},{"data":"White Noise","floor":15,"key":"SMITH"},{"floor":23,"key":"REST"},{"data":"Self Repair","floor":27,"key":"SMITH"},{"data":"Seek","floor":32,"key":"SMITH"},{"floor":41,"key":"REST"},{"floor":49,"key":"RECALL"}],"neow_cost":"NONE","seed_source_timestamp":25747778699000,"circlet_count":0,"master_deck":["AscendersBane","Strike_B","Strike_B","Strike_B","Strike_B","Defend_B","Defend_B","Defend_B","Defend_B","Zap+1","Dualcast","Streamline+1","Rip and Tear+1","Ball Lightning","Undo","White Noise+1","Auto Shields","Self Repair+1","Tempest","Aggregate","Reboot","Steam Power+1","RitualDagger","Go for the Eyes","Beam Cell+1","Go for the Eyes+1","Echo Form","Seek+1","Tempest","All For One+1","Capacitor+1","Conserve Battery","Glacier","Decay","Writhe","Hologram","Biased Cognition"],"relics":["Cracked Core","Anchor","Art of War","Darkstone Periapt","Dead Branch","Potion Belt","Nuclear Battery","Juzu Bracelet","Molten Egg 2","Smiling Mask","Strawberry","Cursed Key","Bag of Preparation","Bronze Scales","Red Mask"],"potions_floor_usage":[11,16,28,30,30,31,33,50],"damage_taken":[{"damage":2,"enemies":"2 Louse","floor":1,"turns":3},{"damage":0,"enemies":"Cultist","floor":2,"turns":3},{"damage":2,"enemies":"Jaw Worm","floor":3,"turns":2},{"damage":13,"enemies":"Exordium Thugs","floor":5,"turns":3},{"damage":17,"enemies":"3 Sentries","floor":7,"turns":7},{"damage":17,"enemies":"Lagavulin","floor":10,"turns":6},{"damage":5,"enemies":"3 Louse","floor":11,"turns":3},{"damage":7,"enemies":"3 Sentries","floor":13,"turns":6},{"damage":6,"enemies":"The Guardian","floor":16,"turns":10},{"damage":24,"enemies":"2 Thieves","floor":18,"turns":3},{"damage":0,"enemies":"Spheric Guardian","floor":24,"turns":3},{"damage":12,"enemies":"Chosen and Byrds","floor":28,"turns":5},{"damage":34,"enemies":"Gremlin Leader","floor":29,"turns":5},{"damage":9,"enemies":"Cultist and Chosen","floor":30,"turns":6},{"damage":14,"enemies":"Snecko","floor":31,"turns":6},{"damage":67,"enemies":"Automaton","floor":33,"turns":9},{"damage":6,"enemies":"3 Shapes","floor":35,"turns":6},{"damage":0,"enemies":"Orb Walker","floor":38,"turns":1},{"damage":7,"enemies":"Jaw Worm Horde","floor":39,"turns":2},{"damage":58,"enemies":"Giant Head","floor":40,"turns":7},{"damage":36,"enemies":"Transient","floor":47,"turns":6},{"damage":0,"enemies":"3 Darklings","floor":48,"turns":6},{"damage":78,"enemies":"Time Eater","floor":50,"turns":10}],"seed_played":"-6781529376132492044","potions_obtained":[{"floor":7,"key":"PowerPotion"},{"floor":10,"key":"Poison Potion"},{"floor":11,"key":"Fruit Juice"},{"floor":12,"key":"Ancient Potion"},{"floor":18,"key":"FearPotion"},{"floor":28,"key":"FearPotion"},{"floor":31,"key":"Weak Potion"},{"floor":39,"key":"Weak Potion"},{"floor":40,"key":"Ancient Potion"},{"floor":47,"key":"Weak Potion"}],"is_trial":false,"path_per_floor":["M","M","M","?","M","R","E","R","T","E","M","?","E","$","R","B",null,"M","?","?","$","T","R","M","?","T","R","M","E","M","M","R","B",null,"M","?","$","M","M","E","R","$","T","?","?","?","M","M","R","B"],"character_chosen":"DEFECT","items_purchased":["Aggregate","Potion Belt","Go for the Eyes","Regen Potion","Bag of Preparation","Glacier"],"campfire_rested":3,"item_purchase_floors":[14,14,21,21,37,42],"current_hp_per_floor":[62,62,60,60,47,47,30,51,51,34,34,34,34,34,34,35,66,49,55,49,49,49,73,80,80,80,80,78,71,86,82,82,25,73,77,77,77,77,70,32,58,58,64,64,89,89,63,73,73,0],"gold":38,"neow_bonus":"UPGRADE_CARD","is_prod":false,"is_daily":false,"chose_seed":false,"campfire_upgraded":4,"win_rate":0,"timestamp":1551974814,"path_taken":["M","M","M","?","M","R","E","R","T","E","?","?","E","?","R","BOSS","M","?","?","?","?","R","M","?","T","R","M","E","M","M","R","BOSS","M","?","?","M","M","E","R","$","T","?","?","?","M","M","R","BOSS"],"build_version":"2019-01-23","purchased_purges":1,"victory":false,"max_hp_per_floor":[71,71,71,71,71,71,71,71,71,71,76,76,76,76,76,76,76,76,82,82,82,82,82,82,82,82,82,82,89,89,89,89,89,89,89,89,89,89,89,89,89,89,95,95,101,101,101,101,101,101],"card_choices":[{"not_picked":["Turbo","Redo"],"picked":"Streamline","floor":1},{"not_picked":["Storm","Beam Cell"],"picked":"Rip and Tear","floor":2},{"not_picked":["Fusion","Conserve Battery"],"picked":"Ball Lightning","floor":3},{"not_picked":["Conserve Battery","Stack"],"picked":"Undo","floor":5},{"not_picked":["Scrape","Hello World"],"picked":"White Noise","floor":7},{"not_picked":["Rebound","White Noise"],"picked":"Auto Shields","floor":10},{"not_picked":["Hologram","Doom and Gloom"],"picked":"Self Repair","floor":11},{"not_picked":["FTL","Sweeping Beam"],"picked":"Tempest","floor":13},{"not_picked":["All For One","Electrodynamics"],"picked":"Reboot","floor":16},{"not_picked":["Ball Lightning","Streamline"],"picked":"Steam Power+1","floor":18},{"not_picked":["Streamline+1","Gash+1"],"picked":"Beam Cell+1","floor":24},{"not_picked":["Chill","Ball Lightning+1"],"picked":"Echo Form","floor":28},{"not_picked":["Conserve Battery","Leap"],"picked":"Seek","floor":29},{"not_picked":["Sweeping Beam+1","Gash+1","Darkness"],"picked":"SKIP","floor":30},{"not_picked":["Aggregate","Cold Snap+1"],"picked":"Tempest","floor":31},{"not_picked":["Rainbow","Buffer"],"picked":"All For One+1","floor":33},{"not_picked":["Beam Cell+1","Gash+1"],"picked":"Capacitor","floor":35},{"not_picked":["Sunder+1","Go for the Eyes+1","Rebound+1"],"picked":"SKIP","floor":38},{"not_picked":["Beam Cell+1","Reprogram","Redo+1"],"picked":"SKIP","floor":39},{"not_picked":["Sunder+1","Compile Driver+1"],"picked":"Conserve Battery","floor":40},{"not_picked":["Sweeping Beam+1","Glacier"],"picked":"Hologram","floor":47},{"not_picked":["Stack","Sweeping Beam+1"],"picked":"Biased Cognition","floor":48}],"player_experience":4486773,"relics_obtained":[{"floor":7,"key":"Anchor"},{"floor":9,"key":"Art of War"},{"floor":10,"key":"Darkstone Periapt"},{"floor":13,"key":"Dead Branch"},{"floor":22,"key":"Molten Egg 2"},{"floor":26,"key":"Smiling Mask"},{"floor":29,"key":"Strawberry"},{"floor":40,"key":"Bronze Scales"}],"event_choices":[{"damage_healed":0,"gold_gain":0,"player_choice":"Forge","damage_taken":0,"max_hp_gain":0,"max_hp_loss":0,"event_name":"Accursed Blacksmith","floor":4,"gold_loss":0,"cards_upgraded":["Streamline"]},{"damage_healed":0,"gold_gain":0,"player_choice":"Got Potions","damage_taken":0,"max_hp_gain":0,"max_hp_loss":0,"event_name":"Lab","floor":12,"gold_loss":0},{"damage_healed":0,"gold_gain":0,"player_choice":"Opened","damage_taken":0,"relics_obtained":["Juzu Bracelet"],"max_hp_gain":0,"max_hp_loss":0,"event_name":"The Mausoleum","floor":19,"gold_loss":0,"cards_obtained":["Writhe"]},{"damage_healed":0,"gold_gain":0,"player_choice":"Joined the Cult","damage_taken":6,"max_hp_gain":0,"max_hp_loss":0,"event_name":"Nest","floor":20,"gold_loss":0,"cards_obtained":["RitualDagger"]},{"damage_healed":0,"gold_gain":0,"player_choice":"Read","damage_taken":0,"max_hp_gain":0,"max_hp_loss":0,"event_name":"The Library","floor":25,"gold_loss":0,"cards_obtained":["Go for the Eyes"]},{"damage_healed":0,"gold_gain":0,"player_choice":"Upgraded","damage_taken":0,"max_hp_gain":0,"max_hp_loss":0,"event_name":"Upgrade Shrine","floor":36,"gold_loss":0,"cards_upgraded":["Capacitor"]},{"damage_healed":0,"gold_gain":0,"player_choice":"Ignored","damage_taken":0,"max_hp_gain":0,"max_hp_loss":0,"event_name":"Mysterious Sphere","floor":44,"gold_loss":0},{"damage_healed":19,"gold_gain":0,"player_choice":"Writhe","damage_taken":0,"max_hp_gain":0,"max_hp_loss":0,"event_name":"Winding Halls","floor":45,"gold_loss":0,"cards_obtained":["Writhe"]},{"damage_healed":0,"gold_gain":0,"player_choice":"Paid","damage_taken":0,"relics_obtained":["Red Mask"],"max_hp_gain":0,"max_hp_loss":0,"event_name":"Tomb of Lord Red Mask","floor":46,"gold_loss":27}],"is_beta":false,"boss_relics":[{"not_picked":["FrozenCore","Eternal Feather"],"picked":"Nuclear Battery"},{"not_picked":["Pandora\u0027s Box","Philosopher\u0027s Stone"],"picked":"Cursed Key"}],"items_purged_floors":[42],"is_endless":false,"potions_floor_spawned":[7,10,11,13,18,28,31,39,40,47],"killed_by":"Time Eater","ascension_level":20}