{"gold_per_floor":[110,123,134,59,59,91,91,148,201,201,212,222,256,256,256,360,360,328,338,238,248,248,248,248,248,248,248,268,286,298,298,298,397,397,415,426,442,63,63],"floor_reached":39,"playtime":2491,"items_purged":["Strike_B","Blizzard","Turbo"],"score":531,"play_id":"a713408f-2d1d-4dab-a39c-f29c66cbaea1","local_time":"20190112234353","is_ascension_mode":true,"campfire_choices":[{"data":"Zap","floor":7.0,"key":"SMITH"},{"floor":10.0,"key":"REST"},{"floor":15.0,"key":"REST"},{"data":"White Noise","floor":23.0,"key":"SMITH"},{"data":"Redo","floor":25.0,"key":"SMITH"},{"floor":27.0,"key":"REST"},{"floor":32.0,"key":"REST"}],"neow_cost":"NONE","seed_source_timestamp":0,"circlet_count":0,"master_deck":["Zap+1","Dualcast","Conserve Battery","Ball Lightning","Genetic Algorithm","Double Energy","White Noise+1","Redo+1","Cold Snap","Auto Shields","Multi-Cast","Rainbow","Compile Driver","Blizzard","Turbo","Sweeping Beam","Beam Cell+1","Self Repair","Lockon+1","Machine Learning","Meteor Strike","Turbo+1","Coolheaded","Double Energy","Coolheaded+1","Electrodynamics","Bandage Up"],"special_seed":0,"relics":["Cracked Core","DataDisk","Ancient Tea Set","Oddly Smooth Stone","Art of War","Lantern","Prayer Wheel","Pandora\u0027s Box","Torii","Runic Pyramid"],"potions_floor_usage":[39,39],"damage_taken":[{"damage":2.0,"enemies":"Jaw Worm","floor":1.0,"turns":3.0},{"damage":0.0,"enemies":"2 Louse","floor":2.0,"turns":3.0},{"damage":4.0,"enemies":"Small Slimes","floor":3.0,"turns":3.0},{"damage":12.0,"enemies":"Gremlin Nob","floor":6.0,"turns":3.0},{"damage":23.0,"enemies":"Gremlin Nob","floor":8.0,"turns":4.0},{"damage":0.0,"enemies":"Gremlin Gang","floor":11.0,"turns":4.0},{"damage":7.0,"enemies":"2 Fungi Beasts","floor":12.0,"turns":4.0},{"damage":10.0,"enemies":"3 Sentries","floor":13.0,"turns":5.0},{"damage":21.0,"enemies":"Hexaghost","floor":16.0,"turns":9.0},{"damage":10.0,"enemies":"2 Thieves","floor":18.0,"turns":5.0},{"damage":0.0,"enemies":"3 Byrds","floor":19.0,"turns":3.0},{"damage":12.0,"enemies":"Cultist and Chosen","floor":21.0,"turns":4.0},{"damage":2.0,"enemies":"Centurion and Healer","floor":28.0,"turns":5.0},{"damage":18.0,"enemies":"Snake Plant","floor":29.0,"turns":5.0},{"damage":19.0,"enemies":"Shelled Parasite and Fungi","floor":30.0,"turns":5.0},{"damage":49.0,"enemies":"Champ","floor":33.0,"turns":9.0},{"damage":12,"enemies":"Orb Walker","floor":35,"turns":4},{"damage":14,"enemies":"3 Shapes","floor":36,"turns":4},{"damage":48,"enemies":"Jaw Worm Horde","floor":37,"turns":5},{"damage":20,"enemies":"3 Darklings","floor":39,"turns":3}],"seed_played":"334443300253704976","potions_obtained":[{"floor":2.0,"key":"Poison Potion"},{"floor":12.0,"key":"Strength Potion"},{"floor":16.0,"key":"SkillPotion"},{"floor":28.0,"key":"SteroidPotion"},{"floor":29.0,"key":"GamblersBrew"},{"floor":35,"key":"FearPotion"}],"is_trial":false,"path_per_floor":["M","M","M","$","?","E","R","?","T","R","M","M","E","?","R","B",null,"M","M","$","M","?","R","?","R","T","R","M","M","M","?","R","B",null,"M","M","M","$","M"],"character_chosen":"DEFECT","items_purchased":["Electrodynamics","Bandage Up"],"campfire_rested":4,"item_purchase_floors":[38,38],"current_hp_per_floor":[66,66,62,62,55,43,43,20,20,42,42,35,25,25,47,26,63,53,53,53,48,34,34,34,34,34,58,63,52,40,40,64,22,66,61,54,13,13,0],"gold":63,"neow_bonus":"RANDOM_COMMON_RELIC","is_prod":false,"is_daily":false,"chose_seed":false,"campfire_upgraded":3,"win_rate":0,"timestamp":1547304233,"path_taken":["M","M","M","$","?","E","R","?","T","R","M","M","E","?","R","BOSS","M","?","$","M","?","R","?","R","T","R","M","M","M","?","R","BOSS","M","M","M","$","M"],"build_version":"2019-01-10","purchased_purges":3,"victory":false,"max_hp_per_floor":[75,75,75,75,75,75,75,75,75,75,75,75,75,75,75,75,75,75,75,75,75,80,80,80,80,80,80,80,80,80,80,80,80,80,80,80,80,80,80],"card_choices":[{"not_picked":["Aggregate","Leap"],"picked":"Conserve Battery","floor":1.0},{"not_picked":["Rebound","Turbo"],"picked":"Ball Lightning","floor":2.0},{"not_picked":["Go for the Eyes","Gash"],"picked":"Genetic Algorithm","floor":3.0},{"not_picked":["Ball Lightning","Cold Snap"],"picked":"Double Energy","floor":6.0},{"not_picked":["Sweeping Beam","Stack"],"picked":"White Noise","floor":8.0},{"not_picked":["Leap","Aggregate"],"picked":"Redo","floor":11.0},{"not_picked":["Redo","Meteor Strike"],"picked":"Cold Snap","floor":12.0},{"not_picked":["Rebound","Tempest"],"picked":"Auto Shields","floor":13.0},{"not_picked":["Hyperbeam","Core Surge"],"picked":"Multi-Cast","floor":16.0},{"not_picked":["Redo","Go for the Eyes"],"picked":"Sweeping Beam","floor":18.0},{"not_picked":["Gash","Turbo"],"picked":"Beam Cell+1","floor":18.0},{"not_picked":["Streamline","Redo"],"picked":"Self Repair","floor":19.0},{"not_picked":["Barrage","Compile Driver","Conserve Battery"],"picked":"SKIP","floor":19.0},{"not_picked":["Steam","Heatsinks+1","Conserve Battery"],"picked":"SKIP","floor":21.0},{"not_picked":["Go for the Eyes","Leap","Biased Cognition"],"picked":"SKIP","floor":21.0},{"not_picked":["Barrage","White Noise","Hologram"],"picked":"SKIP","floor":28.0},{"not_picked":["Static Discharge","Redo","Hologram"],"picked":"SKIP","floor":28.0},{"not_picked":["Reinforced Body","Darkness"],"picked":"Lockon","floor":29.0},{"not_picked":["Leap","Compile Driver"],"picked":"Machine Learning","floor":29.0},{"not_picked":["Gash","Rebound","Redo"],"picked":"SKIP","floor":30.0},{"not_picked":["Cold Snap","Storm+1","Tempest"],"picked":"SKIP","floor":30.0},{"not_picked":["Hyperbeam","Rainbow"],"picked":"Meteor Strike","floor":33.0},{"not_picked":["Beam Cell","Rip and Tear+1"],"picked":"Turbo+1","floor":35},{"not_picked":["Streamline","Sunder+1","Storm+1"],"picked":"SKIP","floor":35},{"not_picked":["Rebound+1","Static Discharge+1"],"picked":"Coolheaded","floor":36},{"not_picked":["Go for the Eyes+1","Turbo+1"],"picked":"Double Energy","floor":36},{"not_picked":["Undo+1","FTL"],"picked":"Coolheaded+1","floor":37},{"not_picked":["Reinforced Body","Rebound","Steam Power"],"picked":"SKIP","floor":37}],"player_experience":347986,"relics_obtained":[{"floor":6.0,"key":"Oddly Smooth Stone"},{"floor":8.0,"key":"Art of War"},{"floor":9.0,"key":"Lantern"},{"floor":13.0,"key":"Prayer Wheel"},{"floor":26.0,"key":"Torii"}],"event_choices":[{"damage_healed":0.0,"max_hp_gain":0.0,"max_hp_loss":0.0,"gold_gain":0.0,"event_name":"Scrap Ooze","player_choice":"Success","floor":5.0,"gold_loss":0.0,"damage_taken":7.0,"relics_obtained":["Ancient Tea Set"]},{"damage_healed":0.0,"max_hp_gain":0.0,"max_hp_loss":0.0,"gold_gain":0.0,"event_name":"Dead Adventurer","player_choice":"Searched \u00271\u0027 times","floor":8.0,"gold_loss":0.0,"damage_taken":0.0},{"cards_removed":["Strike_B"],"damage_healed":0.0,"max_hp_gain":0.0,"max_hp_loss":0.0,"gold_gain":0.0,"event_name":"Purifier","player_choice":"Purged","floor":14.0,"gold_loss":0.0,"damage_taken":0.0},{"damage_healed":0.0,"max_hp_gain":5.0,"max_hp_loss":0.0,"gold_gain":0.0,"event_name":"Forgotten Altar","player_choice":"Shed Blood","floor":22.0,"gold_loss":0.0,"damage_taken":19.0},{"damage_healed":0.0,"max_hp_gain":0.0,"max_hp_loss":0.0,"gold_gain":0.0,"event_name":"Ghosts","player_choice":"Ignored","floor":24.0,"gold_loss":0.0,"damage_taken":0.0},{"damage_healed":0.0,"max_hp_gain":0.0,"max_hp_loss":0.0,"gold_gain":0.0,"event_name":"Upgrade Shrine","player_choice":"Upgraded","floor":31.0,"gold_loss":0.0,"damage_taken":0.0,"cards_upgraded":["Lockon"]}],"is_beta":false,"boss_relics":[{"not_picked":["Fusion Hammer","Astrolabe"],"picked":"Pandora\u0027s Box"},{"not_picked":["Coffee Dripper","Snecko Eye"],"picked":"Runic Pyramid"}],"items_purged_floors":[4,20,38],"is_endless":false,"potions_floor_spawned":[2,12,16,28,29,35],"killed_by":"3 Darklings","ascension_level":7}