{"gold_per_floor":[366,10,22,22,32,32,67,67,67,84,25,25,39,5,5,81,81,96,96,110,110,77,93,93,93,118,118],"floor_reached":27,"playtime":1083,"items_purged":["Normality"],"score":390,"play_id":"12aab828-10d6-4320-9543-bd68621013c5","local_time":"20190531200740","is_ascension_mode":true,"campfire_choices":[{"data":"Noxious Fumes","floor":6,"key":"SMITH"},{"floor":8,"key":"REST"},{"data":"Bouncing Flask","floor":15,"key":"SMITH"},{"data":"Night Terror","floor":24,"key":"SMITH"}],"neow_cost":"CURSE","seed_source_timestamp":433071887581709,"circlet_count":0,"master_deck":["AscendersBane","Defend_G","Defend_G","Defend_G","Defend_G","Defend_G","Survivor","Neutralize","Deflect","Noxious Fumes+1","Dagger Spray","Bouncing Flask+1","Bane","Well Laid Plans","Parasite","Leg Sweep","Night Terror+1","Expertise+1","Terror+1","Bouncing Flask","PiercingWail","Calculated Gamble","Deflect"],"relics":["Ring of the Snake","Anchor","The Courier","Mercury Hourglass","Astrolabe","Snake Skull"],"potions_floor_usage":[16,20],"damage_taken":[{"damage":13,"enemies":"Small Slimes","floor":1,"turns":7},{"damage":0,"enemies":"Jaw Worm","floor":3,"turns":5},{"damage":0,"enemies":"2 Louse","floor":5,"turns":3},{"damage":33,"enemies":"Gremlin Nob","floor":7,"turns":5},{"damage":0,"enemies":"2 Fungi Beasts","floor":10,"turns":2},{"damage":4,"enemies":"Gremlin Gang","floor":13,"turns":3},{"damage":19,"enemies":"Hexaghost","floor":16,"turns":9},{"damage":14,"enemies":"Spheric Guardian","floor":18,"turns":4},{"damage":3,"enemies":"3 Byrds","floor":20,"turns":4},{"damage":14,"enemies":"Snake Plant","floor":23,"turns":4},{"damage":42,"enemies":"Gremlin Leader","floor":27,"turns":6}],"seed_played":"-1235569928873111560","potions_obtained":[{"floor":3,"key":"PowerPotion"},{"floor":10,"key":"Regen Potion"},{"floor":18,"key":"Fire Potion"},{"floor":23,"key":"Strength Potion"}],"is_trial":false,"path_per_floor":["M","$","M","?","M","R","E","R","T","M","$","?","M","$","R","B",null,"M","?","M","?","$","M","R","?","T","E"],"character_chosen":"THE_SILENT","items_purchased":["Noxious Fumes","Anchor","Dagger Spray","Well Laid Plans","Leg Sweep","Calculated Gamble"],"campfire_rested":1,"item_purchase_floors":[2,2,2,11,14,22],"current_hp_per_floor":[46,46,46,39,39,39,6,25,25,25,25,41,37,37,37,33,58,44,44,41,41,41,27,27,27,27,0],"gold":118,"neow_bonus":"TWO_FIFTY_GOLD","is_prod":false,"is_daily":false,"chose_seed":false,"campfire_upgraded":3,"win_rate":0,"timestamp":1559326060,"path_taken":["M","$","M","?","M","R","E","R","T","M","$","?","M","?","R","BOSS","M","?","M","?","$","M","R","?","T","E"],"build_version":"2019-01-23","purchased_purges":1,"victory":false,"max_hp_per_floor":[66,66,66,66,66,66,66,66,66,66,66,66,66,66,66,66,66,66,66,66,66,66,66,66,66,66,66],"card_choices":[{"not_picked":["Masterful Stab","Acrobatics"],"picked":"Deflect","floor":1},{"not_picked":["Setup","Endless Agony"],"picked":"Bouncing Flask","floor":3},{"not_picked":["Quick Slash","Dagger Throw","Bane"],"picked":"SKIP","floor":5},{"not_picked":["Quick Slash","Dagger Throw"],"picked":"Bane","floor":5},{"not_picked":["Terror","Dodge and Roll","Outmaneuver"],"picked":"SKIP","floor":7},{"not_picked":["Poisoned Stab","Dagger Throw","Reflex"],"picked":"SKIP","floor":10},{"not_picked":["Acrobatics","Distraction","Wraith Form v2"],"picked":"SKIP","floor":13},{"not_picked":["Doppelganger","Die Die Die"],"picked":"Night Terror","floor":16},{"not_picked":["Sucker Punch+1","Outmaneuver","Bane+1"],"picked":"SKIP","floor":18},{"not_picked":["Dagger Throw","Expertise","PiercingWail"],"picked":"SKIP","floor":20},{"not_picked":["Heel Hook","Poisoned Stab"],"picked":"Deflect","floor":23}],"player_experience":644192,"relics_obtained":[{"floor":7,"key":"The Courier"},{"floor":9,"key":"Mercury Hourglass"},{"floor":26,"key":"Snake Skull"}],"event_choices":[{"cards_removed":["Strike_G"],"damage_healed":0,"gold_gain":0,"player_choice":"Card Removal","damage_taken":7,"max_hp_gain":0,"max_hp_loss":0,"event_name":"Golden Wing","floor":4,"gold_loss":0},{"damage_healed":16,"gold_gain":0,"player_choice":"Healed and dodged fight","damage_taken":0,"max_hp_gain":0,"max_hp_loss":0,"event_name":"Mushrooms","floor":12,"gold_loss":0,"cards_obtained":["Parasite"]},{"damage_healed":0,"gold_gain":0,"cards_transformed":["Grand Finale","Strike_G"],"player_choice":"Became Test Subject","damage_taken":0,"max_hp_gain":0,"max_hp_loss":0,"event_name":"Drug Dealer","floor":19,"gold_loss":0,"cards_obtained":["Bouncing Flask","PiercingWail"]},{"damage_healed":0,"gold_gain":0,"player_choice":"Ignored","damage_taken":0,"max_hp_gain":0,"max_hp_loss":0,"event_name":"Vampires","floor":21,"gold_loss":0},{"damage_healed":0,"gold_gain":0,"player_choice":"Ignored","damage_taken":0,"max_hp_gain":0,"max_hp_loss":0,"event_name":"Cursed Tome","floor":25,"gold_loss":0}],"is_beta":false,"boss_relics":[{"not_picked":["Tiny House","Black Star"],"picked":"Astrolabe"}],"items_purged_floors":[2],"is_endless":false,"potions_floor_spawned":[3,10,13,18,23],"killed_by":"Gremlin Leader","ascension_level":17}