{"gold_per_floor":[112,37,37,37,55,55,69,69,114,14,30,45,55,5,5,101,101,115,25,25,25,124,124,112,112],"floor_reached":25,"playtime":1310,"items_purged":["Strike_G","Wraith Form v2"],"score":191,"play_id":"b109dae0-fddc-4a44-92a2-0cb4b37bc04f","local_time":"20181206204724","is_ascension_mode":false,"campfire_choices":[{"data":"Accuracy","floor":6,"key":"SMITH"},{"data":"Neutralize","floor":8,"key":"SMITH"},{"data":"Poisoned Stab","floor":15,"key":"SMITH"},{"data":"After Image","floor":23,"key":"SMITH"}],"neow_cost":"NONE","seed_source_timestamp":370206394213177,"circlet_count":0,"master_deck":["Defend_G","Defend_G","Defend_G","Strike_G","Strike_G","Strike_G","Strike_G+1","Survivor","Neutralize+1","Prepared","Accuracy+1","Escape Plan","Poisoned Stab+1","After Image+1","Bouncing Flask+1"],"relics":["Ring of the Snake","Regal Pillow","Juzu Bracelet","Sozu"],"potions_floor_usage":[11,16],"damage_taken":[{"damage":0,"enemies":"2 Louse","floor":1,"turns":3},{"damage":10,"enemies":"Cultist","floor":5,"turns":6},{"damage":4,"enemies":"Small Slimes","floor":7,"turns":5},{"damage":0,"enemies":"2 Fungi Beasts","floor":11,"turns":6},{"damage":0,"enemies":"Blue Slaver","floor":12,"turns":6},{"damage":16,"enemies":"Gremlin Gang","floor":13,"turns":6},{"damage":43,"enemies":"Hexaghost","floor":16,"turns":12},{"damage":15,"enemies":"3 Byrds","floor":18,"turns":9},{"damage":20,"enemies":"2 Thieves","floor":24,"turns":4},{"damage":35,"enemies":"Slavers","floor":25,"turns":5}],"seed_played":"3802898303208788654","potions_obtained":[{"floor":5,"key":"Regen Potion"},{"floor":11,"key":"Poison Potion"}],"is_trial":false,"path_per_floor":["M","$","?","$","M","R","M","R","T","$","M","M","M","?","R","B",null,"M","?","$","?","?","R","M","E"],"character_chosen":"THE_SILENT","items_purchased":[],"campfire_rested":0,"item_purchase_floors":[],"current_hp_per_floor":[70,70,70,70,60,60,56,56,56,56,70,70,54,54,54,11,70,55,55,55,55,55,55,35,0],"gold":112,"neow_bonus":"RANDOM_COMMON_RELIC","is_prod":false,"is_daily":false,"chose_seed":false,"campfire_upgraded":4,"win_rate":0,"timestamp":1544096844,"path_taken":["M","$","?","?","M","R","M","R","T","$","M","M","M","?","R","BOSS","M","?","$","?","?","R","M","E"],"build_version":"2018-11-15","purchased_purges":2,"victory":false,"max_hp_per_floor":[70,70,70,70,70,70,70,70,70,70,70,70,70,70,70,70,70,70,70,70,70,70,70,70,70],"card_choices":[{"not_picked":["Cloak And Dagger","Riddle With Holes"],"picked":"Prepared","floor":1},{"not_picked":["Underhanded Strike","PiercingWail"],"picked":"Escape Plan","floor":5},{"not_picked":["Outmaneuver","Quick Slash","PiercingWail"],"picked":"SKIP","floor":7},{"not_picked":["Slice","Escape Plan"],"picked":"Poisoned Stab","floor":11},{"not_picked":["Escape Plan","Quick Slash","Footwork"],"picked":"SKIP","floor":12},{"not_picked":["Flying Knee","Quick Slash","Backflip"],"picked":"SKIP","floor":13},{"not_picked":["A Thousand Cuts","Unload"],"picked":"After Image","floor":16},{"not_picked":["Predator","Terror","Riddle With Holes"],"picked":"SKIP","floor":18},{"not_picked":["Dodge and Roll","Sucker Punch"],"picked":"Bouncing Flask+1","floor":24}],"player_experience":123250,"relics_obtained":[{"floor":9,"key":"Juzu Bracelet"}],"event_choices":[{"damage_healed":0,"gold_gain":0,"player_choice":"2 cards matched","damage_taken":0,"max_hp_gain":0,"max_hp_loss":0,"event_name":"Match and Keep!","floor":3,"gold_loss":0,"cards_obtained":["Accuracy","Wraith Form v2"]},{"cards_removed":["Defend_G"],"damage_healed":0,"gold_gain":0,"player_choice":"Card Removal","damage_taken":0,"max_hp_gain":0,"max_hp_loss":0,"event_name":"The Cleric","floor":14,"gold_loss":50},{"cards_removed":["Defend_G"],"damage_healed":0,"gold_gain":0,"player_choice":"Upgrade and Remove","damage_taken":0,"max_hp_gain":0,"max_hp_loss":0,"event_name":"Designer","floor":19,"gold_loss":90,"cards_upgraded":["Strike_G"]},{"damage_healed":0,"gold_gain":0,"player_choice":"Got Potions","damage_taken":0,"max_hp_gain":0,"max_hp_loss":0,"event_name":"Lab","floor":21,"gold_loss":0},{"damage_healed":0,"gold_gain":99,"player_choice":"Stole From Cult","damage_taken":0,"max_hp_gain":0,"max_hp_loss":0,"event_name":"Nest","floor":22,"gold_loss":0}],"is_beta":false,"boss_relics":[{"not_picked":["Ectoplasm","Coffee Dripper"],"picked":"Sozu"}],"items_purged_floors":[2,10],"is_endless":false,"potions_floor_spawned":[5,11,18,24],"killed_by":"Slavers","ascension_level":0}