{"gold_per_floor":[112,112,132,151,170,170,198,198,498,498,498,512,512,531,531,625,625,638,366,384,16,31,31,31],"floor_reached":24,"playtime":1021,"items_purged":[],"score":413,"play_id":"6c883f38-adeb-4e99-86d2-43387e380736","local_time":"20190330205653","is_ascension_mode":true,"campfire_choices":[{"data":"Bash","floor":6.0,"key":"SMITH"},{"data":"Pommel Strike","floor":10.0,"key":"SMITH"},{"data":"Rampage","floor":13.0,"key":"SMITH"},{"data":"Flame Barrier","floor":15.0,"key":"SMITH"},{"floor":23.0,"key":"REST"}],"neow_cost":"NONE","seed_source_timestamp":2664130087196075,"circlet_count":0,"master_deck":["AscendersBane","Strike_R","Strike_R","Strike_R","Strike_R","Strike_R","Defend_R","Defend_R","Defend_R","Defend_R","Bash+1","Dramatic Entrance","Pommel Strike+1","Rampage+1","Shrug It Off","Exhume","Shrug It Off","Flame Barrier+1","Feed","Searing Blow+1","Offering"],"special_seed":0,"relics":["Burning Blood","WarpedTongs","Question Card","Golden Idol","Old Coin","Busted Crown","Singing Bowl","Bottled Lightning"],"potions_floor_usage":[24],"damage_taken":[{"damage":9.0,"enemies":"Jaw Worm","floor":1.0,"turns":3.0},{"damage":2.0,"enemies":"Cultist","floor":3.0,"turns":3.0},{"damage":4.0,"enemies":"2 Louse","floor":4.0,"turns":3.0},{"damage":10.0,"enemies":"Blue Slaver","floor":5.0,"turns":4.0},{"damage":3.0,"enemies":"Gremlin Nob","floor":7.0,"turns":2.0},{"damage":9.0,"enemies":"Red Slaver","floor":12.0,"turns":3.0},{"damage":13.0,"enemies":"Large Slime","floor":14.0,"turns":7.0},{"damage":27.0,"enemies":"Hexaghost","floor":16.0,"turns":13.0},{"damage":9.0,"enemies":"Spheric Guardian","floor":18.0,"turns":6.0},{"damage":27.0,"enemies":"Shell Parasite","floor":20.0,"turns":7.0},{"damage":24.0,"enemies":"Snake Plant","floor":22.0,"turns":5.0},{"damage":57,"enemies":"Book of Stabbing","floor":24,"turns":4}],"seed_played":"-2326919269135096766","potions_obtained":[{"floor":1.0,"key":"AttackPotion"},{"floor":12.0,"key":"GamblersBrew"},{"floor":14.0,"key":"Weak Potion"},{"floor":20.0,"key":"EssenceOfSteel"}],"is_trial":false,"path_per_floor":["M","?","M","M","M","R","E","?","T","R","?","M","R","M","R","B",null,"M","$","M","$","M","R","E"],"character_chosen":"IRONCLAD","items_purchased":["Singing Bowl","Offering","Bottled Lightning"],"campfire_rested":1,"item_purchase_floors":[19,21,21],"current_hp_per_floor":[65,65,69,71,67,67,70,44,44,44,44,41,41,34,34,13,60,57,57,42,42,30,56,0],"gold":31,"neow_bonus":"RANDOM_COLORLESS","is_prod":false,"is_daily":false,"chose_seed":false,"campfire_upgraded":4,"win_rate":0,"timestamp":1553947013,"path_taken":["M","?","?","M","M","R","E","?","T","R","?","?","R","M","R","BOSS","M","$","M","$","M","R","E"],"build_version":"2019-03-15","purchased_purges":0,"victory":false,"max_hp_per_floor":[75,75,75,75,75,75,75,75,75,75,75,75,75,75,75,75,75,75,75,81,81,87,87,87],"card_choices":[{"not_picked":["Havoc","Sword Boomerang"],"picked":"Pommel Strike","floor":1.0},{"not_picked":["Headbutt","Intimidate"],"picked":"Rampage","floor":3.0},{"not_picked":["Flex","Havoc"],"picked":"Shrug It Off","floor":4.0},{"not_picked":["Pommel Strike","Dropkick"],"picked":"Exhume","floor":5.0},{"not_picked":["Twin Strike","Thunderclap"],"picked":"Shrug It Off","floor":7.0},{"not_picked":["Combust","Sword Boomerang","Hemokinesis","Blood for Blood"],"picked":"SKIP","floor":12.0},{"not_picked":["Clothesline","Hemokinesis","Reckless Charge"],"picked":"Flame Barrier","floor":14.0},{"not_picked":["Immolate","Barricade","Limit Break"],"picked":"Feed","floor":16.0},{"not_picked":["Cleave"],"picked":"Searing Blow+1","floor":18.0},{"not_picked":["Dropkick","Armaments"],"picked":"Singing Bowl","floor":20.0},{"not_picked":["Wild Strike","Rage"],"picked":"Singing Bowl","floor":22.0}],"player_experience":2779698,"relics_obtained":[{"floor":7.0,"key":"Question Card"},{"floor":9.0,"key":"Old Coin"}],"event_choices":[{"damage_healed":0.0,"max_hp_gain":0.0,"max_hp_loss":0.0,"gold_gain":0.0,"event_name":"Accursed Blacksmith","player_choice":"Rummage","floor":2.0,"gold_loss":0.0,"damage_taken":0.0,"relics_obtained":["WarpedTongs"],"cards_obtained":["Pain"]},{"damage_healed":0.0,"max_hp_gain":0.0,"max_hp_loss":0.0,"gold_gain":0.0,"event_name":"Golden Idol","player_choice":"Take Damage","floor":8.0,"gold_loss":0.0,"damage_taken":26.0,"relics_obtained":["Golden Idol"]},{"cards_removed":["Pain"],"damage_healed":0.0,"max_hp_gain":0.0,"max_hp_loss":0.0,"gold_gain":0.0,"event_name":"Fountain of Cleansing","player_choice":"Removed Curses","floor":11.0,"gold_loss":0.0,"damage_taken":0.0}],"is_beta":true,"boss_relics":[{"not_picked":["Mark of Pain","Orrery"],"picked":"Busted Crown"}],"items_purged_floors":[],"is_endless":false,"potions_floor_spawned":[1,12,14,20],"killed_by":"Book of Stabbing","ascension_level":17}