{"gold_per_floor":[117,117,117,117,130,130,164,164,216,216,240,240,280,300,300,389,389,389,309,105,105,105,105],"floor_reached":23,"playtime":1056,"items_purged":["Strike_R"],"score":414,"play_id":"8f185228-3836-4858-a719-f15af2878e62","local_time":"20190325211709","is_ascension_mode":true,"campfire_choices":[{"data":"Entrench","floor":6.0,"key":"SMITH"},{"data":"Body Slam","floor":8.0,"key":"SMITH"},{"data":"Bash","floor":10.0,"key":"SMITH"},{"data":"Iron Wave","floor":12.0,"key":"SMITH"},{"data":"Defend_R","floor":15.0,"key":"SMITH"}],"neow_cost":"NONE","seed_source_timestamp":2233402546412247,"circlet_count":0,"master_deck":["AscendersBane","Strike_R+1","Strike_R+1","Strike_R+1","Strike_R+1","Defend_R+1","Defend_R+1","Defend_R+1","Defend_R+1","Bash+1","Uppercut+1","Entrench+1","Body Slam+1","Iron Wave+1","Barricade","Rage","True Grit","Entrench","Shrug It Off"],"special_seed":0,"relics":["Burning Blood","NeowsBlessing","Golden Idol","Darkstone Periapt","Happy Flower","Ectoplasm"],"potions_floor_usage":[16,16,19,19,23],"damage_taken":[{"damage":0.0,"enemies":"2 Louse","floor":1.0,"turns":1.0},{"damage":0.0,"enemies":"Small Slimes","floor":5.0,"turns":1.0},{"damage":0.0,"enemies":"Lagavulin","floor":7.0,"turns":2.0},{"damage":0.0,"enemies":"Cultist","floor":11.0,"turns":3.0},{"damage":18.0,"enemies":"Gremlin Nob","floor":13.0,"turns":4.0},{"damage":14.0,"enemies":"Large Slime","floor":14.0,"turns":7.0},{"damage":30,"enemies":"Hexaghost","floor":16,"turns":10},{"damage":9,"enemies":"Chosen","floor":18,"turns":5},{"damage":14,"enemies":"2 Thieves","floor":19,"turns":4},{"damage":46,"enemies":"3 Cultists","floor":21,"turns":8},{"damage":29,"enemies":"Gremlin Leader","floor":23,"turns":8}],"seed_played":"-2215527170838784535","potions_obtained":[{"floor":13.0,"key":"Ancient Potion"},{"floor":14.0,"key":"SteroidPotion"},{"floor":16,"key":"Swift Potion"},{"floor":18,"key":"AttackPotion"},{"floor":21,"key":"Regen Potion"}],"is_trial":false,"path_per_floor":["M","$","?","?","M","R","E","R","T","R","M","R","E","M","R","B",null,"M","M","$","M","?","E"],"character_chosen":"IRONCLAD","items_purchased":["Entrench","Shrug It Off"],"campfire_rested":0,"item_purchase_floors":[20,20],"current_hp_per_floor":[74,74,48,48,54,54,60,60,60,60,66,66,54,46,46,22,62,59,51,51,11,11,0],"gold":105,"neow_bonus":"THREE_ENEMY_KILL","is_prod":false,"is_daily":false,"chose_seed":false,"campfire_upgraded":5,"win_rate":0,"timestamp":1553516229,"path_taken":["M","$","?","?","?","R","E","R","T","R","M","R","E","M","R","BOSS","M","M","$","M","?","E"],"build_version":"2019-03-15","purchased_purges":1,"victory":false,"max_hp_per_floor":[75,75,75,75,75,75,75,75,75,75,75,75,75,75,75,75,75,75,75,75,75,75,75],"card_choices":[{"not_picked":["Armaments","Clash"],"picked":"Uppercut","floor":1.0},{"not_picked":["Armaments","Fire Breathing"],"picked":"Entrench","floor":5.0},{"not_picked":["Bloodletting","Disarm"],"picked":"Body Slam","floor":7.0},{"not_picked":["Clash","Pummel"],"picked":"Iron Wave","floor":11.0},{"not_picked":["Hemokinesis","Reckless Charge","Sword Boomerang"],"picked":"SKIP","floor":13.0},{"not_picked":["Havoc","Fire Breathing","Warcry"],"picked":"SKIP","floor":14.0},{"not_picked":["Demon Form","Dark Embrace"],"picked":"Barricade","floor":16},{"not_picked":["Rupture","Twin Strike"],"picked":"Rage","floor":18},{"not_picked":["Power Through","Iron Wave"],"picked":"True Grit","floor":19},{"not_picked":["Warcry","Reckless Charge","Clothesline"],"picked":"SKIP","floor":21}],"player_experience":2731011,"relics_obtained":[{"floor":7.0,"key":"Darkstone Periapt"},{"floor":13.0,"key":"Happy Flower"}],"event_choices":[{"damage_healed":0.0,"max_hp_gain":0.0,"max_hp_loss":0.0,"gold_gain":0.0,"event_name":"Golden Idol","player_choice":"Take Damage","floor":3.0,"gold_loss":0.0,"damage_taken":26.0,"relics_obtained":["Golden Idol"]},{"damage_healed":0.0,"max_hp_gain":0.0,"max_hp_loss":0.0,"gold_gain":0.0,"event_name":"Upgrade Shrine","player_choice":"Upgraded","floor":4.0,"gold_loss":0.0,"damage_taken":0.0,"cards_upgraded":["Uppercut"]},{"damage_healed":0,"gold_gain":0,"player_choice":"Simplicity","damage_taken":0,"max_hp_gain":0,"max_hp_loss":0,"event_name":"Back to Basics","floor":22,"gold_loss":0,"cards_upgraded":["Strike_R","Strike_R","Strike_R","Strike_R","Defend_R","Defend_R","Defend_R"]}],"is_beta":true,"boss_relics":[{"not_picked":["Busted Crown","Orrery"],"picked":"Ectoplasm"}],"items_purged_floors":[20],"is_endless":false,"potions_floor_spawned":[13,14,16,18,21],"killed_by":"Gremlin Leader","ascension_level":17}