{"gold_per_floor":[116,116,7,7,19,19,45,45,96,96,110,10,44,54,54,151,151,168,178,103,103,117,117,130,130,203,13,28,38,38,51,51,147,147,162,37,53,64,0,0,0,0,24,37,54,83,97,129,129,129],"floor_reached":51,"playtime":5053,"items_purged":["Defend_G","Strike_G","Strike_G"],"score":923,"play_id":"34c88035-bb88-4c0c-9ee9-cdc6789b1b1c","local_time":"20181230173433","is_ascension_mode":true,"campfire_choices":[{"data":"Neutralize","floor":6.0,"key":"SMITH"},{"data":"Prepared","floor":8.0,"key":"SMITH"},{"data":"Bouncing Flask","floor":10.0,"key":"SMITH"},{"data":"Setup","floor":15.0,"key":"SMITH"},{"data":"Calculated Gamble","floor":23.0,"key":"SMITH"},{"floor":25.0,"key":"REST"},{"data":"Tactician","floor":32.0,"key":"SMITH"},{"floor":40.0,"key":"REST"},{"data":"Footwork","floor":42.0,"key":"SMITH"},{"floor":49,"key":"REST"}],"neow_cost":"NONE","seed_source_timestamp":672270007574924,"circlet_count":0,"master_deck":["Defend_G","Defend_G","Defend_G","Survivor","Neutralize+1","Bouncing Flask+1","Escape Plan","Prepared+1","Grand Finale","Setup+1","Acrobatics","Prepared","Well Laid Plans","Calculated Gamble+1","Acrobatics","Tactician+1","Footwork+1","Night Terror","Tactician+1","Catalyst+1","Dodge and Roll+1","Venomology","Caltrops+1"],"special_seed":0,"relics":["Ring of the Snake","NeowsBlessing","Boot","Bronze Scales","Paper Crane","Empty Cage","Pantograph","Snake Skull","Potion Belt","Black Star","Red Mask","Mummified Hand","Lantern","Happy Flower","Pen Nib","Ancient Tea Set","Molten Egg 2"],"potions_floor_usage":[48,48,48,48,50,50,50,50,50],"damage_taken":[{"damage":0.0,"enemies":"Jaw Worm","floor":1.0,"turns":1.0},{"damage":0.0,"enemies":"Cultist","floor":5.0,"turns":1.0},{"damage":0.0,"enemies":"Gremlin Nob","floor":7.0,"turns":1.0},{"damage":8.0,"enemies":"Small Slimes","floor":11.0,"turns":2.0},{"damage":0.0,"enemies":"3 Sentries","floor":13.0,"turns":2.0},{"damage":0.0,"enemies":"Looter","floor":14.0,"turns":3.0},{"damage":11.0,"enemies":"The Guardian","floor":16.0,"turns":8.0},{"damage":17.0,"enemies":"Spheric Guardian","floor":18.0,"turns":4.0},{"damage":8.0,"enemies":"Shell Parasite","floor":19.0,"turns":4.0},{"damage":0.0,"enemies":"Sentry and Sphere","floor":22.0,"turns":3.0},{"damage":17.0,"enemies":"Centurion and Healer","floor":24.0,"turns":6.0},{"damage":0.0,"enemies":"Snake Plant","floor":28.0,"turns":2.0},{"damage":0.0,"enemies":"Snecko","floor":29.0,"turns":3.0},{"damage":13.0,"enemies":"Centurion and Healer","floor":31.0,"turns":4.0},{"damage":48.0,"enemies":"Champ","floor":33.0,"turns":12.0},{"damage":8.0,"enemies":"3 Darklings","floor":35.0,"turns":2.0},{"damage":15.0,"enemies":"3 Shapes","floor":37.0,"turns":6.0},{"damage":13.0,"enemies":"3 Darklings","floor":38.0,"turns":3.0},{"damage":27.0,"enemies":"Spire Growth","floor":44.0,"turns":4.0},{"damage":0,"enemies":"Sphere and 2 Shapes","floor":45,"turns":3},{"damage":6,"enemies":"Giant Head","floor":46,"turns":9},{"damage":0,"enemies":"Jaw Worm Horde","floor":47,"turns":1},{"damage":0,"enemies":"Reptomancer","floor":48,"turns":5},{"damage":33,"enemies":"Time Eater","floor":50,"turns":14}],"seed_played":"6518271919377835960","potions_obtained":[{"floor":1.0,"key":"Block Potion"},{"floor":7.0,"key":"Strength Potion"},{"floor":11.0,"key":"Swift Potion"},{"floor":14.0,"key":"FearPotion"},{"floor":18.0,"key":"Regen Potion"},{"floor":24.0,"key":"Dexterity Potion"},{"floor":29.0,"key":"SpeedPotion"},{"floor":35.0,"key":"SkillPotion"},{"floor":38.0,"key":"FearPotion"},{"floor":45,"key":"Swift Potion"},{"floor":48,"key":"SpeedPotion"}],"is_trial":false,"path_per_floor":["M","?","$","$","M","R","E","R","T","R","M","$","E","M","R","B",null,"M","M","?","?","M","R","M","R","T","$","M","M","?","M","R","B",null,"M","$","M","M","?","R","T","R","T","M","M","E","M","E","R","B",null],"character_chosen":"THE_SILENT","items_purchased":["Escape Plan","Tactician","Snake Skull"],"campfire_rested":3,"item_purchase_floors":[3,27,27],"current_hp_per_floor":[70,70,70,70,70,70,70,70,70,70,62,62,62,62,62,51,70,53,57,57,57,57,57,40,61,61,61,61,61,61,48,48,22,70,62,62,47,34,34,55,55,55,55,28,28,22,22,22,43,35],"gold":129,"neow_bonus":"THREE_ENEMY_KILL","is_prod":false,"is_daily":false,"chose_seed":false,"campfire_upgraded":7,"win_rate":0,"timestamp":1546158873,"path_taken":["M","?","?","$","M","R","E","R","T","R","?","?","E","M","R","BOSS","M","M","?","?","M","R","M","R","T","?","?","M","?","M","R","BOSS","M","$","?","M","?","R","?","R","T","M","M","E","M","E","R","BOSS"],"build_version":"2018-12-20","purchased_purges":3,"victory":true,"max_hp_per_floor":[70,70,70,70,70,70,70,70,70,70,70,70,70,70,70,70,70,70,70,70,70,70,70,70,70,70,70,70,70,70,70,70,70,70,70,70,70,70,70,70,70,70,70,70,70,70,70,70,70,70],"card_choices":[{"not_picked":["Bane","Choke"],"picked":"Bouncing Flask","floor":1.0},{"not_picked":["PiercingWail","Dagger Throw"],"picked":"Prepared","floor":5.0},{"not_picked":["Deflect","Concentrate"],"picked":"Grand Finale","floor":7.0},{"not_picked":["Outmaneuver","Underhanded Strike","Sucker Punch"],"picked":"SKIP","floor":11.0},{"not_picked":["Eviscerate","Heel Hook","Dagger Spray"],"picked":"SKIP","floor":13.0},{"not_picked":["Flying Knee","Poisoned Stab"],"picked":"Setup","floor":14.0},{"not_picked":["Flying Knee+1","Sucker Punch+1"],"picked":"Acrobatics","floor":18.0},{"not_picked":["PiercingWail","Flechettes+1"],"picked":"Prepared","floor":19.0},{"not_picked":["Flying Knee","PiercingWail"],"picked":"Calculated Gamble","floor":22.0},{"not_picked":["Cloak And Dagger","Underhanded Strike"],"picked":"Acrobatics","floor":24.0},{"not_picked":["Accuracy","Slice"],"picked":"Footwork","floor":28.0},{"not_picked":["Cloak And Dagger+1","Predator","Prepared"],"picked":"SKIP","floor":29.0},{"not_picked":["Dodge and Roll","Bane","PiercingWail"],"picked":"SKIP","floor":31.0},{"not_picked":["Doppelganger","A Thousand Cuts"],"picked":"Night Terror","floor":33.0},{"not_picked":["Acrobatics","Outmaneuver+1","Poisoned Stab+1"],"picked":"SKIP","floor":35.0},{"not_picked":["Finisher+1","Bane","Well Laid Plans"],"picked":"SKIP","floor":37.0},{"not_picked":["Choke","Riddle With Holes"],"picked":"Tactician+1","floor":38.0},{"not_picked":["Deadly Poison","Slice+1"],"picked":"Catalyst+1","floor":44.0},{"not_picked":["Acrobatics","Footwork+1"],"picked":"Dodge and Roll+1","floor":45},{"not_picked":["Dodge and Roll","Flying Knee+1","Concentrate+1"],"picked":"SKIP","floor":46},{"not_picked":["Eviscerate+1","Dodge and Roll"],"picked":"Venomology","floor":47},{"not_picked":["Footwork","Tactician"],"picked":"Caltrops+1","floor":48}],"player_experience":266137,"relics_obtained":[{"floor":7.0,"key":"Boot"},{"floor":9.0,"key":"Bronze Scales"},{"floor":13.0,"key":"Paper Crane"},{"floor":26.0,"key":"Pantograph"},{"floor":41.0,"key":"Mummified Hand"},{"floor":43.0,"key":"Lantern"},{"floor":46,"key":"Happy Flower"},{"floor":46,"key":"Pen Nib"},{"floor":48,"key":"Ancient Tea Set"},{"floor":48,"key":"Molten Egg 2"}],"event_choices":[{"cards_removed":["Strike_G"],"damage_healed":0.0,"max_hp_gain":0.0,"max_hp_loss":0.0,"gold_gain":0.0,"event_name":"Purifier","player_choice":"Purged","floor":2.0,"gold_loss":0.0,"damage_taken":0.0},{"cards_removed":["Strike_G"],"damage_healed":0.0,"max_hp_gain":0.0,"max_hp_loss":0.0,"gold_gain":0.0,"event_name":"Beggar","player_choice":"Gave Gold","floor":20.0,"gold_loss":75.0,"damage_taken":0.0},{"damage_healed":0.0,"max_hp_gain":0.0,"max_hp_loss":0.0,"gold_gain":0.0,"event_name":"The Library","player_choice":"Read","floor":21.0,"gold_loss":0.0,"damage_taken":0.0,"cards_obtained":["Well Laid Plans"]},{"damage_healed":0.0,"max_hp_gain":0.0,"max_hp_loss":0.0,"gold_gain":0.0,"event_name":"WeMeetAgain","player_choice":"Gave Potion","floor":30.0,"gold_loss":0.0,"damage_taken":0.0,"relics_obtained":["Potion Belt"]},{"damage_healed":0.0,"max_hp_gain":0.0,"max_hp_loss":0.0,"gold_gain":0.0,"event_name":"Tomb of Lord Red Mask","player_choice":"Paid","floor":39.0,"gold_loss":64.0,"damage_taken":0.0,"relics_obtained":["Red Mask"]}],"is_beta":false,"boss_relics":[{"not_picked":["Eternal Feather","Coffee Dripper"],"picked":"Empty Cage"},{"not_picked":["WristBlade","Fusion Hammer"],"picked":"Black Star"}],"items_purged_floors":[3,12,36],"is_endless":false,"potions_floor_spawned":[1,7,11,14,18,24,29,35,38,45,48],"ascension_level":4}