{"gold_per_floor":[16,35,47,57,73,73,105,105,158,158,193,193,218,29,29,29],"floor_reached":16,"playtime":968,"items_purged":["Strike_G"],"score":222,"play_id":"5fe7e2c6-4e74-4d1a-bfb8-b1eb264efe39","local_time":"20190408105847","is_ascension_mode":true,"campfire_choices":[{"data":"Crippling Poison","floor":6,"key":"SMITH"},{"data":"Neutralize","floor":8,"key":"SMITH"},{"floor":15,"key":"REST"}],"neow_cost":"NO_GOLD","seed_source_timestamp":3406091596230418,"circlet_count":0,"master_deck":["AscendersBane","Defend_G","Defend_G","Defend_G","Defend_G","Defend_G","Strike_G","Survivor","Neutralize+1","Terror","Bane","Deflect","Crippling Poison+1","Setup","Flying Knee","PiercingWail","PiercingWail","Backstab","Escape Plan","Caltrops","PiercingWail","Backstab"],"relics":["Ring of the Snake","Snake Skull","Tiny Chest","Dream Catcher","Calipers"],"potions_floor_usage":[7,7,10,13],"damage_taken":[{"damage":0,"enemies":"2 Louse","floor":1,"turns":4},{"damage":0,"enemies":"Jaw Worm","floor":2,"turns":5},{"damage":0,"enemies":"Small Slimes","floor":3,"turns":5},{"damage":7,"enemies":"Exordium Wildlife","floor":4,"turns":6},{"damage":1,"enemies":"Blue Slaver","floor":5,"turns":5},{"damage":16,"enemies":"Gremlin Nob","floor":7,"turns":4},{"damage":0,"enemies":"Lagavulin Event","floor":10,"turns":1},{"damage":23,"enemies":"3 Sentries","floor":11,"turns":17},{"damage":20,"enemies":"Lagavulin","floor":13,"turns":7},{"damage":37,"enemies":"The Guardian","floor":16,"turns":8}],"seed_played":"-4769975830607228188","potions_obtained":[{"floor":2,"key":"Regen Potion"},{"floor":3,"key":"SpeedPotion"},{"floor":5,"key":"EntropicBrew"},{"floor":7,"key":"Strength Potion"}],"is_trial":false,"path_per_floor":["M","M","M","M","M","R","E","R","T","?","E","?","E","$","R","B"],"character_chosen":"THE_SILENT","items_purchased":["Caltrops","PiercingWail"],"campfire_rested":1,"item_purchase_floors":[14,14],"current_hp_per_floor":[59,59,59,52,51,51,47,47,47,47,24,24,4,4,23,0],"gold":29,"neow_bonus":"TRANSFORM_TWO_CARDS","is_prod":false,"is_daily":false,"chose_seed":false,"campfire_upgraded":2,"win_rate":0,"timestamp":1554688727,"path_taken":["M","M","M","M","M","R","E","R","T","?","E","?","E","?","R","BOSS"],"build_version":"2019-04-04","purchased_purges":1,"victory":false,"max_hp_per_floor":[66,66,66,66,66,66,66,66,66,66,66,66,66,66,66,66],"card_choices":[{"not_picked":["Prepared","Acrobatics"],"picked":"Deflect","floor":1},{"not_picked":["Backstab","Backflip"],"picked":"Crippling Poison","floor":2},{"not_picked":["Underhanded Strike","Prepared"],"picked":"Setup","floor":3},{"not_picked":["Deflect","Slice"],"picked":"Flying Knee","floor":4},{"not_picked":["Deflect","Eviscerate"],"picked":"PiercingWail","floor":5},{"not_picked":["Blade Dance","Concentrate"],"picked":"PiercingWail","floor":7},{"not_picked":["Slice","PiercingWail"],"picked":"Backstab","floor":11},{"not_picked":["Deflect","A Thousand Cuts"],"picked":"Escape Plan","floor":13},{"not_picked":["Dagger Throw","Flying Knee"],"picked":"Backstab","floor":15}],"player_experience":2846688,"relics_obtained":[{"floor":7,"key":"Snake Skull"},{"floor":9,"key":"Tiny Chest"},{"floor":11,"key":"Dream Catcher"},{"floor":13,"key":"Calipers"}],"event_choices":[{"damage_healed":0,"gold_gain":0,"player_choice":"Searched \u00271\u0027 times","damage_taken":0,"max_hp_gain":0,"max_hp_loss":0,"event_name":"Dead Adventurer","floor":10,"gold_loss":0},{"cards_removed":["Strike_G"],"damage_healed":0,"gold_gain":0,"player_choice":"Forget","damage_taken":0,"max_hp_gain":0,"max_hp_loss":0,"event_name":"Living Wall","floor":12,"gold_loss":0}],"is_beta":true,"boss_relics":[],"items_purged_floors":[14],"is_endless":false,"potions_floor_spawned":[2,3,5,7],"killed_by":"The Guardian","ascension_level":17}