{"gold_per_floor":[16,32,32,49,49,49,64,90,116,116,41,57,57,73,73,149,149,164,264,179,179,192,192,203,213,213,213,224,224,252,252,252,328,328,345,361,2,12,0,34,34,34,34,34,54,80,5,24,24,24],"floor_reached":50,"playtime":2462,"items_purged":["Strike_R"],"score":1016,"play_id":"bf8b5d86-2b4f-4650-8301-6e2b0607fe4d","local_time":"20190327154324","is_ascension_mode":true,"campfire_choices":[{"data":"Whirlwind","floor":6.0,"key":"SMITH"},{"data":"Inflame","floor":10.0,"key":"SMITH"},{"data":"Inflame","floor":13.0,"key":"SMITH"},{"data":"True Grit","floor":15.0,"key":"SMITH"},{"data":"Shockwave","floor":23.0,"key":"SMITH"},{"data":"Inflame","floor":27.0,"key":"SMITH"},{"data":"Offering","floor":29.0,"key":"SMITH"},{"data":"Fiend Fire","floor":32.0,"key":"SMITH"},{"data":"Double Tap","floor":41.0,"key":"SMITH"},{"floor":49.0,"key":"RECALL"}],"neow_cost":"NO_GOLD","seed_source_timestamp":2384633527271129,"circlet_count":0,"master_deck":["AscendersBane","Defend_R","Defend_R","Defend_R","Bash","Fiend Fire+1","True Grit+1","Whirlwind+1","Shockwave+1","Ghostly Armor","Inflame+1","Inflame+1","Brutality","Offering+1","Ghostly Armor","Blood for Blood+1","Bite+1","Bite+1","Bite+1","Bite+1","Bite+1","Twin Strike+1","Blood for Blood+1","Inflame+1","Clothesline+1","Exhume","Necronomicurse","Double Tap+1","Sword Boomerang+1","Battle Trance","Whirlwind+1","Heavy Blade+1","Madness","Madness","Dropkick+1","Heavy Blade+1"],"special_seed":0,"relics":["Burning Blood","Regal Pillow","Bag of Marbles","Mark of Pain","Magic Flower","Molten Egg 2","Orichalcum","Boot","Calipers","Necronomicon","Sozu","Kunai","Red Mask","Bag of Preparation","Letter Opener"],"potions_floor_usage":[],"damage_taken":[{"damage":5.0,"enemies":"Jaw Worm","floor":1.0,"turns":8.0},{"damage":7.0,"enemies":"Small Slimes","floor":2.0,"turns":5.0},{"damage":0.0,"enemies":"Cultist","floor":4.0,"turns":4.0},{"damage":2.0,"enemies":"3 Louse","floor":7.0,"turns":3.0},{"damage":26.0,"enemies":"Gremlin Nob","floor":8.0,"turns":4.0},{"damage":2.0,"enemies":"Large Slime","floor":12.0,"turns":5.0},{"damage":4.0,"enemies":"Blue Slaver","floor":14.0,"turns":4.0},{"damage":51.0,"enemies":"The Guardian","floor":16.0,"turns":12.0},{"damage":6.0,"enemies":"2 Thieves","floor":18.0,"turns":1.0},{"damage":28.0,"enemies":"Colosseum Slavers","floor":19.0,"turns":7.0},{"damage":20.0,"enemies":"Colosseum Nobs","floor":19.0,"turns":4.0},{"damage":2.0,"enemies":"3 Byrds","floor":22.0,"turns":3.0},{"damage":11.0,"enemies":"Centurion and Healer","floor":24.0,"turns":4.0},{"damage":24.0,"enemies":"Chosen and Byrds","floor":25.0,"turns":6.0},{"damage":7.0,"enemies":"3 Cultists","floor":28.0,"turns":3.0},{"damage":20.0,"enemies":"Book of Stabbing","floor":30.0,"turns":3.0},{"damage":40.0,"enemies":"Champ","floor":33.0,"turns":8.0},{"damage":16.0,"enemies":"3 Shapes","floor":35.0,"turns":2.0},{"damage":2.0,"enemies":"Orb Walker","floor":36.0,"turns":2.0},{"damage":0.0,"enemies":"Jaw Worm Horde","floor":38.0,"turns":1.0},{"damage":25.0,"enemies":"Nemesis","floor":40.0,"turns":5.0},{"damage":41.0,"enemies":"4 Shapes","floor":45.0,"turns":5.0},{"damage":11.0,"enemies":"Giant Head","floor":46.0,"turns":5.0},{"damage":0.0,"enemies":"Spire Growth","floor":48.0,"turns":2.0},{"damage":58,"enemies":"Time Eater","floor":50,"turns":3}],"seed_played":"4236093295861331161","potions_obtained":[{"floor":4.0,"key":"SpeedPotion"},{"floor":7.0,"key":"Poison Potion"},{"floor":8.0,"key":"Regen Potion"},{"floor":14.0,"key":"SteroidPotion"},{"floor":19.0,"key":"EssenceOfSteel"},{"floor":24.0,"key":"Regen Potion"}],"is_trial":false,"path_per_floor":["M","M","$","M","?","R","M","E","T","R","$","M","R","M","R","B",null,"M","?","?","?","M","R","M","M","T","R","M","R","E","?","R","B",null,"M","M","$","M","?","E","R","?","T","?","M","E","$","M","R","B"],"character_chosen":"IRONCLAD","items_purchased":["Kunai","Whirlwind+1","Dropkick+1"],"campfire_rested":0,"item_purchase_floors":[37,37,47],"current_hp_per_floor":[69,68,68,74,67,67,71,51,51,51,51,55,55,57,57,24,62,62,26,26,26,43,43,52,48,48,48,52,52,52,31,31,30,47,52,52,52,52,52,51,51,42,42,42,25,52,52,52,52,0],"gold":24,"neow_bonus":"TRANSFORM_TWO_CARDS","is_prod":false,"is_daily":false,"chose_seed":false,"campfire_upgraded":9,"win_rate":0,"timestamp":1553669004,"path_taken":["M","M","$","M","?","R","M","E","T","R","$","M","R","M","R","BOSS","M","?","?","?","?","R","M","M","T","R","?","R","E","?","R","BOSS","M","M","$","M","?","E","R","?","T","?","M","E","$","M","R","BOSS"],"build_version":"2019-03-15","purchased_purges":1,"victory":false,"max_hp_per_floor":[75,75,75,75,75,75,75,75,75,75,75,75,75,75,75,75,75,75,75,75,52,52,52,52,52,52,52,52,52,52,52,52,52,52,52,52,52,52,52,52,52,52,52,52,52,52,52,52,52,52],"card_choices":[{"not_picked":["Anger","True Grit"],"picked":"Whirlwind","floor":1.0},{"not_picked":["Sword Boomerang","Twin Strike"],"picked":"Shockwave","floor":2.0},{"not_picked":["Body Slam","Sword Boomerang"],"picked":"Ghostly Armor","floor":4.0},{"not_picked":["Perfected Strike","Sword Boomerang"],"picked":"Inflame","floor":7.0},{"not_picked":["Iron Wave","Cleave"],"picked":"Inflame","floor":8.0},{"not_picked":["Bloodletting","Searing Blow","Havoc"],"picked":"SKIP","floor":12.0},{"not_picked":["Havoc","Body Slam"],"picked":"Brutality","floor":14.0},{"not_picked":["Brutality","Berserk"],"picked":"Offering","floor":16.0},{"not_picked":["Thunderclap","Wild Strike"],"picked":"Ghostly Armor","floor":18.0},{"not_picked":["Seeing Red","Cleave"],"picked":"Blood for Blood","floor":19.0},{"not_picked":["Cleave+1","Warcry"],"picked":"Twin Strike+1","floor":22.0},{"not_picked":["Warcry","Sentinel"],"picked":"Blood for Blood+1","floor":24.0},{"not_picked":["Anger+1","Headbutt+1"],"picked":"Inflame","floor":25.0},{"not_picked":["Anger+1","Twin Strike+1"],"picked":"Clothesline+1","floor":28.0},{"not_picked":["Seeing Red","Intimidate"],"picked":"Exhume","floor":30.0},{"not_picked":["Exhume","Offering"],"picked":"Double Tap","floor":33.0},{"not_picked":["Carnage+1","Headbutt+1"],"picked":"Sword Boomerang+1","floor":35.0},{"not_picked":["Feel No Pain","Clash+1"],"picked":"Battle Trance","floor":36.0},{"not_picked":["Headbutt+1","Wild Strike+1","Anger+1"],"picked":"SKIP","floor":38.0},{"not_picked":["Juggernaut","Infernal Blade"],"picked":"Heavy Blade+1","floor":40.0},{"not_picked":["Carnage+1","Cleave+1","Sword Boomerang+1"],"picked":"SKIP","floor":45.0},{"not_picked":["Clothesline+1","Headbutt+1","Intimidate+1"],"picked":"SKIP","floor":46.0},{"not_picked":["Thunderclap+1","Uppercut+1"],"picked":"Heavy Blade+1","floor":48.0}],"player_experience":2743181,"relics_obtained":[{"floor":8.0,"key":"Regal Pillow"},{"floor":9.0,"key":"Bag of Marbles"},{"floor":19.0,"key":"Magic Flower"},{"floor":19.0,"key":"Molten Egg 2"},{"floor":26.0,"key":"Boot"},{"floor":30.0,"key":"Calipers"},{"floor":31.0,"key":"Necronomicon"},{"floor":40.0,"key":"Bag of Preparation"},{"floor":46.0,"key":"Letter Opener"}],"event_choices":[{"cards_removed":["Strike_R"],"damage_healed":0.0,"max_hp_gain":0.0,"max_hp_loss":0.0,"gold_gain":0.0,"event_name":"Golden Wing","player_choice":"Card Removal","floor":5.0,"gold_loss":0.0,"damage_taken":7.0},{"damage_healed":0.0,"max_hp_gain":0.0,"max_hp_loss":0.0,"gold_gain":0.0,"event_name":"Colosseum","player_choice":"Fight","floor":19.0,"gold_loss":0.0,"damage_taken":0.0},{"damage_healed":0.0,"max_hp_gain":0.0,"max_hp_loss":0.0,"gold_gain":0.0,"event_name":"Colosseum","player_choice":"Fought Nobs","floor":19.0,"gold_loss":0.0,"damage_taken":0.0},{"damage_healed":0.0,"max_hp_gain":0.0,"max_hp_loss":0.0,"gold_gain":0.0,"event_name":"Addict","player_choice":"Obtained Relic","floor":20.0,"gold_loss":85.0,"damage_taken":0.0,"relics_obtained":["Orichalcum"]},{"damage_healed":0.0,"max_hp_gain":0.0,"max_hp_loss":23.0,"gold_gain":0.0,"event_name":"Vampires","player_choice":"Became a vampire","floor":21.0,"gold_loss":0.0,"damage_taken":0.0,"cards_obtained":["Bite","Bite","Bite","Bite","Bite"]},{"damage_healed":0.0,"max_hp_gain":0.0,"max_hp_loss":0.0,"gold_gain":0.0,"event_name":"Cursed Tome","player_choice":"Obtained Book","floor":31.0,"gold_loss":0.0,"damage_taken":21.0},{"damage_healed":0.0,"max_hp_gain":0.0,"max_hp_loss":0.0,"gold_gain":0.0,"event_name":"Tomb of Lord Red Mask","player_choice":"Paid","floor":39.0,"gold_loss":12.0,"damage_taken":0.0,"relics_obtained":["Red Mask"]},{"damage_healed":0.0,"max_hp_gain":0.0,"max_hp_loss":0.0,"gold_gain":0.0,"event_name":"Winding Halls","player_choice":"Embrace Madness","floor":42.0,"gold_loss":0.0,"damage_taken":9.0,"cards_obtained":["Madness","Madness"]},{"cards_removed":["Defend_R"],"damage_healed":0.0,"max_hp_gain":0.0,"max_hp_loss":0.0,"gold_gain":0.0,"event_name":"Falling","player_choice":"Removed Skill","floor":44.0,"gold_loss":0.0,"damage_taken":0.0}],"is_beta":true,"boss_relics":[{"not_picked":["Orrery","Tiny House"],"picked":"Mark of Pain"},{"not_picked":["Philosopher\u0027s Stone","Eternal Feather"],"picked":"Sozu"}],"items_purged_floors":[11],"is_endless":false,"potions_floor_spawned":[4,7,8,14,19,19,24,35,36,46],"killed_by":"Time Eater","ascension_level":17}