{"gold_per_floor":[116,127,127,52,63,90,90,117,140,178,190,202,295,325,337,424,436,458,470,492,24,24,24,24,24,50,65,82,23,48,48,48,120,120,134,134,234,248,267,297,314,343,369,369,40,40,40,60,60,60,60,60,18,46,46],"floor_reached":56,"playtime":6357,"items_purged":["Defend_G","Strike_G+1"],"score":2037,"play_id":"b6c950ad-722f-40ef-82fa-95d15fb0355a","local_time":"20190511004015","is_ascension_mode":true,"campfire_choices":[{"data":"Neutralize","floor":7.0,"key":"SMITH"},{"data":"Well Laid Plans","floor":11.0,"key":"SMITH"},{"data":"Bouncing Flask","floor":15.0,"key":"SMITH"},{"floor":23.0,"key":"REST"},{"floor":25.0,"key":"REST"},{"data":"Dagger Spray","floor":32.0,"key":"SMITH"},{"floor":44,"key":"REST"},{"floor":49,"key":"RECALL"},{"data":"After Image","floor":52,"key":"SMITH"}],"neow_cost":"NONE","seed_source_timestamp":1231896029431711,"circlet_count":0,"master_deck":["AscendersBane","Defend_G","Defend_G","Strike_G+1","Survivor","Dagger Spray+1","PiercingWail","Backstab","Bouncing Flask+1","Well Laid Plans+1","Backflip+1","Venomology+1","Blade Dance+1","Blade Dance+1","Concentrate+1","Blade Dance+1","Infinite Blades","After Image+1","Leg Sweep+1","Prepared+1","Infinite Blades","Deflect+1","Acrobatics+1","Blur+1","Writhe","Backflip+1","Expertise+1"],"special_seed":0,"relics":["Ring of the Snake","Whetstone","Potion Belt","Pen Nib","MawBank","Lantern","Toxic Egg 2","Empty Cage","Nunchaku","Kunai","PreservedInsect","Ancient Tea Set","WristBlade","Turnip","Du-Vu Doll","Bag of Marbles","Medical Kit","Torii"],"potions_floor_usage":[39,40,40,41,42,48,48,50,54,55,55,55,55],"damage_taken":[{"damage":4.0,"enemies":"Jaw Worm","floor":1.0,"turns":4.0},{"damage":0.0,"enemies":"Small Slimes","floor":2.0,"turns":3.0},{"damage":0.0,"enemies":"2 Louse","floor":5.0,"turns":2.0},{"damage":2.0,"enemies":"3 Sentries","floor":6.0,"turns":8.0},{"damage":7.0,"enemies":"Lagavulin","floor":8.0,"turns":5.0},{"damage":14.0,"enemies":"3 Sentries","floor":10.0,"turns":8.0},{"damage":0.0,"enemies":"Lots of Slimes","floor":14.0,"turns":1.0},{"damage":5.0,"enemies":"The Guardian","floor":16.0,"turns":10.0},{"damage":1.0,"enemies":"Shell Parasite","floor":18.0,"turns":5.0},{"damage":11.0,"enemies":"3 Byrds","floor":20.0,"turns":5.0},{"damage":0.0,"enemies":"3 Cultists","floor":27.0,"turns":4.0},{"damage":5.0,"enemies":"Centurion and Healer","floor":28.0,"turns":7.0},{"damage":0.0,"enemies":"Slavers","floor":30.0,"turns":4.0},{"damage":9.0,"enemies":"Champ","floor":33.0,"turns":19.0},{"damage":6.0,"enemies":"3 Shapes","floor":35.0,"turns":6.0},{"damage":14.0,"enemies":"Mind Bloom Boss Battle","floor":37.0,"turns":7.0},{"damage":0.0,"enemies":"Orb Walker","floor":38.0,"turns":1.0},{"damage":11,"enemies":"Writhing Mass","floor":39,"turns":9},{"damage":10,"enemies":"Reptomancer","floor":40,"turns":5},{"damage":0,"enemies":"4 Shapes","floor":41,"turns":7},{"damage":23,"enemies":"Nemesis","floor":42,"turns":5},{"damage":0,"enemies":"3 Darklings","floor":48,"turns":3},{"damage":23,"enemies":"Awakened One","floor":50,"turns":10},{"damage":10,"enemies":"Shield and Spear","floor":54,"turns":5},{"damage":1,"enemies":"The Heart","floor":55,"turns":9}],"seed_played":"-1330305260751622554","potions_obtained":[{"floor":2.0,"key":"Energy Potion"},{"floor":5.0,"key":"AttackPotion"},{"floor":8.0,"key":"Regen Potion"},{"floor":18.0,"key":"Dexterity Potion"},{"floor":33.0,"key":"PowerPotion"},{"floor":38.0,"key":"Fire Potion"},{"floor":41,"key":"Weak Potion"}],"is_trial":false,"path_per_floor":["M","M","?","?","M","E","R","E","T","E","R","?","T","M","R","B",null,"M","$","M","$","?","R","T","R","T","M","M","$","E","?","R","B",null,"M","?","?","M","M","E","M","E","T","R","$","?","?","M","R","B",null,"R","$","E","B",null],"character_chosen":"THE_SILENT","items_purchased":["Nunchaku","Blade Dance+1","Blade Dance+1","Medical Kit","Expertise+1"],"campfire_rested":3,"item_purchase_floors":[21,21,29,45,53],"current_hp_per_floor":[55,55,48,48,48,46,46,39,39,40,40,40,40,40,40,35,58,57,57,46,46,28,49,49,70,70,70,65,65,65,65,65,56,67,61,61,47,47,36,26,26,3,3,24,24,24,38,38,38,30,61,61,61,51,50],"gold":46,"neow_bonus":"RANDOM_COMMON_RELIC","is_prod":false,"is_daily":false,"chose_seed":false,"campfire_upgraded":5,"win_rate":0,"timestamp":1557502815,"path_taken":["M","M","?","?","M","E","R","E","T","E","R","?","?","M","R","BOSS","M","$","?","$","?","R","?","R","T","?","M","?","E","?","R","BOSS","M","?","?","M","M","E","M","E","T","R","$","?","?","M","R","BOSS","R","$","E","BOSS"],"build_version":"2019-05-07","purchased_purges":2,"victory":true,"max_hp_per_floor":[66,66,66,66,66,66,66,66,66,66,66,66,66,66,66,66,66,66,66,66,66,71,71,71,71,71,71,71,71,71,71,71,71,71,71,71,71,71,71,71,71,71,71,71,71,71,71,71,71,71,71,71,71,71,71],"card_choices":[{"not_picked":["Poisoned Stab","Endless Agony"],"picked":"Dagger Spray","floor":1.0},{"not_picked":["Dagger Spray","Dash"],"picked":"PiercingWail","floor":2.0},{"not_picked":["Blade Dance","Expertise"],"picked":"Backstab","floor":5.0},{"not_picked":["Quick Slash","Poisoned Stab"],"picked":"Bouncing Flask","floor":6.0},{"not_picked":["Quick Slash","Accuracy"],"picked":"Well Laid Plans","floor":8.0},{"not_picked":["Blade Dance","Sucker Punch","Bane"],"picked":"SKIP","floor":10.0},{"not_picked":["Heel Hook","Reflex+1"],"picked":"Backflip+1","floor":14.0},{"not_picked":["Unload","Wraith Form v2"],"picked":"Venomology+1","floor":16.0},{"not_picked":["Sucker Punch","Slice","Dagger Throw"],"picked":"SKIP","floor":18.0},{"not_picked":["Tactician+1","Dodge and Roll+1"],"picked":"Blade Dance+1","floor":20.0},{"not_picked":["Tactician+1","Deadly Poison+1"],"picked":"Concentrate+1","floor":27.0},{"not_picked":["Slice","Sucker Punch","Flying Knee"],"picked":"SKIP","floor":28.0},{"not_picked":["Prepared+1","Glass Knife"],"picked":"Infinite Blades","floor":30.0},{"not_picked":["Unload","Phantasmal Killer+1"],"picked":"After Image","floor":33.0},{"not_picked":["Bane","Leg Sweep+1","Dagger Throw"],"picked":"SKIP","floor":35.0},{"not_picked":["Bane","Dagger Throw"],"picked":"Leg Sweep+1","floor":35.0},{"not_picked":["Deflect+1","Dagger Spray+1"],"picked":"Prepared+1","floor":37.0},{"not_picked":["Underhanded Strike","Accuracy+1"],"picked":"Infinite Blades","floor":38.0},{"not_picked":["Heel Hook","Quick Slash+1","Masterful Stab"],"picked":"SKIP","floor":39},{"not_picked":["Outmaneuver+1","Quick Slash"],"picked":"Deflect+1","floor":40},{"not_picked":["Backflip+1","Dagger Throw"],"picked":"Acrobatics+1","floor":41},{"not_picked":["Dagger Spray","Catalyst+1"],"picked":"Blur+1","floor":42},{"not_picked":["PiercingWail+1","Underhanded Strike"],"picked":"Backflip+1","floor":48},{"not_picked":["Grand Finale","Die Die Die","Bane"],"picked":"SKIP","floor":54}],"player_experience":3194586,"relics_obtained":[{"floor":6.0,"key":"Potion Belt"},{"floor":8.0,"key":"Pen Nib"},{"floor":9.0,"key":"MawBank"},{"floor":10.0,"key":"Lantern"},{"floor":13.0,"key":"Toxic Egg 2"},{"floor":24.0,"key":"Kunai"},{"floor":26.0,"key":"PreservedInsect"},{"floor":30.0,"key":"Ancient Tea Set"},{"floor":37.0,"key":"Turnip"},{"floor":40,"key":"Du-Vu Doll"},{"floor":42,"key":"Bag of Marbles"},{"floor":54,"key":"Torii"}],"event_choices":[{"cards_removed":["Strike_G"],"damage_healed":0.0,"max_hp_gain":0.0,"max_hp_loss":0.0,"gold_gain":0.0,"event_name":"Golden Wing","player_choice":"Card Removal","floor":3.0,"gold_loss":0.0,"damage_taken":7.0},{"cards_removed":["Strike_G"],"damage_healed":0.0,"max_hp_gain":0.0,"max_hp_loss":0.0,"gold_gain":0.0,"event_name":"The Cleric","player_choice":"Card Removal","floor":4.0,"gold_loss":75.0,"damage_taken":0.0},{"cards_removed":["Strike_G"],"damage_healed":0.0,"max_hp_gain":0.0,"max_hp_loss":0.0,"gold_gain":0.0,"event_name":"Living Wall","player_choice":"Forget","floor":12.0,"gold_loss":0.0,"damage_taken":0.0},{"damage_healed":0.0,"max_hp_gain":5.0,"max_hp_loss":0.0,"gold_gain":0.0,"event_name":"Forgotten Altar","player_choice":"Shed Blood","floor":22.0,"gold_loss":0.0,"damage_taken":23.0},{"damage_healed":0.0,"max_hp_gain":0.0,"max_hp_loss":0.0,"gold_gain":0.0,"event_name":"Cursed Tome","player_choice":"Ignored","floor":31.0,"gold_loss":0.0,"damage_taken":0.0},{"cards_removed":["Neutralize"],"damage_healed":0.0,"max_hp_gain":0.0,"max_hp_loss":0.0,"gold_gain":0.0,"event_name":"Falling","player_choice":"Removed Attack","floor":36.0,"gold_loss":0.0,"damage_taken":0.0},{"damage_healed":0.0,"max_hp_gain":0.0,"max_hp_loss":0.0,"gold_gain":0.0,"event_name":"MindBloom","player_choice":"Fight","floor":37.0,"gold_loss":0.0,"damage_taken":0.0},{"damage_healed":0,"gold_gain":0,"player_choice":"Memory 1","damage_taken":0,"max_hp_gain":0,"max_hp_loss":0,"event_name":"SensoryStone","floor":46,"gold_loss":0},{"damage_healed":14,"gold_gain":0,"player_choice":"Writhe","damage_taken":0,"max_hp_gain":0,"max_hp_loss":0,"event_name":"Winding Halls","floor":47,"gold_loss":0,"cards_obtained":["Writhe"]}],"is_beta":true,"boss_relics":[{"not_picked":["Busted Crown","Black Star"],"picked":"Empty Cage"},{"not_picked":["Orrery","White Beast Statue"],"picked":"WristBlade"}],"items_purged_floors":[21,45],"is_endless":false,"potions_floor_spawned":[2,5,8,18,33,38,39,41],"ascension_level":17}