{"gold_per_floor":[117,134,134,134,7,7,39,50,50,50,69,97,115,129,129,203,203,223,223,63,63,63,63,94,94,117,129,129,161,141,166,166,245,245,258,272,61,61,61,61,78,90,90,90],"floor_reached":44,"playtime":2625,"items_purged":["Writhe","Strike_G+1"],"score":951,"play_id":"a6a6c654-95f0-4d83-b84d-8bf182346ea6","local_time":"20190602145526","is_ascension_mode":true,"campfire_choices":[{"data":"Noxious Fumes","floor":6,"key":"SMITH"},{"data":"Noxious Fumes","floor":10,"key":"SMITH"},{"data":"Cloak And Dagger","floor":15,"key":"SMITH"},{"data":"Blade Dance","floor":23,"key":"SMITH"},{"data":"Skewer","floor":28,"key":"SMITH"},{"floor":32,"key":"REST"},{"data":"Envenom","floor":40,"key":"SMITH"}],"neow_cost":"NONE","seed_source_timestamp":585602149287179,"circlet_count":0,"master_deck":["AscendersBane","Defend_G","Defend_G","Defend_G","Defend_G","Defend_G","Survivor","Neutralize","Blade Dance+1","Dagger Spray+1","Leg Sweep","Noxious Fumes+1","Blur","PiercingWail","Noxious Fumes+1","Skewer+1","Cloak And Dagger+1","Blur","All Out Attack+1","Die Die Die+1","Backstab+1","Calculated Gamble","Backflip","Deflect","Night Terror","Blur","Envenom+1","Skewer+1"],"relics":["Ring of the Snake","NeowsBlessing","Ninja Scroll","Ornamental Fan","Odd Mushroom","Astrolabe","Bird Faced Urn","Bag of Preparation","Smiling Mask","Darkstone Periapt","Snake Skull","Runic Pyramid","Blue Candle"],"potions_floor_usage":[27,33,33,35,41,44],"damage_taken":[{"damage":0,"enemies":"Cultist","floor":1,"turns":1},{"damage":0,"enemies":"2 Louse","floor":2,"turns":1},{"damage":0,"enemies":"Lagavulin","floor":7,"turns":1},{"damage":0,"enemies":"Small Slimes","floor":8,"turns":4},{"damage":0,"enemies":"Looter","floor":11,"turns":3},{"damage":1,"enemies":"The Mushroom Lair","floor":12,"turns":2},{"damage":2,"enemies":"Exordium Thugs","floor":13,"turns":5},{"damage":0,"enemies":"2 Fungi Beasts","floor":14,"turns":4},{"damage":16,"enemies":"The Guardian","floor":16,"turns":11},{"damage":4,"enemies":"2 Thieves","floor":18,"turns":3},{"damage":0,"enemies":"Slavers","floor":24,"turns":4},{"damage":0,"enemies":"Spheric Guardian","floor":27,"turns":3},{"damage":37,"enemies":"Book of Stabbing","floor":29,"turns":8},{"damage":17,"enemies":"Slavers","floor":31,"turns":6},{"damage":25,"enemies":"Automaton","floor":33,"turns":12},{"damage":1,"enemies":"Orb Walker","floor":35,"turns":4},{"damage":9,"enemies":"3 Darklings","floor":36,"turns":4},{"damage":12,"enemies":"Maw","floor":41,"turns":8},{"damage":4,"enemies":"Jaw Worm Horde","floor":42,"turns":4},{"damage":60,"enemies":"Spire Growth","floor":44,"turns":5}],"seed_played":"-4968159670091135983","potions_obtained":[{"floor":2,"key":"FearPotion"},{"floor":8,"key":"PowerPotion"},{"floor":29,"key":"AttackPotion"},{"floor":30,"key":"SpeedPotion"},{"floor":33,"key":"Fruit Juice"},{"floor":35,"key":"Fruit Juice"},{"floor":36,"key":"Energy Potion"},{"floor":42,"key":"AttackPotion"}],"is_trial":false,"path_per_floor":["M","M","?","?","$","R","E","M","T","R","M","?","M","M","R","B",null,"M","?","$","$","?","R","E","?","T","M","R","E","?","E","R","B",null,"M","M","$","?","$","R","M","M","T","M"],"character_chosen":"THE_SILENT","items_purchased":["Noxious Fumes","Blur","Calculated Gamble","Envenom"],"campfire_rested":1,"item_purchase_floors":[5,5,20,37],"current_hp_per_floor":[59,59,59,39,39,39,39,39,39,39,39,38,36,36,36,20,55,51,51,51,51,51,51,53,53,53,55,55,22,22,7,26,10,56,64,57,57,57,57,57,51,49,49,0],"gold":90,"neow_bonus":"THREE_ENEMY_KILL","is_prod":false,"is_daily":false,"chose_seed":false,"campfire_upgraded":6,"win_rate":0,"timestamp":1559480126,"path_taken":["M","?","?","?","$","R","E","M","T","R","M","?","M","M","R","BOSS","M","?","?","$","?","R","E","?","T","?","R","E","?","E","R","BOSS","M","M","$","?","$","R","M","M","T","M"],"build_version":"2019-01-23","purchased_purges":2,"victory":false,"max_hp_per_floor":[66,66,66,66,66,66,66,66,66,66,66,66,66,66,66,66,66,66,66,66,66,66,66,66,66,66,66,66,66,66,66,66,71,71,76,76,76,76,76,76,76,76,76,76],"card_choices":[{"not_picked":["Outmaneuver","Underhanded Strike"],"picked":"Blade Dance","floor":1},{"not_picked":["Slice","Catalyst"],"picked":"Dagger Spray","floor":2},{"not_picked":["Catalyst","Flying Knee"],"picked":"PiercingWail","floor":7},{"not_picked":["Leg Sweep","Distraction"],"picked":"Noxious Fumes","floor":8},{"not_picked":["Deadly Poison","Quick Slash"],"picked":"Skewer","floor":11},{"not_picked":["Unload","Acrobatics"],"picked":"Cloak And Dagger","floor":13},{"not_picked":["Dodge and Roll","Acrobatics"],"picked":"Blur","floor":14},{"not_picked":["Blade Dance","Bane","Dagger Spray"],"picked":"SKIP","floor":18},{"not_picked":["Dagger Spray","Blade Dance","Outmaneuver"],"picked":"SKIP","floor":24},{"not_picked":["Riddle With Holes","Tools of the Trade"],"picked":"Backflip","floor":27},{"not_picked":["Bane+1","Prepared"],"picked":"Deflect","floor":29},{"not_picked":["Backflip","Blade Dance","Cloak And Dagger"],"picked":"SKIP","floor":31},{"not_picked":["Die Die Die","Storm of Steel"],"picked":"Night Terror","floor":33},{"not_picked":["Outmaneuver","Sucker Punch"],"picked":"Blur","floor":35},{"not_picked":["Bane","Outmaneuver","Poisoned Stab"],"picked":"SKIP","floor":36},{"not_picked":["Blade Dance","Deadly Poison","Underhanded Strike+1"],"picked":"SKIP","floor":41},{"not_picked":["Dagger Spray","Setup","Caltrops"],"picked":"SKIP","floor":42}],"player_experience":653774,"relics_obtained":[{"floor":7,"key":"Ninja Scroll"},{"floor":9,"key":"Ornamental Fan"},{"floor":12,"key":"Odd Mushroom"},{"floor":24,"key":"Bag of Preparation"},{"floor":26,"key":"Smiling Mask"},{"floor":29,"key":"Darkstone Periapt"},{"floor":31,"key":"Snake Skull"},{"floor":43,"key":"Blue Candle"}],"event_choices":[{"damage_healed":0,"gold_gain":0,"cards_transformed":["Strike_G"],"player_choice":"Change","damage_taken":0,"max_hp_gain":0,"max_hp_loss":0,"event_name":"Living Wall","floor":3,"gold_loss":0,"cards_obtained":["Leg Sweep"]},{"damage_healed":0,"gold_gain":0,"player_choice":"Entered Light","damage_taken":20,"max_hp_gain":0,"max_hp_loss":0,"event_name":"Shining Light","floor":4,"gold_loss":0,"cards_upgraded":["Strike_G","Dagger Spray"]},{"damage_healed":0,"gold_gain":0,"player_choice":"Fought Mushrooms","damage_taken":0,"max_hp_gain":0,"max_hp_loss":0,"event_name":"Mushrooms","floor":12,"gold_loss":0},{"damage_healed":0,"gold_gain":0,"player_choice":"Opened","damage_taken":0,"relics_obtained":["Bird Faced Urn"],"max_hp_gain":0,"max_hp_loss":0,"event_name":"The Mausoleum","floor":19,"gold_loss":0,"cards_obtained":["Writhe"]},{"damage_healed":0,"gold_gain":0,"player_choice":"Ignored","damage_taken":0,"max_hp_gain":0,"max_hp_loss":0,"event_name":"Vampires","floor":22,"gold_loss":0},{"damage_healed":0,"gold_gain":0,"player_choice":"Ignored","damage_taken":0,"max_hp_gain":0,"max_hp_loss":0,"event_name":"N\u0027loth","floor":25,"gold_loss":0},{"damage_healed":0,"gold_gain":0,"player_choice":"Bought 1 Potion","damage_taken":0,"max_hp_gain":0,"max_hp_loss":0,"event_name":"The Woman in Blue","floor":30,"gold_loss":0},{"damage_healed":0,"gold_gain":0,"player_choice":"Copied","damage_taken":0,"max_hp_gain":0,"max_hp_loss":0,"event_name":"Duplicator","floor":38,"gold_loss":0,"cards_obtained":["Skewer"]}],"is_beta":false,"boss_relics":[{"not_picked":["Snecko Eye","Fusion Hammer"],"picked":"Astrolabe"},{"not_picked":["Philosopher\u0027s Stone","Runic Dome"],"picked":"Runic Pyramid"}],"items_purged_floors":[20,37],"is_endless":false,"potions_floor_spawned":[2,8,13,14,24,29,33,35,36,42],"killed_by":"Spire Growth","ascension_level":17}