{"gold_per_floor":[114,128,93,105,37,37,69,69,69,69,69,69,69,69,69,190,190,209,230,230,246,246,246],"floor_reached":23,"playtime":963,"items_purged":[],"score":299,"play_id":"d259d064-4d3e-4236-8d33-d1dceb42868b","local_time":"20190504150418","is_ascension_mode":true,"campfire_choices":[{"data":"Finisher","floor":6,"key":"SMITH"},{"data":"Noxious Fumes","floor":8,"key":"SMITH"},{"data":"Neutralize","floor":10,"key":"SMITH"},{"data":"Blur","floor":12,"key":"SMITH"},{"floor":15,"key":"REST"}],"neow_cost":"NONE","seed_source_timestamp":673735078008363,"circlet_count":0,"master_deck":["AscendersBane","Defend_G+1","Defend_G+1","Defend_G+1","Defend_G+1","Defend_G+1","Strike_G+1","Strike_G+1","Strike_G+1","Strike_G+1","Survivor","Neutralize+1","Blur+1","Finisher+1","Well Laid Plans","Noxious Fumes+1","Dagger Spray","Bane","Deadly Poison","Deflect+1"],"relics":["Ring of the Snake","Gambling Chip","Question Card","Golden Idol","Fusion Hammer"],"potions_floor_usage":[4,19,23],"damage_taken":[{"damage":0,"enemies":"2 Louse","floor":1,"turns":3},{"damage":1,"enemies":"Small Slimes","floor":2,"turns":4},{"damage":0,"enemies":"Cultist","floor":4,"turns":5},{"damage":36,"enemies":"3 Sentries","floor":7,"turns":17},{"damage":16,"enemies":"The Guardian","floor":16,"turns":13},{"damage":24,"enemies":"Chosen","floor":18,"turns":7},{"damage":10,"enemies":"2 Thieves","floor":19,"turns":4},{"damage":17,"enemies":"Shelled Parasite and Fungi","floor":21,"turns":7},{"damage":16,"enemies":"Book of Stabbing","floor":23,"turns":5}],"seed_played":"3533848709995070731","potions_obtained":[{"floor":2,"key":"AttackPotion"},{"floor":16,"key":"Explosive Potion"},{"floor":18,"key":"GamblersBrew"},{"floor":19,"key":"Swift Potion"}],"is_trial":false,"path_per_floor":["M","M","?","M","$","R","E","R","T","R","?","R","?","$","R","B",null,"M","M","?","M","?","E"],"character_chosen":"THE_SILENT","items_purchased":["Well Laid Plans"],"campfire_rested":1,"item_purchase_floors":[5],"current_hp_per_floor":[70,69,77,77,77,77,41,41,41,41,41,41,41,41,62,46,65,41,31,31,14,14,0],"gold":246,"neow_bonus":"TEN_PERCENT_HP_BONUS","is_prod":false,"is_daily":false,"chose_seed":false,"campfire_upgraded":4,"win_rate":0,"timestamp":1556975058,"path_taken":["M","M","?","M","$","R","E","R","T","R","?","R","?","$","R","BOSS","M","M","?","?","?","E"],"build_version":"2019-01-23","purchased_purges":0,"victory":false,"max_hp_per_floor":[77,77,77,77,77,77,77,77,77,77,77,77,71,71,71,71,71,71,71,71,71,71,71],"card_choices":[{"not_picked":["Slice","Sucker Punch"],"picked":"Blur","floor":1},{"not_picked":["Flying Knee","Blade Dance","Underhanded Strike"],"picked":"SKIP","floor":2},{"not_picked":["Deflect","Dagger Throw"],"picked":"Finisher","floor":4},{"not_picked":["Backstab","Dodge and Roll"],"picked":"Noxious Fumes","floor":7},{"not_picked":["Endless Agony","Deadly Poison","Setup"],"picked":"Dagger Spray","floor":18},{"not_picked":["Endless Agony","Sucker Punch","Acrobatics"],"picked":"Bane","floor":19},{"not_picked":["Calculated Gamble+1","Riddle With Holes","Quick Slash"],"picked":"Deflect+1","floor":21}],"player_experience":537889,"relics_obtained":[{"floor":7,"key":"Gambling Chip"},{"floor":9,"key":"Question Card"}],"event_choices":[{"damage_healed":19,"gold_gain":0,"player_choice":"Healed","damage_taken":0,"max_hp_gain":0,"max_hp_loss":0,"event_name":"The Cleric","floor":3,"gold_loss":35},{"cards_removed":["Strike_G"],"damage_healed":0,"gold_gain":0,"player_choice":"Forget","damage_taken":0,"max_hp_gain":0,"max_hp_loss":0,"event_name":"Living Wall","floor":11,"gold_loss":0},{"damage_healed":0,"gold_gain":0,"player_choice":"Lose Max HP","damage_taken":0,"relics_obtained":["Golden Idol"],"max_hp_gain":0,"max_hp_loss":6,"event_name":"Golden Idol","floor":13,"gold_loss":0},{"damage_healed":0,"gold_gain":0,"player_choice":"1 cards matched","damage_taken":0,"max_hp_gain":0,"max_hp_loss":0,"event_name":"Match and Keep!","floor":20,"gold_loss":0,"cards_obtained":["Deadly Poison"]},{"damage_healed":0,"gold_gain":0,"player_choice":"Simplicity","damage_taken":0,"max_hp_gain":0,"max_hp_loss":0,"event_name":"Back to Basics","floor":22,"gold_loss":0,"cards_upgraded":["Defend_G","Defend_G","Defend_G","Defend_G","Defend_G","Strike_G","Strike_G","Strike_G","Strike_G"]}],"is_beta":false,"boss_relics":[{"not_picked":["Runic Pyramid","Tiny House"],"picked":"Fusion Hammer"}],"items_purged_floors":[],"is_endless":false,"potions_floor_spawned":[2,16,18,19],"killed_by":"Book of Stabbing","ascension_level":12}