{"gold_per_floor":[112,112,127,127,142,142,160,160,184,184,203,227,242,120,120,250,250,265,265,175,190,214,214,238,238,238,311,311,61,84,108,108,108],"floor_reached":33,"playtime":1711,"items_purged":["Strike_B","Clumsy"],"score":378,"play_id":"fb62be88-7f1a-4dec-9bd5-edeb61dc6579","local_time":"20190119165649","is_ascension_mode":true,"campfire_choices":[{"data":"Chaos","floor":6,"key":"SMITH"},{"data":"Darkness","floor":8,"key":"SMITH"},{"data":"Zap","floor":10,"key":"SMITH"},{"data":"Streamline","floor":15,"key":"SMITH"},{"data":"Seek","floor":23,"key":"SMITH"},{"data":"Consume","floor":25,"key":"SMITH"},{"floor":32,"key":"REST"}],"neow_cost":"NONE","seed_source_timestamp":784214754281417,"circlet_count":0,"master_deck":["Strike_B","Defend_B+1","Defend_B","Defend_B","Defend_B","Zap+1","Dualcast+1","Chaos+1","Sweeping Beam","Darkness+1","Streamline+1","Cold Snap","Undo","Leap+1","Coolheaded","Seek+1","Redo+1","Tempest+1","Consume+1","Chaos+1","Lockon"],"relics":["Cracked Core","Golden Idol","War Paint","Cursed Key","Pen Nib","Tiny Chest","Oddly Smooth Stone"],"potions_floor_usage":[16,16,18,24],"damage_taken":[{"damage":3,"enemies":"Jaw Worm","floor":1,"turns":4},{"damage":1,"enemies":"Cultist","floor":3,"turns":3},{"damage":11,"enemies":"Small Slimes","floor":5,"turns":4},{"damage":0,"enemies":"Exordium Thugs","floor":7,"turns":4},{"damage":1,"enemies":"Looter","floor":11,"turns":2},{"damage":0,"enemies":"Exordium Wildlife","floor":12,"turns":4},{"damage":1,"enemies":"Exordium Thugs","floor":13,"turns":4},{"damage":20,"enemies":"Slime Boss","floor":16,"turns":9},{"damage":2,"enemies":"3 Byrds","floor":18,"turns":2},{"damage":0,"enemies":"Spheric Guardian","floor":21,"turns":4},{"damage":0,"enemies":"Snake Plant","floor":22,"turns":2},{"damage":0,"enemies":"Snecko","floor":24,"turns":4},{"damage":4,"enemies":"Book of Stabbing","floor":27,"turns":6},{"damage":12,"enemies":"Shelled Parasite and Fungi","floor":30,"turns":6},{"damage":4,"enemies":"Centurion and Healer","floor":31,"turns":3},{"damage":63,"enemies":"Champ","floor":33,"turns":12}],"seed_played":"-7906047074015065088","potions_obtained":[{"floor":1,"key":"Dexterity Potion"},{"floor":3,"key":"Dexterity Potion"},{"floor":5,"key":"Ancient Potion"},{"floor":16,"key":"LiquidBronze"},{"floor":18,"key":"Ancient Potion"},{"floor":22,"key":"AttackPotion"}],"is_trial":false,"path_per_floor":["M","?","M","?","M","R","M","R","T","R","M","M","M","$","R","B",null,"M","?","?","M","M","R","M","R","T","E","?","$","M","M","R","B"],"character_chosen":"DEFECT","items_purchased":["Coolheaded","Oddly Smooth Stone"],"campfire_rested":1,"item_purchase_floors":[14,29],"current_hp_per_floor":[65,65,64,46,35,35,35,35,35,35,34,34,33,33,33,13,60,58,58,58,58,58,58,58,58,58,54,54,54,42,38,60,0],"gold":108,"neow_bonus":"REMOVE_CARD","is_prod":false,"is_daily":false,"chose_seed":false,"campfire_upgraded":6,"win_rate":0,"timestamp":1547884609,"path_taken":["M","?","?","?","M","R","M","R","T","R","M","M","M","?","R","BOSS","M","?","?","M","M","R","?","R","T","E","?","$","?","M","R","BOSS"],"build_version":"2019-01-17v2","purchased_purges":2,"victory":false,"max_hp_per_floor":[75,75,75,75,75,75,75,75,75,75,75,75,75,75,75,75,75,75,75,75,75,75,75,75,75,75,75,75,75,75,75,75,75],"card_choices":[{"not_picked":["Skim","Beam Cell"],"picked":"Chaos","floor":1},{"not_picked":["Turbo","Go for the Eyes"],"picked":"Sweeping Beam","floor":3},{"not_picked":["Recycle","Undo"],"picked":"Darkness","floor":5},{"not_picked":["Beam Cell","Turbo"],"picked":"Streamline","floor":7},{"not_picked":["Sweeping Beam","Beam Cell"],"picked":"Cold Snap","floor":11},{"not_picked":["Barrage","Ball Lightning"],"picked":"Undo","floor":12},{"not_picked":["Gash","Capacitor"],"picked":"Leap","floor":13},{"not_picked":["Hyperbeam","Multi-Cast"],"picked":"Seek","floor":16},{"not_picked":["Steam","Gash","Go for the Eyes"],"picked":"SKIP","floor":18},{"not_picked":["Redo","Force Field"],"picked":"Tempest+1","floor":21},{"not_picked":["Cold Snap","Static Discharge+1"],"picked":"Consume","floor":22},{"not_picked":["Gash","Barrage","Steam Power+1"],"picked":"SKIP","floor":24},{"not_picked":["Rainbow","Streamline"],"picked":"Chaos+1","floor":27},{"not_picked":["Ball Lightning","Leap+1"],"picked":"Lockon","floor":30},{"not_picked":["Beam Cell","Aggregate","Stack"],"picked":"SKIP","floor":31}],"player_experience":409709,"relics_obtained":[{"floor":9,"key":"War Paint"},{"floor":26,"key":"Pen Nib"},{"floor":27,"key":"Tiny Chest"}],"event_choices":[{"damage_healed":0,"gold_gain":0,"player_choice":"0 cards matched","damage_taken":0,"max_hp_gain":0,"max_hp_loss":0,"event_name":"Match and Keep!","floor":2,"gold_loss":0,"cards_obtained":[]},{"damage_healed":0,"gold_gain":0,"player_choice":"Take Damage","damage_taken":18,"relics_obtained":["Golden Idol"],"max_hp_gain":0,"max_hp_loss":0,"event_name":"Golden Idol","floor":4,"gold_loss":0},{"damage_healed":0,"gold_gain":0,"player_choice":"Read","damage_taken":0,"max_hp_gain":0,"max_hp_loss":0,"event_name":"The Library","floor":19,"gold_loss":0,"cards_obtained":["Redo"]},{"cards_removed":["Strike_B"],"damage_healed":0,"gold_gain":0,"player_choice":"Upgrade and Remove","damage_taken":0,"max_hp_gain":0,"max_hp_loss":0,"event_name":"Designer","floor":20,"gold_loss":90,"cards_upgraded":["Redo"]},{"damage_healed":0,"gold_gain":0,"player_choice":"Forge","damage_taken":0,"max_hp_gain":0,"max_hp_loss":0,"event_name":"Accursed Blacksmith","floor":28,"gold_loss":0,"cards_upgraded":["Leap"]}],"is_beta":false,"boss_relics":[{"not_picked":["Velvet Choker","Snecko Eye"],"picked":"Cursed Key"}],"items_purged_floors":[14,29],"is_endless":false,"potions_floor_spawned":[1,3,5,16,18,22],"killed_by":"Champ","ascension_level":9}