{"gold_per_floor":[119,133,11,11,11,47,47,68,68,89,89,113,113,136,136,255,255,269,269,269,47,71,71,106,127,195,195,226,226,91,91,91,191,191,210,210,229,4,104,138,138,167,167,196,196,210,210,230,230,230,230,230,35,68,68],"floor_reached":55,"playtime":4501,"items_purged":["Strike_B+1","Strike_B+1"],"score":1105,"play_id":"3be13ec0-ac64-457c-adf0-f7a65bb7878a","local_time":"20181230184955","is_ascension_mode":true,"campfire_choices":[{"data":"Zap","floor":7,"key":"SMITH"},{"floor":11,"key":"REST"},{"data":"Redo","floor":13,"key":"SMITH"},{"data":"Dualcast","floor":15,"key":"SMITH"},{"data":"Creative AI","floor":23,"key":"SMITH"},{"floor":27,"key":"RECALL"},{"data":"Go for the Eyes","floor":29,"key":"SMITH"},{"data":"Defragment","floor":32,"key":"SMITH"},{"data":"Defragment","floor":41,"key":"SMITH"},{"floor":45,"key":"REST"},{"data":"Thunder Strike","floor":47,"key":"SMITH"},{"floor":49,"key":"REST"},{"data":"Conserve Battery","floor":52,"key":"SMITH"}],"neow_cost":"NONE","seed_source_timestamp":678099456629052,"circlet_count":0,"master_deck":["Defend_B+1","Defend_B+1","Defend_B+1","Defend_B+1","Zap+1","Dualcast+1","Deep Breath","Gash","FTL","Creative AI+1","Conserve Battery+1","BootSequence","Undo+1","Redo+1","Self Repair","Glacier+1","Machine Learning","Go for the Eyes+1","Thunder Strike+1","Chaos+1","Defragment+1","Defragment+1","Redo+1","Skim+1"],"relics":["Cracked Core","Bloody Idol","DataDisk","Cables","Busted Crown","Blood Vial","Gremlin Horn","Mercury Hourglass","Lizard Tail","Happy Flower","Oddly Smooth Stone","Bottled Lightning","Strawberry","War Paint","Sundial"],"potions_floor_usage":[6,24,33,33,42,42,48,50,54,55,55],"damage_taken":[{"damage":2,"enemies":"Jaw Worm","floor":1,"turns":3},{"damage":0,"enemies":"2 Louse","floor":2,"turns":2},{"damage":16,"enemies":"Lagavulin","floor":6,"turns":7},{"damage":0,"enemies":"Cultist","floor":8,"turns":4},{"damage":13,"enemies":"Exordium Thugs","floor":10,"turns":4},{"damage":1,"enemies":"Looter","floor":12,"turns":3},{"damage":2,"enemies":"3 Louse","floor":14,"turns":3},{"damage":0,"enemies":"Slime Boss","floor":16,"turns":6},{"damage":8,"enemies":"Spheric Guardian","floor":18,"turns":6},{"damage":0,"enemies":"Chosen","floor":22,"turns":4},{"damage":0,"enemies":"Gremlin Leader","floor":24,"turns":7},{"damage":0,"enemies":"Shelled Parasite and Fungi","floor":25,"turns":5},{"damage":22,"enemies":"Book of Stabbing","floor":28,"turns":5},{"damage":2,"enemies":"Automaton","floor":33,"turns":6},{"damage":15,"enemies":"3 Darklings","floor":35,"turns":6},{"damage":3,"enemies":"3 Shapes","floor":37,"turns":4},{"damage":0,"enemies":"Giant Head","floor":40,"turns":10},{"damage":6,"enemies":"Nemesis","floor":42,"turns":5},{"damage":41,"enemies":"Reptomancer","floor":44,"turns":9},{"damage":40,"enemies":"Sphere and 2 Shapes","floor":46,"turns":4},{"damage":21,"enemies":"Jaw Worm Horde","floor":48,"turns":5},{"damage":0,"enemies":"Time Eater","floor":50,"turns":11},{"damage":74,"enemies":"Shield and Spear","floor":54,"turns":6},{"damage":88,"enemies":"The Heart","floor":55,"turns":9}],"seed_played":"-158661068123548110","potions_obtained":[{"floor":2,"key":"Block Potion"},{"floor":8,"key":"Dexterity Potion"},{"floor":12,"key":"FocusPotion"},{"floor":14,"key":"SkillPotion"},{"floor":33,"key":"EssenceOfSteel"},{"floor":35,"key":"Energy Potion"},{"floor":44,"key":"Dexterity Potion"},{"floor":46,"key":"PowerPotion"},{"floor":54,"key":"Block Potion"}],"is_trial":false,"path_per_floor":["M","M","$","?","?","E","R","M","T","M","R","M","R","M","R","B",null,"M","?","?","$","M","R","E","M","T","R","E","R","$","?","R","B",null,"M","?","M","$","?","E","R","E","T","E","R","M","R","M","R","B",null,"R","$","E","B"],"character_chosen":"DEFECT","items_purchased":["Creative AI","Conserve Battery","Thunder Strike","Defragment","Happy Flower","FocusPotion","War Paint","PowerPotion"],"campfire_rested":3,"item_purchase_floors":[3,3,21,30,38,38,53,53],"current_hp_per_floor":[73,73,73,73,55,39,39,39,39,26,48,54,54,52,52,52,75,74,74,74,74,75,75,75,75,75,75,60,60,60,60,60,65,75,65,65,75,75,75,75,75,75,75,53,77,51,51,37,61,70,82,82,82,20,0],"gold":68,"neow_bonus":"RANDOM_COLORLESS","is_prod":false,"is_daily":false,"chose_seed":false,"campfire_upgraded":9,"win_rate":0,"timestamp":1546163395,"path_taken":["M","M","$","?","?","E","R","M","T","?","R","M","R","M","R","BOSS","M","?","?","$","?","R","E","M","T","R","E","R","$","?","R","BOSS","M","?","M","$","?","E","R","E","T","E","R","M","R","M","R","BOSS","R","$","E","BOSS"],"build_version":"2018-12-20","purchased_purges":2,"victory":false,"max_hp_per_floor":[75,75,75,75,75,75,75,75,75,75,75,75,75,75,75,75,75,75,75,75,75,75,75,75,75,75,75,75,75,75,75,75,75,75,75,75,75,75,75,75,75,75,75,82,82,82,82,82,82,82,82,82,82,82,82],"card_choices":[{"not_picked":["Consume","Stack"],"picked":"Gash","floor":1},{"not_picked":["Coolheaded","Hello World"],"picked":"FTL","floor":2},{"not_picked":["Buffer","Creative AI"],"picked":"Undo","floor":6},{"not_picked":["Fusion","Melter"],"picked":"Redo","floor":8},{"not_picked":["Stack","Barrage"],"picked":"Self Repair","floor":10},{"not_picked":["White Noise","Darkness"],"picked":"Glacier","floor":12},{"not_picked":["Beam Cell","Capacitor"],"picked":"Ball Lightning","floor":14},{"not_picked":["Amplify","Creative AI"],"picked":"Machine Learning","floor":16},{"not_picked":["Steam"],"picked":"SKIP","floor":18},{"not_picked":["Blizzard"],"picked":"SKIP","floor":22},{"not_picked":[],"picked":"Chaos+1","floor":24},{"not_picked":["Leap"],"picked":"SKIP","floor":25},{"not_picked":["Hologram"],"picked":"SKIP","floor":28},{"not_picked":["Hologram"],"picked":"SKIP","floor":35},{"not_picked":["Steam"],"picked":"SKIP","floor":37},{"not_picked":[],"picked":"Defragment","floor":40},{"not_picked":["BootSequence+1"],"picked":"SKIP","floor":42},{"not_picked":[],"picked":"Redo+1","floor":44},{"not_picked":["BootSequence+1"],"picked":"SKIP","floor":46},{"not_picked":["Barrage"],"picked":"SKIP","floor":48},{"not_picked":[],"picked":"Skim+1","floor":54}],"player_experience":271190,"relics_obtained":[{"floor":6,"key":"DataDisk"},{"floor":9,"key":"Cables"},{"floor":24,"key":"Blood Vial"},{"floor":26,"key":"Gremlin Horn"},{"floor":28,"key":"Mercury Hourglass"},{"floor":40,"key":"Oddly Smooth Stone"},{"floor":42,"key":"Bottled Lightning"},{"floor":44,"key":"Strawberry"},{"floor":54,"key":"Sundial"}],"event_choices":[{"damage_healed":0,"gold_gain":0,"cards_transformed":["Strike_B"],"player_choice":"Change","damage_taken":0,"max_hp_gain":0,"max_hp_loss":0,"event_name":"Living Wall","floor":4,"gold_loss":0,"cards_obtained":["BootSequence"]},{"damage_healed":0,"gold_gain":0,"player_choice":"Take Damage","damage_taken":18,"relics_obtained":["Golden Idol"],"max_hp_gain":0,"max_hp_loss":0,"event_name":"Golden Idol","floor":5,"gold_loss":0},{"damage_healed":0,"gold_gain":0,"player_choice":"Simplicity","damage_taken":0,"max_hp_gain":0,"max_hp_loss":0,"event_name":"Back to Basics","floor":19,"gold_loss":0,"cards_upgraded":["Strike_B","Strike_B","Strike_B","Defend_B","Defend_B","Defend_B","Defend_B"]},{"damage_healed":0,"gold_gain":0,"cards_transformed":["Strike_B"],"player_choice":"Transformed","damage_taken":0,"max_hp_gain":0,"max_hp_loss":0,"event_name":"Transmorgrifier","floor":20,"gold_loss":0,"cards_obtained":["Go for the Eyes"]},{"damage_healed":0,"gold_gain":0,"player_choice":"Gave Idol","damage_taken":0,"relics_obtained":["Bloody Idol"],"max_hp_gain":0,"max_hp_loss":0,"event_name":"Forgotten Altar","floor":31,"relics_lost":["Golden Idol"],"gold_loss":0},{"cards_removed":["Ball Lightning"],"damage_healed":0,"gold_gain":0,"player_choice":"Removed Attack","damage_taken":0,"max_hp_gain":0,"max_hp_loss":0,"event_name":"Falling","floor":36,"gold_loss":0},{"damage_healed":0,"gold_gain":100,"player_choice":"Pray","damage_taken":0,"max_hp_gain":0,"max_hp_loss":0,"event_name":"Golden Shrine","floor":39,"gold_loss":0}],"is_beta":false,"boss_relics":[{"not_picked":["Calling Bell","Snecko Eye"],"picked":"Busted Crown"},{"not_picked":["Philosopher\u0027s Stone","Orrery"],"picked":"Lizard Tail"}],"items_purged_floors":[21,30],"is_endless":false,"potions_floor_spawned":[2,8,12,14,18,22,33,35,44,46,54],"killed_by":"The Heart","ascension_level":4}