{"gold_per_floor":[419,419,436,455,468,468,487,507,507,507,540,540,540,551,551,625,625,642,642,642,660,660,660,678,678,704,137,157,157,190,190,190,263,263,277,277,297,320,108,108,143,143,143,93,106,56,56,85,97,109,121,133,145,24,24],"floor_reached":55,"playtime":1840,"items_purged":["Scrape","Decay","Defend_B+1","Strike_B+1"],"score":1911,"play_id":"edf17cee-20f3-4092-b827-e3d8e5c53e6c","local_time":"20190326031248","is_ascension_mode":true,"campfire_choices":[{"data":"Streamline","floor":6.0,"key":"SMITH"},{"data":"Beam Cell","floor":10.0,"key":"SMITH"},{"floor":13.0,"key":"REST"},{"data":"Zap","floor":15.0,"key":"SMITH"},{"data":"Creative AI","floor":23.0,"key":"SMITH"},{"data":"Conserve Battery","floor":25.0,"key":"SMITH"},{"floor":29.0,"key":"REST"},{"floor":32.0,"key":"REST"},{"data":"Fission","floor":40.0,"key":"SMITH"},{"data":"Consume","floor":42.0,"key":"SMITH"},{"data":"Hologram","floor":47.0,"key":"SMITH"},{"floor":49.0,"key":"RECALL"},{"data":"Echo Form","floor":53.0,"key":"SMITH"}],"neow_cost":"PERCENT_DAMAGE","seed_source_timestamp":1047512924169200,"circlet_count":0,"master_deck":["AscendersBane","Strike_B+1","Defend_B+1","Defend_B+1","Zap+1","Dualcast","Cold Snap","FTL","Streamline+1","Skim+1","Ball Lightning","Beam Cell+1","Steam","Echo Form+1","All For One","Conserve Battery+1","Consume+1","Turbo","Creative AI+1","Leap+1","BootSequence+1","Force Field+1","Core Surge+1","Fission+1","Self Repair+1","Hologram+1","Cold Snap+1"],"special_seed":0,"relics":["Cracked Core","Old Coin","Matryoshka","DataDisk","Eternal Feather","Kunai","Smiling Mask","Mango","Ancient Tea Set","Meat on the Bone","Inserter","Strawberry","Lantern","War Paint","Oddly Smooth Stone","MawBank"],"potions_floor_usage":[],"damage_taken":[{"damage":2.0,"enemies":"Jaw Worm","floor":1.0,"turns":3.0},{"damage":0.0,"enemies":"Cultist","floor":3.0,"turns":3.0},{"damage":0.0,"enemies":"Small Slimes","floor":4.0,"turns":3.0},{"damage":4.0,"enemies":"Looter","floor":5.0,"turns":3.0},{"damage":6.0,"enemies":"3 Louse","floor":7.0,"turns":5.0},{"damage":0.0,"enemies":"Exordium Wildlife","floor":8.0,"turns":3.0},{"damage":23.0,"enemies":"3 Sentries","floor":11.0,"turns":7.0},{"damage":1.0,"enemies":"Looter","floor":14.0,"turns":2.0},{"damage":0.0,"enemies":"Slime Boss","floor":16.0,"turns":5.0},{"damage":25.0,"enemies":"Shell Parasite","floor":18.0,"turns":4.0},{"damage":4.0,"enemies":"Chosen","floor":21.0,"turns":5.0},{"damage":14.0,"enemies":"Centurion and Healer","floor":24.0,"turns":4.0},{"damage":30.0,"enemies":"Shelled Parasite and Fungi","floor":28.0,"turns":5.0},{"damage":56.0,"enemies":"Gremlin Leader","floor":30.0,"turns":6.0},{"damage":19.0,"enemies":"Collector","floor":33.0,"turns":11.0},{"damage":57.0,"enemies":"3 Darklings","floor":35.0,"turns":7.0},{"damage":11.0,"enemies":"Orb Walker","floor":37.0,"turns":4.0},{"damage":22.0,"enemies":"Giant Head","floor":41.0,"turns":10.0},{"damage":0.0,"enemies":"Sphere and 2 Shapes","floor":45.0,"turns":6.0},{"damage":33.0,"enemies":"Nemesis","floor":48.0,"turns":8.0},{"damage":53.0,"enemies":"Time Eater","floor":50.0,"turns":21.0},{"damage":52.0,"enemies":"Awakened One","floor":51.0,"turns":31.0},{"damage":98,"enemies":"Shield and Spear","floor":55,"turns":11}],"seed_played":"6210096753992963440","potions_obtained":[{"floor":5.0,"key":"LiquidBronze"},{"floor":7.0,"key":"LiquidBronze"},{"floor":8.0,"key":"SkillPotion"},{"floor":11.0,"key":"Weak Potion"},{"floor":14.0,"key":"GamblersBrew"},{"floor":16.0,"key":"LiquidBronze"},{"floor":18.0,"key":"Energy Potion"},{"floor":30.0,"key":"LiquidBronze"},{"floor":35.0,"key":"Fruit Juice"},{"floor":45.0,"key":"SkillPotion"}],"is_trial":false,"path_per_floor":["M","?","M","M","M","R","M","M","T","R","E","?","R","M","R","B",null,"M","?","?","M","?","R","M","R","T","$","M","R","E","?","R","B",null,"M","?","M","T","$","R","E","R","T","?","M","$","R","E","R","B","B",null,"R","$","E"],"character_chosen":"DEFECT","items_purchased":["Mango","Ancient Tea Set","BootSequence","War Paint","Ancient Potion"],"campfire_rested":3,"item_purchase_floors":[27,27,27,39,54],"current_hp_per_floor":[44,44,44,44,40,40,34,34,34,34,11,6,27,26,26,26,60,35,35,35,31,31,43,29,41,41,55,25,62,6,6,46,39,74,34,34,35,42,42,57,67,82,82,82,97,97,97,74,89,68,48,85,97,97,0],"gold":24,"neow_bonus":"ONE_RARE_RELIC","is_prod":false,"is_daily":false,"chose_seed":false,"campfire_upgraded":9,"win_rate":0,"timestamp":1553537568,"path_taken":["M","?","M","M","M","R","?","M","T","R","E","?","R","M","R","BOSS","M","?","?","M","?","R","M","R","T","$","M","R","E","?","R","BOSS","M","?","M","?","$","R","E","R","T","?","?","$","R","E","R","BOSS","BOSS","R","$","E"],"build_version":"2019-01-23","purchased_purges":4,"victory":false,"max_hp_per_floor":[71,71,71,71,71,71,71,71,71,71,71,71,71,71,71,71,71,71,71,71,71,71,71,71,71,71,85,85,85,85,85,85,85,85,90,90,90,97,97,97,97,97,97,97,97,97,97,97,97,97,97,97,97,97,97],"card_choices":[{"not_picked":["Rebound","Hologram"],"picked":"Cold Snap","floor":1.0},{"not_picked":["Self Repair","Barrage"],"picked":"FTL","floor":3.0},{"not_picked":["White Noise","Storm"],"picked":"Streamline","floor":4.0},{"not_picked":["Capacitor","Redo"],"picked":"Skim","floor":5.0},{"not_picked":["Sunder","Hello World"],"picked":"Ball Lightning","floor":7.0},{"not_picked":["Barrage","Coolheaded"],"picked":"Beam Cell","floor":8.0},{"not_picked":["Steam Power","Steam","Tempest"],"picked":"SKIP","floor":11.0},{"not_picked":["Steam Power","Tempest"],"picked":"Steam","floor":11.0},{"not_picked":["Turbo","Stack"],"picked":"Echo Form","floor":14.0},{"not_picked":["Meteor Strike","Amplify"],"picked":"All For One","floor":16.0},{"not_picked":["Hello World","Sweeping Beam"],"picked":"Conserve Battery","floor":18.0},{"not_picked":["Redo","Steam Power"],"picked":"Turbo","floor":21.0},{"not_picked":["Glacier","Redo"],"picked":"Leap+1","floor":24.0},{"not_picked":["Ball Lightning","Scrape+1"],"picked":"Force Field","floor":28.0},{"not_picked":["Glacier","Aggregate"],"picked":"Core Surge","floor":30.0},{"not_picked":["Creative AI","Multi-Cast"],"picked":"Fission","floor":33.0},{"not_picked":["Static Discharge","Go for the Eyes","Stack"],"picked":"SKIP","floor":35.0},{"not_picked":["White Noise","Steam"],"picked":"Self Repair+1","floor":37.0},{"not_picked":["Go for the Eyes","Rebound"],"picked":"Hologram","floor":41.0},{"not_picked":["Rainbow","Compile Driver"],"picked":"Cold Snap+1","floor":45.0},{"not_picked":["Compile Driver+1","Blizzard","Consume"],"picked":"SKIP","floor":48.0}],"player_experience":4632249,"relics_obtained":[{"floor":9.0,"key":"Matryoshka"},{"floor":11.0,"key":"DataDisk"},{"floor":26.0,"key":"Kunai"},{"floor":26.0,"key":"Smiling Mask"},{"floor":30.0,"key":"Meat on the Bone"},{"floor":38.0,"key":"Strawberry"},{"floor":38.0,"key":"Lantern"},{"floor":41.0,"key":"Oddly Smooth Stone"},{"floor":48.0,"key":"MawBank"}],"event_choices":[{"cards_removed":["Strike_B"],"damage_healed":0.0,"max_hp_gain":0.0,"max_hp_loss":0.0,"gold_gain":0.0,"event_name":"Bonfire Elementals","player_choice":"Offered Basic","floor":2.0,"gold_loss":0.0,"damage_taken":0.0},{"damage_healed":0.0,"max_hp_gain":0.0,"max_hp_loss":0.0,"gold_gain":0.0,"event_name":"Scrap Ooze","player_choice":"Fled","floor":12.0,"gold_loss":0.0,"damage_taken":5.0},{"damage_healed":0.0,"max_hp_gain":0.0,"max_hp_loss":0.0,"gold_gain":0.0,"cards_transformed":["Strike_B","Defend_B"],"event_name":"Drug Dealer","player_choice":"Became Test Subject","floor":19.0,"gold_loss":0.0,"damage_taken":0.0,"cards_obtained":["Scrape","Consume"]},{"damage_healed":0.0,"max_hp_gain":0.0,"max_hp_loss":0.0,"gold_gain":0.0,"event_name":"Back to Basics","player_choice":"Simplicity","floor":20.0,"gold_loss":0.0,"damage_taken":0.0,"cards_upgraded":["Strike_B","Strike_B","Defend_B","Defend_B","Defend_B"]},{"damage_healed":0.0,"max_hp_gain":0.0,"max_hp_loss":0.0,"gold_gain":0.0,"event_name":"The Library","player_choice":"Read","floor":22.0,"gold_loss":0.0,"damage_taken":0.0,"cards_obtained":["Creative AI"]},{"damage_healed":0.0,"max_hp_gain":0.0,"max_hp_loss":0.0,"gold_gain":0.0,"event_name":"Forgotten Altar","player_choice":"Smashed Altar","floor":31.0,"gold_loss":0.0,"damage_taken":0.0,"cards_obtained":["Decay"]},{"damage_healed":0.0,"max_hp_gain":0.0,"max_hp_loss":0.0,"gold_gain":0.0,"event_name":"The Moai Head","player_choice":"Ignored","floor":36.0,"gold_loss":0.0,"damage_taken":0.0},{"damage_healed":0.0,"max_hp_gain":0.0,"max_hp_loss":0.0,"gold_gain":0.0,"event_name":"Designer","player_choice":"Upgraded Two","floor":44.0,"gold_loss":50.0,"damage_taken":0.0,"cards_upgraded":["Core Surge","BootSequence"]}],"is_beta":false,"boss_relics":[{"not_picked":["Cursed Key","Fusion Hammer"],"picked":"Eternal Feather"},{"not_picked":["Black Star","Tiny House"],"picked":"Inserter"}],"items_purged_floors":[27,39,46,54],"is_endless":false,"potions_floor_spawned":[5,7,8,11,14,16,18,21,30,35,45],"killed_by":"Shield and Spear","ascension_level":20}