{"gold_per_floor":[115,135,152,24,44,44,72,90,90,62,62,97,97,147,147,221,221,233,233,148,168,179,179,17,17,68,68,68,68,68,84,84,155,155,166,66,66,66,84,84,84,112,112,122,37,68,86,104,104,104],"floor_reached":50,"playtime":2752,"items_purged":["Strike_G","Defend_G"],"score":986,"play_id":"49628f3b-2b2e-4c43-8502-cd23fc17b8dc","local_time":"20190418233933","is_ascension_mode":true,"campfire_choices":[{"data":"Distraction","floor":6.0,"key":"SMITH"},{"floor":11.0,"key":"REST"},{"data":"Cloak And Dagger","floor":13.0,"key":"SMITH"},{"data":"Neutralize","floor":15.0,"key":"SMITH"},{"data":"Well Laid Plans","floor":23.0,"key":"SMITH"},{"data":"Calculated Gamble","floor":25.0,"key":"SMITH"},{"data":"Adrenaline","floor":27.0,"key":"SMITH"},{"floor":32.0,"key":"REST"},{"data":"A Thousand Cuts","floor":40.0,"key":"SMITH"},{"floor":49,"key":"RECALL"}],"neow_cost":"NONE","seed_source_timestamp":543950547810420,"circlet_count":0,"master_deck":["AscendersBane","Defend_G","Defend_G","Defend_G","Defend_G","Survivor","Neutralize+1","Predator","Calculated Gamble+1","Backstab","Distraction+1","Bullet Time+1","Backflip","Cloak And Dagger+1","Skewer","Adrenaline+1","Well Laid Plans+1","Infinite Blades","Accuracy+1","Bullet Time","Backflip+1","A Thousand Cuts+1","Well Laid Plans+1","Underhanded Strike+1","Deadly Poison+1","Prepared+1","Calculated Gamble","Outmaneuver+1","Noxious Fumes+1","Escape Plan","Calculated Gamble+1","Flechettes+1"],"special_seed":0,"relics":["Ring of the Snake","Art of War","Shuriken","Juzu Bracelet","Omamori","Cursed Key","Question Card","Oddly Smooth Stone","Astrolabe","Frozen Egg 2","Ninja Scroll","Anchor"],"potions_floor_usage":[],"damage_taken":[{"damage":1.0,"enemies":"Cultist","floor":1.0,"turns":4.0},{"damage":0.0,"enemies":"Small Slimes","floor":2.0,"turns":4.0},{"damage":3.0,"enemies":"2 Louse","floor":3.0,"turns":4.0},{"damage":21.0,"enemies":"Red Slaver","floor":5.0,"turns":4.0},{"damage":6.0,"enemies":"3 Sentries","floor":7.0,"turns":9.0},{"damage":7.0,"enemies":"3 Louse","floor":8.0,"turns":4.0},{"damage":12.0,"enemies":"Lagavulin","floor":12.0,"turns":6.0},{"damage":1.0,"enemies":"Hexaghost","floor":16.0,"turns":9.0},{"damage":0.0,"enemies":"Chosen","floor":18.0,"turns":2.0},{"damage":9.0,"enemies":"Shell Parasite","floor":21.0,"turns":4.0},{"damage":8.0,"enemies":"Snecko","floor":22.0,"turns":6.0},{"damage":2.0,"enemies":"Snake Plant","floor":31.0,"turns":3.0},{"damage":12.0,"enemies":"Automaton","floor":33.0,"turns":11.0},{"damage":0.0,"enemies":"3 Darklings","floor":35.0,"turns":5.0},{"damage":0.0,"enemies":"Orb Walker","floor":39.0,"turns":4.0},{"damage":26.0,"enemies":"Nemesis","floor":42.0,"turns":7.0},{"damage":0.0,"enemies":"Spire Growth","floor":44.0,"turns":3.0},{"damage":9.0,"enemies":"Reptomancer","floor":46.0,"turns":5.0},{"damage":0.0,"enemies":"Maw","floor":47.0,"turns":6.0},{"damage":0.0,"enemies":"Transient","floor":48.0,"turns":6.0},{"damage":0,"enemies":"Time Eater","floor":50,"turns":2}],"seed_played":"7893317036648359512","potions_obtained":[{"floor":2.0,"key":"Weak Potion"},{"floor":5.0,"key":"SteroidPotion"},{"floor":7.0,"key":"Dexterity Potion"},{"floor":16.0,"key":"Swift Potion"},{"floor":22.0,"key":"FearPotion"},{"floor":31.0,"key":"Fire Potion"},{"floor":35.0,"key":"GhostInAJar"},{"floor":42.0,"key":"EssenceOfSteel"},{"floor":48.0,"key":"Dexterity Potion"}],"is_trial":false,"path_per_floor":["M","M","M","$","M","R","E","M","T","$","R","E","R","?","R","B",null,"M","?","?","M","M","R","$","R","T","R","?","?","?","M","R","B",null,"M","$","?","$","M","R","?","E","T","M","$","E","M","M","R","B"],"character_chosen":"THE_SILENT","items_purchased":["Dexterity Potion","Cloak And Dagger","Oddly Smooth Stone","Noxious Fumes+1"],"campfire_rested":2,"item_purchase_floors":[4,10,24,45],"current_hp_per_floor":[58,58,55,55,34,34,28,21,21,21,40,28,28,22,22,21,55,55,55,55,46,38,38,38,38,38,38,38,38,38,36,55,43,60,60,60,66,66,66,66,66,40,40,40,40,31,31,31,31,31],"gold":104,"neow_bonus":"RANDOM_COMMON_RELIC","is_prod":false,"is_daily":false,"chose_seed":false,"campfire_upgraded":7,"win_rate":0,"timestamp":1555598373,"path_taken":["M","M","M","$","?","R","E","M","T","$","R","E","R","?","R","BOSS","M","?","?","M","M","R","$","R","T","R","?","?","?","M","R","BOSS","M","$","?","?","M","R","?","E","T","M","?","E","M","M","R","BOSS"],"build_version":"2019-04-04","purchased_purges":2,"victory":false,"max_hp_per_floor":[66,66,66,66,66,66,66,66,66,66,66,66,66,66,66,66,66,66,66,66,66,66,66,66,66,66,66,66,66,66,66,66,66,66,66,66,66,66,66,66,66,66,66,66,66,66,66,66,66,66],"card_choices":[{"not_picked":["Acrobatics","Infinite Blades"],"picked":"Predator","floor":1.0},{"not_picked":["Predator","Catalyst"],"picked":"Calculated Gamble","floor":2.0},{"not_picked":["Cloak And Dagger","Infinite Blades"],"picked":"Backstab","floor":3.0},{"not_picked":["Sucker Punch","Acrobatics"],"picked":"Distraction","floor":5.0},{"not_picked":["Footwork","Underhanded Strike"],"picked":"Bullet Time","floor":7.0},{"not_picked":["Deflect","Underhanded Strike"],"picked":"Backflip","floor":8.0},{"not_picked":["Deflect","Accuracy"],"picked":"Skewer","floor":12.0},{"not_picked":["Glass Knife","Bullet Time"],"picked":"Adrenaline","floor":16.0},{"not_picked":["Concentrate","Heel Hook+1"],"picked":"Well Laid Plans","floor":18.0},{"not_picked":["Concentrate","Skewer","Dagger Spray+1"],"picked":"Infinite Blades","floor":21.0},{"not_picked":["Concentrate","Dagger Throw","Slice"],"picked":"Accuracy+1","floor":22.0},{"not_picked":["Concentrate","Dodge and Roll+1","Predator+1"],"picked":"Backflip+1","floor":31.0},{"not_picked":["Unload","Bullet Time","Grand Finale"],"picked":"A Thousand Cuts","floor":33.0},{"not_picked":["Outmaneuver","All Out Attack","Acrobatics"],"picked":"Prepared+1","floor":35.0},{"not_picked":["Masterful Stab+1","Unload","Escape Plan","Catalyst"],"picked":"SKIP","floor":39.0},{"not_picked":["Dodge and Roll+1","Dagger Spray+1","Backflip"],"picked":"Calculated Gamble","floor":42.0},{"not_picked":["Noxious Fumes+1","Flying Knee","Cloak And Dagger"],"picked":"Outmaneuver+1","floor":44.0},{"not_picked":["Dagger Throw+1","Dagger Spray","Storm of Steel"],"picked":"Escape Plan","floor":46.0},{"not_picked":["Bane","Well Laid Plans+1","Cloak And Dagger"],"picked":"Calculated Gamble+1","floor":47.0},{"not_picked":["Poisoned Stab","Underhanded Strike","Deflect"],"picked":"Flechettes+1","floor":48.0}],"player_experience":2977145,"relics_obtained":[{"floor":7.0,"key":"Shuriken"},{"floor":9.0,"key":"Juzu Bracelet"},{"floor":12.0,"key":"Omamori"},{"floor":42.0,"key":"Frozen Egg 2"},{"floor":43.0,"key":"Ninja Scroll"},{"floor":46.0,"key":"Anchor"}],"event_choices":[{"damage_healed":0.0,"max_hp_gain":0.0,"max_hp_loss":0.0,"gold_gain":50.0,"event_name":"FaceTrader","player_choice":"Touch","floor":14.0,"gold_loss":0.0,"damage_taken":6.0},{"cards_removed":["Strike_G"],"damage_healed":0.0,"max_hp_gain":0.0,"max_hp_loss":0.0,"gold_gain":0.0,"event_name":"Bonfire Elementals","player_choice":"Offered Basic","floor":19.0,"gold_loss":0.0,"damage_taken":0.0},{"damage_healed":0.0,"max_hp_gain":0.0,"max_hp_loss":0.0,"gold_gain":0.0,"event_name":"Addict","player_choice":"Obtained Relic","floor":20.0,"gold_loss":85.0,"damage_taken":0.0,"relics_obtained":["Question Card"]},{"damage_healed":0.0,"max_hp_gain":0.0,"max_hp_loss":0.0,"gold_gain":0.0,"event_name":"Vampires","player_choice":"Ignored","floor":28.0,"gold_loss":0.0,"damage_taken":0.0},{"damage_healed":0.0,"max_hp_gain":0.0,"max_hp_loss":0.0,"gold_gain":0.0,"event_name":"Match and Keep!","player_choice":"1 cards matched","floor":29.0,"gold_loss":0.0,"damage_taken":0.0,"cards_obtained":["Bullet Time"]},{"damage_healed":0.0,"max_hp_gain":0.0,"max_hp_loss":0.0,"gold_gain":0.0,"event_name":"The Mausoleum","player_choice":"Ignored","floor":30.0,"gold_loss":0.0,"damage_taken":0.0},{"damage_healed":6.0,"max_hp_gain":0.0,"max_hp_loss":0.0,"gold_gain":0.0,"event_name":"Wheel of Change","player_choice":"Full Heal","floor":37.0,"gold_loss":0.0,"damage_taken":0.0},{"damage_healed":0.0,"max_hp_gain":0.0,"max_hp_loss":0.0,"gold_gain":0.0,"event_name":"Accursed Blacksmith","player_choice":"Forge","floor":41.0,"gold_loss":0.0,"damage_taken":0.0,"cards_upgraded":["Bullet Time"]}],"is_beta":true,"boss_relics":[{"not_picked":["Lizard Tail","Velvet Choker"],"picked":"Cursed Key"},{"not_picked":["Black Star","Pandora\u0027s Box"],"picked":"Astrolabe"}],"items_purged_floors":[4,36],"is_endless":false,"potions_floor_spawned":[2,5,7,16,22,31,35,42,48],"killed_by":"Time Eater","ascension_level":17}