{"gold_per_floor":[110,125,137,22,33,59,9,9,9,28,28,39,58,23,23,127,127,139,155,155,30,30,30,30],"floor_reached":24,"playtime":1283,"items_purged":["Strike_B","Strike_B","Strike_B"],"score":312,"play_id":"1dc7cbba-cf81-472b-b018-f06bd2dd7fe3","local_time":"20190127195814","is_ascension_mode":true,"campfire_choices":[{"floor":8,"key":"REST"},{"data":"Zap","floor":11,"key":"SMITH"},{"data":"White Noise","floor":15,"key":"SMITH"},{"data":"Redo","floor":23,"key":"SMITH"}],"neow_cost":"NONE","seed_source_timestamp":1486728541779449,"circlet_count":0,"master_deck":["Strike_B","Defend_B","Defend_B","Defend_B","Defend_B","Zap+1","Dualcast","Cold Snap","White Noise+1","Redo+1","Doom and Gloom","Go for the Eyes","Turbo","Double Energy","Electrodynamics","Reinforced Body","Chaos+1","Ghostly","Ghostly","Ghostly","Ghostly","Ghostly","Sunder","Writhe"],"relics":["Cracked Core","Juzu Bracelet","Smiling Mask","DataDisk","Black Star","Shuriken"],"potions_floor_usage":[6,12,16],"damage_taken":[{"damage":0,"enemies":"Cultist","floor":1,"turns":4},{"damage":0,"enemies":"Small Slimes","floor":2,"turns":3},{"damage":11,"enemies":"Jaw Worm","floor":3,"turns":4},{"damage":12,"enemies":"2 Fungi Beasts","floor":5,"turns":2},{"damage":19,"enemies":"3 Sentries","floor":6,"turns":6},{"damage":6,"enemies":"Large Slime","floor":10,"turns":5},{"damage":15,"enemies":"Gremlin Gang","floor":12,"turns":3},{"damage":1,"enemies":"Exordium Thugs","floor":13,"turns":4},{"damage":18,"enemies":"Hexaghost","floor":16,"turns":8},{"damage":26,"enemies":"Shell Parasite","floor":18,"turns":6},{"damage":23,"enemies":"2 Thieves","floor":19,"turns":3},{"damage":19,"enemies":"Gremlin Leader","floor":24,"turns":7}],"seed_played":"2230552464145498015","potions_obtained":[{"floor":3,"key":"Block Potion"},{"floor":6,"key":"Weak Potion"},{"floor":10,"key":"Ancient Potion"},{"floor":12,"key":"FocusPotion"},{"floor":18,"key":"SpeedPotion"}],"is_trial":false,"path_per_floor":["M","M","M","$","M","E","$","R","T","M","R","M","M","?","R","B",null,"M","M","?","$","?","R","E"],"character_chosen":"DEFECT","items_purchased":["Doom and Gloom","Sunder"],"campfire_rested":1,"item_purchase_floors":[4,21],"current_hp_per_floor":[68,68,57,57,45,26,26,48,48,42,42,27,26,44,44,26,63,37,14,14,14,14,14,0],"gold":30,"neow_bonus":"RANDOM_COMMON_RELIC","is_prod":false,"is_daily":false,"chose_seed":false,"campfire_upgraded":3,"win_rate":0,"timestamp":1548586694,"path_taken":["M","M","M","?","M","E","$","R","T","M","R","M","M","?","R","BOSS","M","M","?","$","?","R","E"],"build_version":"2019-01-23","purchased_purges":3,"victory":false,"max_hp_per_floor":[75,75,75,75,75,75,75,75,75,75,75,75,75,75,75,75,75,75,75,37,37,37,37,37],"card_choices":[{"not_picked":["Go for the Eyes","Conserve Battery"],"picked":"Cold Snap","floor":1},{"not_picked":["Reprogram","Stack"],"picked":"White Noise","floor":2},{"not_picked":["Cold Snap","Coolheaded"],"picked":"Redo","floor":3},{"not_picked":["Barrage","Stack"],"picked":"Go for the Eyes","floor":5},{"not_picked":["Skim","Scrape"],"picked":"Turbo","floor":6},{"not_picked":["Go for the Eyes","Blizzard"],"picked":"Double Energy","floor":10},{"not_picked":["Undo","Steam"],"picked":"Electrodynamics","floor":12},{"not_picked":["Aggregate","Reprogram"],"picked":"Reinforced Body","floor":13},{"not_picked":["Skim","Scrape+1"],"picked":"Chaos+1","floor":18},{"not_picked":["Turbo","Compile Driver+1","Hologram"],"picked":"SKIP","floor":19}],"player_experience":459444,"relics_obtained":[{"floor":6,"key":"Smiling Mask"},{"floor":9,"key":"DataDisk"}],"event_choices":[{"damage_healed":18,"gold_gain":0,"player_choice":"Healed","damage_taken":0,"max_hp_gain":0,"max_hp_loss":0,"event_name":"The Cleric","floor":14,"gold_loss":35},{"damage_healed":0,"gold_gain":0,"player_choice":"Became a Ghost","damage_taken":0,"max_hp_gain":0,"max_hp_loss":38,"event_name":"Ghosts","floor":20,"gold_loss":0,"cards_obtained":["Ghostly","Ghostly","Ghostly","Ghostly","Ghostly"]},{"damage_healed":0,"gold_gain":0,"player_choice":"Opened","damage_taken":0,"relics_obtained":["Shuriken"],"max_hp_gain":0,"max_hp_loss":0,"event_name":"The Mausoleum","floor":22,"gold_loss":0,"cards_obtained":["Writhe"]}],"is_beta":false,"boss_relics":[{"not_picked":["Snecko Eye","Cursed Key"],"picked":"Black Star"}],"items_purged_floors":[4,7,21],"is_endless":false,"potions_floor_spawned":[3,6,10,12,18],"killed_by":"Gremlin Leader","ascension_level":9}