{"gold_per_floor":[13,13,25,42,62,62,89,89,89,124,124,155,155,170,170,245,245,262,312,342,356,356,356,391,415,415,415,415,425,425,350,350,424,424,444,444,444,444,43,43,78,78,78,78,111,111,126,26,26,26],"floor_reached":51,"playtime":3237,"items_purged":["Clumsy","Strike_G+1"],"score":1293,"play_id":"187566f6-f380-425c-b1f9-3bf194869a9c","local_time":"20181209190402","is_ascension_mode":true,"campfire_choices":[{"floor":6.0,"key":"REST"},{"data":"Burst","floor":8.0,"key":"SMITH"},{"floor":15.0,"key":"REST"},{"data":"Footwork","floor":23.0,"key":"SMITH"},{"floor":27.0,"key":"REST"},{"data":"Well Laid Plans","floor":30.0,"key":"SMITH"},{"data":"Noxious Fumes","floor":32.0,"key":"SMITH"},{"data":"Neutralize","floor":40.0,"key":"SMITH"},{"data":"Well Laid Plans","floor":42.0,"key":"SMITH"},{"data":"Calculated Gamble","floor":44,"key":"SMITH"},{"data":"Wraith Form v2","floor":46,"key":"SMITH"},{"data":"Bouncing Flask","floor":49,"key":"SMITH"}],"neow_cost":"NO_GOLD","seed_source_timestamp":497652917609634,"circlet_count":0,"master_deck":["AscendersBane","Defend_G","Defend_G","Defend_G","Defend_G","Defend_G","Survivor","Neutralize+1","Burst+1","Predator+1","Blur","Noxious Fumes+1","Venomology","Calculated Gamble+1","Heel Hook","Footwork+1","Adrenaline","Cloak And Dagger","Bouncing Flask+1","Well Laid Plans+1","Endless Agony","Wraith Form v2+1","Crippling Poison","Unload","Master of Strategy","Well Laid Plans+1","Bouncing Flask+1"],"special_seed":0,"relics":["Ring of the Serpent","Juzu Bracelet","Pantograph","Mango","Blood Vial","Cursed Key","Red Mask","Ice Cream","Whetstone","Singing Bowl","Paper Crane","Ancient Tea Set","Shuriken"],"potions_floor_usage":[45,45,45,47,50,50,50],"damage_taken":[{"damage":3.0,"enemies":"Jaw Worm","floor":1.0,"turns":6.0},{"damage":0.0,"enemies":"Cultist","floor":3.0,"turns":3.0},{"damage":1.0,"enemies":"Small Slimes","floor":4.0,"turns":6.0},{"damage":17.0,"enemies":"Exordium Wildlife","floor":5.0,"turns":9.0},{"damage":18.0,"enemies":"Lagavulin","floor":7.0,"turns":9.0},{"damage":19.0,"enemies":"3 Sentries","floor":10.0,"turns":9.0},{"damage":7.0,"enemies":"Lagavulin","floor":12.0,"turns":13.0},{"damage":0.0,"enemies":"Lots of Slimes","floor":14.0,"turns":3.0},{"damage":32.0,"enemies":"The Guardian","floor":16.0,"turns":16.0},{"damage":0.0,"enemies":"3 Byrds","floor":18.0,"turns":6.0},{"damage":45.0,"enemies":"Masked Bandits","floor":20.0,"turns":6.0},{"damage":8.0,"enemies":"2 Thieves","floor":21.0,"turns":4.0},{"damage":68.0,"enemies":"Book of Stabbing","floor":24.0,"turns":9.0},{"damage":0.0,"enemies":"Snake Plant","floor":29.0,"turns":6.0},{"damage":11.0,"enemies":"Collector","floor":33.0,"turns":8.0},{"damage":0.0,"enemies":"3 Shapes","floor":35.0,"turns":2.0},{"damage":14.0,"enemies":"Reptomancer","floor":41.0,"turns":7.0},{"damage":7,"enemies":"Nemesis","floor":45,"turns":7},{"damage":4,"enemies":"3 Darklings","floor":47,"turns":6},{"damage":44,"enemies":"Time Eater","floor":50,"turns":12}],"seed_played":"-5922154244608453953","potions_obtained":[{"floor":4.0,"key":"Strength Potion"},{"floor":7.0,"key":"SneckoOil"},{"floor":10.0,"key":"Block Potion"},{"floor":12.0,"key":"Swift Potion"},{"floor":16.0,"key":"Strength Potion"},{"floor":18.0,"key":"PowerPotion"},{"floor":24.0,"key":"Energy Potion"},{"floor":33.0,"key":"SkillPotion"},{"floor":35.0,"key":"Poison Potion"},{"floor":41.0,"key":"LiquidBronze"},{"floor":45,"key":"GamblersBrew"}],"is_trial":false,"path_per_floor":["M","?","M","M","M","R","E","R","T","E","?","E","?","M","R","B",null,"M","?","?","M","?","R","E","T","T","R","?","M","R","?","R","B",null,"M","?","?","?","$","R","E","R","T","R","E","R","M","$","R","B",null],"character_chosen":"THE_SILENT","items_purchased":["Paper Crane","Well Laid Plans"],"campfire_rested":3,"item_purchase_floors":[39,39],"current_hp_per_floor":[56,56,56,55,38,57,39,39,39,34,34,27,27,29,53,48,72,74,74,45,39,55,55,4,4,4,28,28,30,30,30,30,48,74,78,78,78,72,72,72,60,60,60,60,72,72,72,72,72,48],"gold":26,"neow_bonus":"THREE_RARE_CARDS","is_prod":false,"is_daily":false,"chose_seed":false,"campfire_upgraded":9,"win_rate":0,"timestamp":1544349842,"path_taken":["M","?","M","M","M","R","E","R","T","E","?","E","?","M","R","BOSS","M","?","?","M","?","R","E","?","T","R","?","M","R","?","R","BOSS","M","?","?","?","$","R","E","R","T","R","E","R","M","$","R","BOSS"],"build_version":"2018-12-06","purchased_purges":2,"victory":true,"max_hp_per_floor":[66,66,66,66,66,66,66,66,66,80,80,80,80,80,80,80,80,80,80,80,80,80,80,80,80,80,80,80,80,80,80,80,82,82,84,84,84,88,88,88,88,88,88,88,90,90,92,92,92,92],"card_choices":[{"not_picked":["Malaise","Envenom"],"picked":"Burst","floor":0.0},{"not_picked":["Bane","Dagger Spray"],"picked":"Predator","floor":1.0},{"not_picked":["Deadly Poison","Endless Agony"],"picked":"Blur","floor":3.0},{"not_picked":["Predator","Backflip"],"picked":"Noxious Fumes","floor":4.0},{"not_picked":["Bane","Prepared","Outmaneuver"],"picked":"SKIP","floor":5.0},{"not_picked":["Outmaneuver","Skewer"],"picked":"Venomology","floor":7.0},{"not_picked":["Blade Dance","Bane"],"picked":"Calculated Gamble","floor":10.0},{"not_picked":["Acrobatics","Bane"],"picked":"Heel Hook","floor":12.0},{"not_picked":["Concentrate","Tactician"],"picked":"Footwork","floor":14.0},{"not_picked":["Doppelganger","Envenom"],"picked":"Adrenaline","floor":16.0},{"not_picked":["Expertise+1","Tactician"],"picked":"Cloak And Dagger","floor":18.0},{"not_picked":["Dodge and Roll","Sucker Punch"],"picked":"Bouncing Flask+1","floor":20.0},{"not_picked":["Flechettes","All Out Attack","Quick Slash"],"picked":"SKIP","floor":21.0},{"not_picked":["Endless Agony","Prepared"],"picked":"Well Laid Plans","floor":24.0},{"not_picked":["Distraction","Underhanded Strike"],"picked":"Crippling Poison","floor":29.0},{"not_picked":["Storm of Steel","Phantasmal Killer","Envenom"],"picked":"Singing Bowl","floor":33.0},{"not_picked":["Crippling Poison","Slice","Flying Knee+1"],"picked":"Singing Bowl","floor":35.0},{"not_picked":["Transmutation","The Bomb","Mind Blast"],"picked":"Singing Bowl","floor":38.0},{"not_picked":["Transmutation","Swift Strike","PanicButton"],"picked":"Singing Bowl","floor":38.0},{"not_picked":["Dramatic Entrance","Jack Of All Trades"],"picked":"Master of Strategy","floor":38.0},{"not_picked":["Storm of Steel","Terror"],"picked":"Bouncing Flask","floor":41.0},{"not_picked":["Reflex","Concentrate","Storm of Steel"],"picked":"Singing Bowl","floor":45},{"not_picked":["Flechettes","Slice","Predator"],"picked":"Singing Bowl","floor":47}],"player_experience":2541112,"relics_obtained":[{"floor":7.0,"key":"Juzu Bracelet"},{"floor":9.0,"key":"Pantograph"},{"floor":10.0,"key":"Mango"},{"floor":12.0,"key":"Blood Vial"},{"floor":20.0,"key":"Red Mask"},{"floor":24.0,"key":"Ice Cream"},{"floor":25.0,"key":"Whetstone"},{"floor":26.0,"key":"Singing Bowl"},{"floor":41.0,"key":"Ancient Tea Set"},{"floor":45,"key":"Shuriken"}],"event_choices":[{"cards_removed":["Strike_G"],"damage_healed":0.0,"max_hp_gain":0.0,"max_hp_loss":0.0,"gold_gain":0.0,"event_name":"Bonfire Elementals","player_choice":"Offered Basic","floor":2.0,"gold_loss":0.0,"damage_taken":0.0},{"damage_healed":0.0,"max_hp_gain":0.0,"max_hp_loss":0.0,"gold_gain":0.0,"event_name":"Shining Light","player_choice":"Ignored","floor":11.0,"gold_loss":0.0,"damage_taken":0.0},{"damage_healed":0.0,"max_hp_gain":0.0,"max_hp_loss":0.0,"gold_gain":0.0,"event_name":"Liars Game","player_choice":"Ignored","floor":13.0,"gold_loss":0.0,"damage_taken":0.0},{"damage_healed":0.0,"max_hp_gain":0.0,"max_hp_loss":0.0,"gold_gain":50.0,"event_name":"Golden Shrine","player_choice":"Pray","floor":19.0,"gold_loss":0.0,"damage_taken":0.0},{"damage_healed":0.0,"max_hp_gain":0.0,"max_hp_loss":0.0,"gold_gain":0.0,"event_name":"Masked Bandits","player_choice":"Fought Bandits","floor":20.0,"gold_loss":0.0,"damage_taken":0.0},{"damage_healed":16.0,"max_hp_gain":0.0,"max_hp_loss":0.0,"gold_gain":0.0,"event_name":"The Library","player_choice":"Heal","floor":22.0,"gold_loss":0.0,"damage_taken":0.0},{"damage_healed":0.0,"max_hp_gain":0.0,"max_hp_loss":0.0,"gold_gain":0.0,"cards_transformed":["Strike_G","Strike_G"],"event_name":"Drug Dealer","player_choice":"Became Test Subject","floor":28.0,"gold_loss":0.0,"damage_taken":0.0,"cards_obtained":["Endless Agony","Wraith Form v2"]},{"cards_removed":["Injury"],"damage_healed":0.0,"max_hp_gain":0.0,"max_hp_loss":0.0,"gold_gain":0.0,"event_name":"Beggar","player_choice":"Gave Gold","floor":31.0,"gold_loss":75.0,"damage_taken":0.0},{"damage_healed":0.0,"max_hp_gain":0.0,"max_hp_loss":0.0,"gold_gain":0.0,"cards_transformed":["Strike_G"],"event_name":"Transmorgrifier","player_choice":"Transformed","floor":36.0,"gold_loss":0.0,"damage_taken":0.0,"cards_obtained":["Unload"]},{"damage_healed":0.0,"max_hp_gain":0.0,"max_hp_loss":0.0,"gold_gain":0.0,"event_name":"Mysterious Sphere","player_choice":"Ignored","floor":37.0,"gold_loss":0.0,"damage_taken":0.0},{"damage_healed":0.0,"max_hp_gain":0.0,"max_hp_loss":0.0,"gold_gain":0.0,"event_name":"SensoryStone","player_choice":"Memory 3","floor":38.0,"gold_loss":0.0,"damage_taken":10.0}],"is_beta":true,"boss_relics":[{"not_picked":["HoveringKite","Black Star"],"picked":"Cursed Key"},{"not_picked":["Coffee Dripper","Orrery"],"picked":"Ring of the Serpent"}],"items_purged_floors":[39,48],"is_endless":false,"potions_floor_spawned":[4,7,10,12,16,18,24,33,35,41,45],"ascension_level":15}