{"gold_per_floor":[112,124,12,12,26,26,44,78,155,210,210,210,76,95,95,198,198,208,243,243,118,118,39,39,0],"floor_reached":25,"playtime":1302,"items_purged":["Strike_B","Strike_B","Writhe"],"score":322,"play_id":"eb085439-019a-4226-a7b5-d34d9ace978c","local_time":"20190121225441","is_ascension_mode":true,"campfire_choices":[{"data":"Lockon","floor":6.0,"key":"SMITH"},{"data":"White Noise","floor":12.0,"key":"SMITH"},{"data":"Fusion","floor":15.0,"key":"SMITH"},{"floor":24.0,"key":"REST"}],"neow_cost":"NONE","seed_source_timestamp":978816939854133,"circlet_count":0,"master_deck":["Strike_B","Strike_B","Defend_B","Defend_B","Defend_B","Defend_B","Zap","Dualcast","Trip","Lockon+1","Genetic Algorithm","Undo","White Noise+1","Sunder","Glacier","Fusion+1","Conserve Battery","Echo Form","Auto Shields+1","Self Repair"],"special_seed":0,"relics":["Cracked Core","Unceasing Top","Mummified Hand","PreservedInsect","Black Star","Red Mask","Matryoshka"],"potions_floor_usage":[25],"damage_taken":[{"damage":0.0,"enemies":"Cultist","floor":1.0,"turns":2.0},{"damage":2.0,"enemies":"Jaw Worm","floor":2.0,"turns":3.0},{"damage":1.0,"enemies":"2 Louse","floor":5.0,"turns":3.0},{"damage":1.0,"enemies":"2 Fungi Beasts","floor":7.0,"turns":3.0},{"damage":0.0,"enemies":"3 Sentries","floor":8.0,"turns":7.0},{"damage":18.0,"enemies":"Lagavulin Event","floor":10.0,"turns":5.0},{"damage":1.0,"enemies":"Exordium Wildlife","floor":14.0,"turns":4.0},{"damage":11.0,"enemies":"The Guardian","floor":16.0,"turns":13.0},{"damage":20.0,"enemies":"3 Byrds","floor":18.0,"turns":7.0},{"damage":41.0,"enemies":"Masked Bandits","floor":19.0,"turns":5.0},{"damage":27,"enemies":"2 Thieves","floor":25,"turns":2}],"seed_played":"5663183782019004689","potions_obtained":[{"floor":1.0,"key":"Poison Potion"},{"floor":5.0,"key":"AttackPotion"},{"floor":18.0,"key":"Strength Potion"},{"floor":19.0,"key":"LiquidBronze"}],"is_trial":false,"path_per_floor":["M","M","$","?","M","R","M","E","T","?","?","R","$","M","R","B",null,"M","?","?","$","?","$","R","M"],"character_chosen":"DEFECT","items_purchased":["Undo","Fusion","Self Repair"],"campfire_rested":1,"item_purchase_floors":[3,13,23],"current_hp_per_floor":[68,66,66,66,65,65,64,64,64,46,46,46,46,45,45,34,65,45,4,4,4,4,4,26,0],"gold":0,"neow_bonus":"RANDOM_COLORLESS","is_prod":false,"is_daily":false,"chose_seed":false,"campfire_upgraded":3,"win_rate":0,"timestamp":1548078881,"path_taken":["M","M","$","?","M","R","M","E","T","?","?","R","$","M","R","BOSS","M","?","?","$","?","$","R","M"],"build_version":"2019-01-17v2","purchased_purges":3,"victory":false,"max_hp_per_floor":[75,75,75,75,75,75,75,75,75,75,75,75,75,75,75,75,75,75,75,75,75,75,75,75,75],"card_choices":[{"not_picked":["Turbo","Cold Snap"],"picked":"Lockon","floor":1.0},{"not_picked":["Steam Power","Stack"],"picked":"Genetic Algorithm","floor":2.0},{"not_picked":["Stack","Aggregate"],"picked":"White Noise","floor":5.0},{"not_picked":["Compile Driver","Scrape"],"picked":"Sunder","floor":7.0},{"not_picked":["Chaos","Beam Cell","All For One"],"picked":"SKIP","floor":8.0},{"not_picked":["Turbo","Auto Shields"],"picked":"Glacier","floor":10.0},{"not_picked":["Compile Driver","Sweeping Beam"],"picked":"Conserve Battery","floor":14.0},{"not_picked":["Biased Cognition","Reboot"],"picked":"Echo Form","floor":16.0},{"not_picked":["Go for the Eyes","Gash","Chaos"],"picked":"SKIP","floor":18.0},{"not_picked":["Hologram+1","Rebound+1"],"picked":"Auto Shields+1","floor":19.0}],"player_experience":432585,"relics_obtained":[{"floor":8.0,"key":"Unceasing Top"},{"floor":9.0,"key":"Mummified Hand"},{"floor":10.0,"key":"PreservedInsect"},{"floor":19.0,"key":"Red Mask"}],"event_choices":[{"damage_healed":0.0,"max_hp_gain":0.0,"max_hp_loss":0.0,"gold_gain":0.0,"event_name":"The Cleric","player_choice":"Leave","floor":4.0,"gold_loss":0.0,"damage_taken":0.0},{"damage_healed":0.0,"max_hp_gain":0.0,"max_hp_loss":0.0,"gold_gain":30.0,"event_name":"Dead Adventurer","player_choice":"Searched \u00272\u0027 times","floor":10.0,"gold_loss":0.0,"damage_taken":0.0},{"damage_healed":0.0,"max_hp_gain":0.0,"max_hp_loss":0.0,"gold_gain":0.0,"event_name":"Golden Idol","player_choice":"Ignored","floor":11.0,"gold_loss":0.0,"damage_taken":0.0},{"damage_healed":0.0,"max_hp_gain":0.0,"max_hp_loss":0.0,"gold_gain":0.0,"event_name":"Masked Bandits","player_choice":"Fought Bandits","floor":19.0,"gold_loss":0.0,"damage_taken":0.0},{"damage_healed":0.0,"max_hp_gain":0.0,"max_hp_loss":0.0,"gold_gain":0.0,"event_name":"The Mausoleum","player_choice":"Opened","floor":20.0,"gold_loss":0.0,"damage_taken":0.0,"relics_obtained":["Matryoshka"],"cards_obtained":["Writhe"]},{"damage_healed":0.0,"max_hp_gain":0.0,"max_hp_loss":0.0,"gold_gain":0.0,"event_name":"Cursed Tome","player_choice":"Ignored","floor":22.0,"gold_loss":0.0,"damage_taken":0.0}],"is_beta":false,"boss_relics":[{"not_picked":["FrozenCore","Cursed Key"],"picked":"Black Star"}],"items_purged_floors":[3,13,21],"is_endless":false,"potions_floor_spawned":[1,5,18,19],"killed_by":"2 Thieves","ascension_level":9}