{"gold_per_floor":[117,192,206,226,226,252,252,263,263,263],"floor_reached":10,"playtime":304,"items_purged":[],"score":71,"play_id":"953f7282-995a-4be8-8563-ad783fec729b","local_time":"20181029095806","is_ascension_mode":true,"campfire_choices":[],"neow_cost":"NONE","seed_source_timestamp":74454679801531,"circlet_count":0,"master_deck":["Strike_B","Strike_B","Strike_B","Strike_B","Defend_B","Defend_B","Defend_B","Defend_B","Zap","Dualcast","Impatience","Stack","White Noise","Streamline","Conserve Battery+1","Consume+1"],"relics":["Cracked Core","Toxic Egg 2","Molten Egg 2","Shovel","Incense Burner"],"potions_floor_usage":[6],"damage_taken":[{"damage":0,"enemies":"Small Slimes","floor":1,"turns":2},{"damage":1,"enemies":"Jaw Worm","floor":3,"turns":3},{"damage":1,"enemies":"Cultist","floor":4,"turns":4},{"damage":30,"enemies":"Lagavulin","floor":6,"turns":6},{"damage":8,"enemies":"Gremlin Gang","floor":8,"turns":2},{"damage":10,"enemies":"Gremlin Nob","floor":10,"turns":2}],"seed_played":"-4065541579307802596","potions_obtained":[{"floor":1,"key":"LiquidBronze"}],"is_trial":false,"path_per_floor":["M","?","M","M","T","E","?","M","T"],"character_chosen":"DEFECT","items_purchased":[],"campfire_rested":0,"item_purchase_floors":[],"current_hp_per_floor":[75,64,63,62,62,32,14,6,6,0],"gold":263,"neow_bonus":"RANDOM_COLORLESS","is_prod":false,"is_daily":false,"chose_seed":false,"campfire_upgraded":0,"win_rate":0,"timestamp":1540825086,"path_taken":["M","?","?","?","?","E","?","M","T","E"],"build_version":"2018-10-18","purchased_purges":0,"victory":false,"max_hp_per_floor":[75,75,75,75,75,75,75,75,75,75],"card_choices":[{"not_picked":["Hologram","Compile Driver"],"picked":"Stack","floor":1},{"not_picked":["Rebound","Streamline"],"picked":"White Noise","floor":3},{"not_picked":["Rebound","Compile Driver"],"picked":"Streamline","floor":4},{"not_picked":["Compile Driver","Heatsinks"],"picked":"Conserve Battery+1","floor":6},{"not_picked":["Compile Driver+1","Beam Cell+1"],"picked":"Consume+1","floor":8}],"player_experience":378875,"relics_obtained":[{"floor":5,"key":"Toxic Egg 2"},{"floor":6,"key":"Molten Egg 2"},{"floor":9,"key":"Incense Burner"}],"event_choices":[{"damage_healed":0,"gold_gain":75,"player_choice":"Gather Gold","damage_taken":11,"max_hp_gain":0,"max_hp_loss":0,"event_name":"World of Goop","floor":2,"gold_loss":0},{"damage_healed":0,"gold_gain":0,"player_choice":"Success","damage_taken":18,"relics_obtained":["Shovel"],"max_hp_gain":0,"max_hp_loss":0,"event_name":"Scrap Ooze","floor":7,"gold_loss":0}],"is_beta":false,"boss_relics":[],"items_purged_floors":[],"is_endless":false,"potions_floor_spawned":[1],"killed_by":"Gremlin Nob","ascension_level":1}