{"gold_per_floor":[10,29,29,29,29,29,64,64,64,121,3,20,30,40,40,117,117,133,133,150,65,65,97,116,150,175,202,202,21,32,32,32,104,104,120,120,139,151,167,167,199,199,199,225,225,279,298,324,324,324,324,324,324,48,78,78],"floor_reached":57,"playtime":1921,"items_purged":["Strike_B","Strike_B"],"score":2756,"play_id":"57abe54d-8429-43b8-9090-6b4ace56b9bd","local_time":"20190403234052","is_ascension_mode":true,"campfire_choices":[{"floor":6,"key":"REST"},{"data":"Defragment","floor":8,"key":"SMITH"},{"data":"Loop","floor":15,"key":"SMITH"},{"data":"Consume","floor":28,"key":"SMITH"},{"data":"Storm","floor":32,"key":"SMITH"},{"floor":40,"key":"RECALL"},{"data":"Echo Form","floor":42,"key":"SMITH"},{"data":"Thunder Strike","floor":45,"key":"SMITH"},{"data":"Coolheaded","floor":49,"key":"SMITH"},{"data":"Conserve Battery","floor":53,"key":"SMITH"}],"neow_cost":"NO_GOLD","seed_source_timestamp":103826814491200,"circlet_count":0,"master_deck":["AscendersBane","Defend_B","Defend_B","Defend_B","Dualcast","Ball Lightning","Leap","Gash","Defragment+1","Self Repair","Lockon","Ball Lightning","White Noise","Loop+1","Electrodynamics","Storm+1","Chill","Hologram","Consume+1","Conserve Battery+1","Storm+1","Coolheaded+1","Creative AI","Genetic Algorithm+1","Auto Shields+1","Thunder Strike+1","Echo Form+1","Stack","Heatsinks+1","Storm+1","Coolheaded","Hologram+1"],"relics":["Cracked Core","Juzu Bracelet","Meat on the Bone","Mummified Hand","Question Card","Tiny Chest","Inserter","Gremlin Horn","Pear","Symbiotic Virus","Potion Belt","Blue Candle","Snecko Eye","Shuriken","Ancient Tea Set","Frozen Egg 2","Pantograph","FossilizedHelix","Boot","Vajra"],"potions_floor_usage":[7,25,30,50,56,56,56,56],"damage_taken":[{"damage":4,"enemies":"Small Slimes","floor":1,"turns":3},{"damage":2,"enemies":"Jaw Worm","floor":2,"turns":3},{"damage":14,"enemies":"Lagavulin","floor":7,"turns":8},{"damage":36,"enemies":"Gremlin Nob","floor":10,"turns":4},{"damage":0,"enemies":"Cultist","floor":12,"turns":3},{"damage":0,"enemies":"Large Slime","floor":13,"turns":3},{"damage":11,"enemies":"Looter","floor":14,"turns":2},{"damage":14,"enemies":"Hexaghost","floor":16,"turns":6},{"damage":0,"enemies":"Chosen","floor":18,"turns":3},{"damage":16,"enemies":"Shell Parasite","floor":20,"turns":2},{"damage":25,"enemies":"Book of Stabbing","floor":23,"turns":3},{"damage":10,"enemies":"Snake Plant","floor":24,"turns":2},{"damage":29,"enemies":"Slavers","floor":25,"turns":2},{"damage":40,"enemies":"Book of Stabbing","floor":27,"turns":4},{"damage":0,"enemies":"Chosen and Byrds","floor":30,"turns":2},{"damage":1,"enemies":"Collector","floor":33,"turns":5},{"damage":0,"enemies":"3 Darklings","floor":35,"turns":2},{"damage":0,"enemies":"3 Shapes","floor":37,"turns":2},{"damage":13,"enemies":"Maw","floor":38,"turns":4},{"damage":6,"enemies":"Sphere and 2 Shapes","floor":39,"turns":4},{"damage":8,"enemies":"Giant Head","floor":41,"turns":6},{"damage":0,"enemies":"Reptomancer","floor":44,"turns":2},{"damage":0,"enemies":"2 Orb Walkers","floor":46,"turns":2},{"damage":0,"enemies":"Transient","floor":47,"turns":5},{"damage":2,"enemies":"Time Eater","floor":50,"turns":4},{"damage":59,"enemies":"Awakened One","floor":51,"turns":5},{"damage":40,"enemies":"Shield and Spear","floor":55,"turns":3},{"damage":23,"enemies":"The Heart","floor":56,"turns":5}],"seed_played":"-7963521916933098109","potions_obtained":[{"floor":2,"key":"Explosive Potion"},{"floor":10,"key":"GamblersBrew"},{"floor":14,"key":"Strength Potion"},{"floor":24,"key":"Fire Potion"},{"floor":25,"key":"Block Potion"},{"floor":38,"key":"Block Potion"},{"floor":39,"key":"PowerPotion"},{"floor":44,"key":"SteroidPotion"}],"is_trial":false,"path_per_floor":["M","M","?","?","T","R","E","R","T","E","$","M","M","M","R","B",null,"M","T","M","?","?","E","M","E","T","E","R","$","M","?","R","B",null,"M","T","M","M","M","R","E","R","T","E","R","?","M","T","R","B","B",null,"R","$","E","B",null],"character_chosen":"DEFECT","items_purchased":["Lockon","Conserve Battery","Block Potion","Storm+1","FocusPotion","Weak Potion","Coolheaded"],"campfire_rested":1,"item_purchase_floors":[11,29,29,54,54,54,54],"current_hp_per_floor":[60,58,23,23,23,44,42,42,42,18,18,37,44,45,45,50,66,71,71,55,65,65,59,56,46,46,25,25,25,44,44,44,50,73,80,80,81,75,69,69,68,68,68,75,75,81,81,81,81,81,41,71,71,71,50,59],"gold":78,"neow_bonus":"REMOVE_TWO","is_prod":false,"is_daily":false,"chose_seed":false,"campfire_upgraded":8,"win_rate":0,"timestamp":1554302452,"path_taken":["M","M","?","?","?","R","E","R","T","E","$","M","M","M","R","BOSS","M","?","M","?","?","E","M","E","T","E","R","$","M","?","R","BOSS","M","?","M","M","M","R","E","R","T","E","R","?","M","?","R","BOSS","BOSS","R","$","E","BOSS"],"build_version":"2019-01-23","purchased_purges":2,"victory":true,"max_hp_per_floor":[71,71,71,71,71,71,71,71,71,71,71,71,71,71,71,71,71,71,71,71,81,81,81,81,81,81,81,81,81,81,81,81,81,81,81,81,81,81,81,81,81,81,81,81,81,81,81,81,81,81,81,81,81,81,81,81],"card_choices":[{"not_picked":["Leap","Recycle"],"picked":"Ball Lightning","floor":1},{"not_picked":["Gash","Stack"],"picked":"Leap","floor":2},{"not_picked":["Double Energy","Leap"],"picked":"Defragment","floor":7},{"not_picked":["Chaos","Barrage","Stack"],"picked":"Self Repair","floor":10},{"not_picked":["Thunder Strike","Turbo","White Noise"],"picked":"Ball Lightning","floor":12},{"not_picked":["Redo","Scrape","Hello World"],"picked":"White Noise","floor":13},{"not_picked":["Self Repair","Leap","Go for the Eyes"],"picked":"Loop","floor":14},{"not_picked":["Core Surge","Multi-Cast","Creative AI"],"picked":"Electrodynamics","floor":16},{"not_picked":["Sweeping Beam+1","Sunder","Redo"],"picked":"Storm+1","floor":18},{"not_picked":["Rebound","Hello World","Turbo","Multi-Cast"],"picked":"SKIP","floor":20},{"not_picked":["Rebound","Hello World","Turbo","Multi-Cast"],"picked":"SKIP","floor":20},{"not_picked":["Barrage","Chaos","Auto Shields"],"picked":"Chill","floor":23},{"not_picked":["Conserve Battery","Cold Snap","Leap"],"picked":"Hologram","floor":24},{"not_picked":["Chill","All For One","Hello World"],"picked":"Consume","floor":25},{"not_picked":["Steam","Hyperbeam","Scrape","Ball Lightning"],"picked":"SKIP","floor":27},{"not_picked":["Cold Snap","Turbo","Go for the Eyes"],"picked":"Storm","floor":30},{"not_picked":["Thunder Strike","Seek","Meteor Strike"],"picked":"Creative AI","floor":33},{"not_picked":["Leap","Rebound+1","Streamline","Conserve Battery"],"picked":"SKIP","floor":35},{"not_picked":["Cold Snap+1","Conserve Battery","Stack+1"],"picked":"Genetic Algorithm+1","floor":37},{"not_picked":["Beam Cell","Reprogram+1","Rebound+1"],"picked":"Auto Shields+1","floor":38},{"not_picked":["Sweeping Beam","Leap","Cold Snap+1"],"picked":"Thunder Strike","floor":39},{"not_picked":["Ball Lightning","Chill","Double Energy"],"picked":"Echo Form","floor":41},{"not_picked":["Cold Snap","Streamline+1","Stack","Redo+1"],"picked":"SKIP","floor":44},{"not_picked":["White Noise+1","Steam Power","Cold Snap"],"picked":"Stack","floor":46},{"not_picked":["Rebound","Steam Power","Conserve Battery"],"picked":"Heatsinks+1","floor":47},{"not_picked":["Stack","Gash","Steam"],"picked":"Hologram+1","floor":55}],"player_experience":4693629,"relics_obtained":[{"floor":5,"key":"Meat on the Bone"},{"floor":7,"key":"Mummified Hand"},{"floor":9,"key":"Question Card"},{"floor":10,"key":"Tiny Chest"},{"floor":19,"key":"Gremlin Horn"},{"floor":23,"key":"Symbiotic Virus"},{"floor":25,"key":"Potion Belt"},{"floor":27,"key":"Blue Candle"},{"floor":36,"key":"Shuriken"},{"floor":41,"key":"Ancient Tea Set"},{"floor":43,"key":"Frozen Egg 2"},{"floor":44,"key":"Pantograph"},{"floor":46,"key":"FossilizedHelix"},{"floor":48,"key":"Boot"},{"floor":55,"key":"Vajra"}],"event_choices":[{"damage_healed":0,"gold_gain":0,"player_choice":"Success","damage_taken":35,"relics_obtained":["Juzu Bracelet"],"max_hp_gain":0,"max_hp_loss":0,"event_name":"Scrap Ooze","floor":3,"gold_loss":0},{"damage_healed":0,"gold_gain":0,"cards_transformed":["Strike_B"],"player_choice":"Change","damage_taken":0,"max_hp_gain":0,"max_hp_loss":0,"event_name":"Living Wall","floor":4,"gold_loss":0,"cards_obtained":["Gash"]},{"damage_healed":0,"gold_gain":0,"player_choice":"Obtained Relic","damage_taken":0,"relics_obtained":["Pear"],"max_hp_gain":0,"max_hp_loss":0,"event_name":"Addict","floor":21,"gold_loss":85},{"damage_healed":0,"gold_gain":0,"player_choice":"Ignored","damage_taken":0,"max_hp_gain":0,"max_hp_loss":0,"event_name":"Beggar","floor":22,"gold_loss":0},{"damage_healed":0,"gold_gain":0,"cards_transformed":["Zap"],"player_choice":"Transformed","damage_taken":0,"max_hp_gain":0,"max_hp_loss":0,"event_name":"Transmorgrifier","floor":31,"gold_loss":0,"cards_obtained":["Coolheaded"]},{"damage_healed":0,"gold_gain":0,"player_choice":"Fight","damage_taken":0,"max_hp_gain":0,"max_hp_loss":0,"event_name":"Mysterious Sphere","floor":46,"gold_loss":0}],"is_beta":false,"boss_relics":[{"not_picked":["Calling Bell","Runic Pyramid"],"picked":"Inserter"},{"not_picked":["Velvet Choker","Tiny House"],"picked":"Snecko Eye"}],"items_purged_floors":[11,29],"is_endless":false,"potions_floor_spawned":[2,10,14,16,23,24,25,38,39,44,46],"ascension_level":20}