{"gold_per_floor":[110,60,60,72,0,28,28,63,86,97,112,112,112,112,112,209,209,226,236,236,236,236],"floor_reached":22,"playtime":927,"items_purged":[],"score":315,"play_id":"838b4b7d-8e54-46e1-a08e-217e114cf258","local_time":"20190602225746","is_ascension_mode":true,"campfire_choices":[{"data":"Demon Form","floor":7,"key":"SMITH"},{"data":"Disarm","floor":12,"key":"SMITH"},{"data":"Armaments","floor":15,"key":"SMITH"}],"neow_cost":"NONE","seed_source_timestamp":184846521327789,"circlet_count":0,"master_deck":["Strike_R","Strike_R","Strike_R","Defend_R","Defend_R","Defend_R","Defend_R","Bash","Clothesline","Shrug It Off","Feel No Pain","Demon Form+1","Armaments+1","Disarm+1","Limit Break","Shrug It Off","Second Wind"],"relics":["Black Blood","NeowsBlessing","Question Card","Lantern","Juzu Bracelet","FaceOfCleric","Nloth\u0027s Gift"],"potions_floor_usage":[8,22,22],"damage_taken":[{"damage":0,"enemies":"Small Slimes","floor":1,"turns":1},{"damage":0,"enemies":"Jaw Worm","floor":4,"turns":1},{"damage":0,"enemies":"Gremlin Nob","floor":6,"turns":1},{"damage":24,"enemies":"3 Sentries","floor":8,"turns":9},{"damage":7,"enemies":"2 Louse","floor":10,"turns":3},{"damage":26,"enemies":"Exordium Wildlife","floor":11,"turns":6},{"damage":13,"enemies":"Hexaghost","floor":16,"turns":12},{"damage":49,"enemies":"Spheric Guardian","floor":18,"turns":8},{"damage":11,"enemies":"Shell Parasite","floor":19,"turns":8},{"damage":43,"enemies":"Colosseum Slavers","floor":22,"turns":3}],"seed_played":"-1310466007539361169","potions_obtained":[{"floor":6,"key":"SteroidPotion"},{"floor":10,"key":"Poison Potion"},{"floor":11,"key":"GamblersBrew"},{"floor":19,"key":"Strength Potion"}],"is_trial":false,"path_per_floor":["M","?","?","M","$","E","R","E","T","M","M","R","?","?","R","B",null,"M","M","?","?","?"],"character_chosen":"IRONCLAD","items_purchased":["Feel No Pain"],"campfire_rested":0,"item_purchase_floors":[5],"current_hp_per_floor":[78,78,83,85,85,85,85,67,67,66,46,46,34,34,34,28,72,34,34,34,34,0],"gold":236,"neow_bonus":"THREE_ENEMY_KILL","is_prod":false,"is_daily":false,"chose_seed":false,"campfire_upgraded":3,"win_rate":0,"timestamp":1559530666,"path_taken":["M","?","?","M","?","E","R","E","T","M","M","R","?","?","R","BOSS","M","M","?","?","?"],"build_version":"2019-01-23","purchased_purges":0,"victory":false,"max_hp_per_floor":[80,80,85,85,85,85,85,85,85,85,85,85,85,85,85,86,86,87,88,88,88,88],"card_choices":[{"not_picked":["Wild Strike","Uppercut"],"picked":"Clothesline","floor":1},{"not_picked":["Rampage","Whirlwind"],"picked":"Shrug It Off","floor":4},{"not_picked":["Blood for Blood","Clothesline"],"picked":"Demon Form","floor":6},{"not_picked":["Corruption","Whirlwind","Anger"],"picked":"SKIP","floor":8},{"not_picked":["Immolate","Perfected Strike","Cleave"],"picked":"Armaments","floor":10},{"not_picked":["Whirlwind","Wild Strike","Combust"],"picked":"Disarm","floor":11},{"not_picked":["Brutality","Offering","Barricade"],"picked":"Limit Break","floor":16},{"not_picked":["Fire Breathing","Warcry+1","Wild Strike","Havoc"],"picked":"SKIP","floor":18},{"not_picked":["Uppercut","Combust+1","Thunderclap+1"],"picked":"Shrug It Off","floor":19}],"player_experience":373087,"relics_obtained":[{"floor":6,"key":"Smiling Mask"},{"floor":8,"key":"Question Card"},{"floor":9,"key":"Lantern"}],"event_choices":[{"cards_removed":["Strike_R"],"damage_healed":0,"gold_gain":0,"player_choice":"Card Removal","damage_taken":0,"max_hp_gain":0,"max_hp_loss":0,"event_name":"The Cleric","floor":2,"gold_loss":50},{"damage_healed":0,"gold_gain":0,"player_choice":"Donut","damage_taken":0,"max_hp_gain":5,"max_hp_loss":0,"event_name":"Big Fish","floor":3,"gold_loss":0},{"damage_healed":0,"gold_gain":0,"player_choice":"Success","damage_taken":12,"relics_obtained":["Juzu Bracelet"],"max_hp_gain":0,"max_hp_loss":0,"event_name":"Scrap Ooze","floor":13,"gold_loss":0},{"damage_healed":0,"gold_gain":0,"player_choice":"Trade","damage_taken":0,"relics_obtained":["FaceOfCleric"],"max_hp_gain":0,"max_hp_loss":0,"event_name":"FaceTrader","floor":14,"gold_loss":0},{"damage_healed":0,"gold_gain":0,"player_choice":"Traded Relic","damage_taken":0,"relics_obtained":["Nloth\u0027s Gift"],"max_hp_gain":0,"max_hp_loss":0,"event_name":"N\u0027loth","floor":20,"relics_lost":["Smiling Mask"],"gold_loss":0},{"damage_healed":0,"gold_gain":0,"cards_transformed":["Strike_R"],"player_choice":"Transformed","damage_taken":0,"max_hp_gain":0,"max_hp_loss":0,"event_name":"Transmorgrifier","floor":21,"gold_loss":0,"cards_obtained":["Second Wind"]},{"damage_healed":0,"gold_gain":0,"player_choice":"Fight","damage_taken":0,"max_hp_gain":0,"max_hp_loss":0,"event_name":"Colosseum","floor":22,"gold_loss":0}],"is_beta":false,"boss_relics":[{"not_picked":["Busted Crown","Eternal Feather"],"picked":"Black Blood"}],"items_purged_floors":[],"is_endless":false,"potions_floor_spawned":[6,10,11,19],"killed_by":"Colosseum Slavers","ascension_level":9}