{"gold_per_floor":[117,129,145,145,156,156,170,170,170,170,18,33,64,64,64,64],"floor_reached":16,"playtime":529,"items_purged":["Strike_G"],"score":179,"play_id":"9e2e669f-826d-4f87-9d5c-b4551521be22","local_time":"20190209093100","is_ascension_mode":true,"campfire_choices":[{"data":"Bouncing Flask","floor":6,"key":"SMITH"},{"floor":8,"key":"REST"},{"floor":15,"key":"REST"}],"neow_cost":"NONE","seed_source_timestamp":2573052441151200,"circlet_count":0,"master_deck":["AscendersBane","Defend_G","Defend_G","Defend_G","Defend_G","Defend_G","Strike_G","Strike_G","Strike_G","Survivor","Neutralize","Bouncing Flask+1","Dagger Spray","Quick Slash","Prepared","Dagger Throw","Crippling Poison","Leg Sweep","Corpse Explosion"],"relics":["Ring of the Snake","Bronze Scales","Sundial","Thread and Needle"],"potions_floor_usage":[2,13],"damage_taken":[{"damage":0,"enemies":"Small Slimes","floor":1,"turns":5},{"damage":6,"enemies":"2 Louse","floor":2,"turns":3},{"damage":7,"enemies":"Jaw Worm","floor":3,"turns":5},{"damage":15,"enemies":"Large Slime","floor":5,"turns":7},{"damage":6,"enemies":"Looter","floor":7,"turns":3},{"damage":23,"enemies":"Exordium Wildlife","floor":12,"turns":4},{"damage":22,"enemies":"Gremlin Nob","floor":13,"turns":4},{"damage":34,"enemies":"Slime Boss","floor":16,"turns":3}],"seed_played":"840359780725178896","potions_obtained":[{"floor":1,"key":"Block Potion"},{"floor":2,"key":"Fruit Juice"}],"is_trial":false,"path_per_floor":["M","M","M","?","M","R","M","R","T","?","$","M","E","?","R","B"],"character_chosen":"THE_SILENT","items_purchased":["Crippling Poison"],"campfire_rested":2,"item_purchase_floors":[11],"current_hp_per_floor":[59,58,51,46,31,31,25,46,46,46,46,23,1,1,22,0],"gold":64,"neow_bonus":"REMOVE_CARD","is_prod":false,"is_daily":false,"chose_seed":false,"campfire_upgraded":1,"win_rate":0,"timestamp":1549672260,"path_taken":["M","M","M","?","M","R","M","R","T","?","?","M","E","?","R","BOSS"],"build_version":"2019-01-23","purchased_purges":1,"victory":false,"max_hp_per_floor":[66,71,71,71,71,71,71,71,71,71,71,71,71,71,71,71],"card_choices":[{"not_picked":["Flying Knee","Dash"],"picked":"Bouncing Flask","floor":1},{"not_picked":["Dagger Throw","Flying Knee"],"picked":"Dagger Spray","floor":2},{"not_picked":["Cloak And Dagger","Concentrate"],"picked":"Quick Slash","floor":3},{"not_picked":["Choke","Dagger Spray"],"picked":"Prepared","floor":5},{"not_picked":["Finisher","Reflex"],"picked":"Dagger Throw","floor":7},{"not_picked":["Blur","Outmaneuver"],"picked":"Leg Sweep","floor":12},{"not_picked":["All Out Attack","Backflip"],"picked":"Corpse Explosion","floor":13}],"player_experience":587974,"relics_obtained":[{"floor":9,"key":"Sundial"},{"floor":13,"key":"Thread and Needle"}],"event_choices":[{"damage_healed":0,"gold_gain":0,"player_choice":"Success","damage_taken":5,"relics_obtained":["Bronze Scales"],"max_hp_gain":0,"max_hp_loss":0,"event_name":"Scrap Ooze","floor":4,"gold_loss":0},{"damage_healed":0,"gold_gain":0,"player_choice":"Ignored","damage_taken":0,"max_hp_gain":0,"max_hp_loss":0,"event_name":"Shining Light","floor":10,"gold_loss":0},{"damage_healed":0,"gold_gain":0,"player_choice":"Ignored","damage_taken":0,"max_hp_gain":0,"max_hp_loss":0,"event_name":"Golden Wing","floor":14,"gold_loss":0}],"is_beta":false,"boss_relics":[],"items_purged_floors":[11],"is_endless":false,"potions_floor_spawned":[1,2],"killed_by":"Slime Boss","ascension_level":15}