{"gold_per_floor":[110,126,140,215,9,36,36,62,62,89,89,89,99,117,117,191,191,201,201,211,211],"floor_reached":21,"playtime":792,"items_purged":[],"score":350,"play_id":"517fcf29-ec4c-4a68-9767-60f19f40212e","local_time":"20190421234439","is_ascension_mode":true,"campfire_choices":[{"data":"A Thousand Cuts","floor":7.0,"key":"SMITH"},{"floor":12.0,"key":"REST"},{"floor":15.0,"key":"REST"}],"neow_cost":"NONE","seed_source_timestamp":805537338608371,"circlet_count":0,"master_deck":["AscendersBane","Defend_G","Defend_G","Defend_G","Defend_G","Defend_G","Strike_G","Strike_G","Survivor","Neutralize","Escape Plan","Deflect","Deadly Poison","Metamorphosis","A Thousand Cuts+1","Backflip","Escape Plan","Night Terror","Bouncing Flask+1","Storm of Steel+1","Storm of Steel+1","Reflex+1"],"special_seed":0,"relics":["Ring of the Snake","NeowsBlessing","Boot","Happy Flower","Potion Belt","Bag of Preparation","Astrolabe"],"potions_floor_usage":[20],"damage_taken":[{"damage":0.0,"enemies":"Cultist","floor":1.0,"turns":1.0},{"damage":0.0,"enemies":"2 Louse","floor":2.0,"turns":1.0},{"damage":0.0,"enemies":"Jaw Worm","floor":3.0,"turns":1.0},{"damage":9.0,"enemies":"3 Sentries","floor":6.0,"turns":5.0},{"damage":29.0,"enemies":"Gremlin Nob","floor":10.0,"turns":5.0},{"damage":0.0,"enemies":"2 Fungi Beasts","floor":13.0,"turns":3.0},{"damage":5.0,"enemies":"Looter","floor":14.0,"turns":3.0},{"damage":33.0,"enemies":"Slime Boss","floor":16.0,"turns":9.0},{"damage":42.0,"enemies":"Shell Parasite","floor":18.0,"turns":9.0},{"damage":0,"enemies":"3 Byrds","floor":20,"turns":1},{"damage":15,"enemies":"Cultist and Chosen","floor":21,"turns":3}],"seed_played":"2927840200528162401","potions_obtained":[{"floor":1.0,"key":"SneckoOil"},{"floor":2.0,"key":"Explosive Potion"},{"floor":3.0,"key":"AttackPotion"},{"floor":16.0,"key":"SkillPotion"},{"floor":18.0,"key":"SpeedPotion"},{"floor":20,"key":"SteroidPotion"}],"is_trial":false,"path_per_floor":["M","M","M","?","$","E","R","T","T","E","?","R","M","M","R","B",null,"M","?","M","M"],"character_chosen":"THE_SILENT","items_purchased":["Metamorphosis"],"campfire_rested":2,"item_purchase_floors":[5],"current_hp_per_floor":[59,59,59,48,48,39,39,39,39,10,10,29,29,24,43,10,52,10,10,10,0],"gold":211,"neow_bonus":"THREE_ENEMY_KILL","is_prod":false,"is_daily":false,"chose_seed":false,"campfire_upgraded":1,"win_rate":0,"timestamp":1555857879,"path_taken":["M","M","?","?","$","E","R","?","T","E","?","R","M","M","R","BOSS","M","?","M","M"],"build_version":"2019-04-20","purchased_purges":0,"victory":false,"max_hp_per_floor":[66,66,66,66,66,66,66,66,66,66,66,66,66,66,66,66,66,66,66,66,66],"card_choices":[{"not_picked":["Heel Hook","Distraction"],"picked":"Escape Plan","floor":1.0},{"not_picked":["Poisoned Stab","Slice"],"picked":"Deflect","floor":2.0},{"not_picked":["Deflect","Underhanded Strike"],"picked":"Deadly Poison","floor":3.0},{"not_picked":["Infinite Blades","Terror"],"picked":"A Thousand Cuts","floor":6.0},{"not_picked":["Blade Dance","Caltrops"],"picked":"Backflip","floor":10.0},{"not_picked":["Underhanded Strike","Skewer","Deadly Poison"],"picked":"SKIP","floor":13.0},{"not_picked":["Flechettes","Outmaneuver"],"picked":"Escape Plan","floor":14.0},{"not_picked":["Tools of the Trade","Wraith Form v2"],"picked":"Night Terror","floor":16.0},{"not_picked":["Choke","Infinite Blades+1"],"picked":"Reflex+1","floor":18.0},{"not_picked":["Accuracy","Blade Dance","Outmaneuver"],"picked":"SKIP","floor":20}],"player_experience":3002730,"relics_obtained":[{"floor":6.0,"key":"Boot"},{"floor":8.0,"key":"Happy Flower"},{"floor":9.0,"key":"Potion Belt"},{"floor":10.0,"key":"Bag of Preparation"}],"event_choices":[{"damage_healed":0.0,"max_hp_gain":0.0,"max_hp_loss":0.0,"gold_gain":75.0,"event_name":"World of Goop","player_choice":"Gather Gold","floor":4.0,"gold_loss":0.0,"damage_taken":11.0},{"damage_healed":0.0,"max_hp_gain":0.0,"max_hp_loss":0.0,"gold_gain":0.0,"event_name":"Scrap Ooze","player_choice":"Fled","floor":11.0,"gold_loss":0.0,"damage_taken":0.0},{"damage_healed":0.0,"max_hp_gain":0.0,"max_hp_loss":0.0,"gold_gain":0.0,"event_name":"Cursed Tome","player_choice":"Ignored","floor":19.0,"gold_loss":0.0,"damage_taken":0.0}],"is_beta":true,"boss_relics":[{"not_picked":["Calling Bell","Snecko Eye"],"picked":"Astrolabe"}],"items_purged_floors":[],"is_endless":false,"potions_floor_spawned":[1,2,3,16,18,20],"killed_by":"Cultist and Chosen","ascension_level":17}