{"gold_per_floor":[12,87,237,253,268,268,287,304,304,304,304,68,68,84,84,156,156,174,174,187,197,207,207,224,240,240,255,255,267,192,192,192,271,271,290,308,228,228,242,242,57,92,92,106,138,158,158,173,173,173],"floor_reached":50,"playtime":4039,"items_purged":["Doubt","Defend_B"],"score":925,"play_id":"a2787ffb-e134-4305-92c5-0026b22af5f4","local_time":"20190409073547","is_ascension_mode":true,"campfire_choices":[{"floor":6.0,"key":"REST"},{"floor":10.0,"key":"REST"},{"floor":15.0,"key":"REST"},{"data":"Hologram","floor":23.0,"key":"SMITH"},{"data":"Sunder","floor":28.0,"key":"SMITH"},{"data":"Coolheaded","floor":32.0,"key":"SMITH"},{"data":"Amplify","floor":40,"key":"SMITH"},{"data":"Thunder Strike","floor":47,"key":"SMITH"},{"floor":49,"key":"RECALL"}],"neow_cost":"NO_GOLD","seed_source_timestamp":3477057646652654,"circlet_count":0,"master_deck":["AscendersBane","Defend_B+1","Defend_B","Zap","Dualcast","Electrodynamics","Chill+1","Ball Lightning","Coolheaded+1","Hologram+1","Buffer+1","Echo Form+1","FTL+1","BootSequence+1","Hello World+1","Self Repair+1","Chill","Sunder+1","Heatsinks+1","Amplify+1","Static Discharge+1","Double Energy","Hello World+1","Thunder Strike+1","Cold Snap+1","Capacitor+1"],"special_seed":0,"relics":["Cracked Core","Frozen Egg 2","Lantern","Astrolabe","Snecko Eye","Pantograph","Smiling Mask","Centennial Puzzle"],"potions_floor_usage":[42],"damage_taken":[{"damage":1.0,"enemies":"2 Louse","floor":1.0,"turns":2.0},{"damage":10.0,"enemies":"Jaw Worm","floor":4.0,"turns":5.0},{"damage":8.0,"enemies":"Small Slimes","floor":5.0,"turns":2.0},{"damage":35.0,"enemies":"Exordium Thugs","floor":7.0,"turns":5.0},{"damage":0.0,"enemies":"Gremlin Gang","floor":8.0,"turns":1.0},{"damage":0.0,"enemies":"Looter","floor":14.0,"turns":3.0},{"damage":15.0,"enemies":"The Guardian","floor":16.0,"turns":13.0},{"damage":0.0,"enemies":"3 Byrds","floor":18.0,"turns":3.0},{"damage":0.0,"enemies":"2 Thieves","floor":20.0,"turns":4.0},{"damage":4.0,"enemies":"Shelled Parasite and Fungi","floor":21.0,"turns":7.0},{"damage":19.0,"enemies":"Snake Plant","floor":22.0,"turns":5.0},{"damage":20.0,"enemies":"Sentry and Sphere","floor":24.0,"turns":8.0},{"damage":4.0,"enemies":"Snecko","floor":25.0,"turns":6.0},{"damage":0.0,"enemies":"Centurion and Healer","floor":27.0,"turns":8.0},{"damage":23.0,"enemies":"Shelled Parasite and Fungi","floor":29.0,"turns":7.0},{"damage":64,"enemies":"Champ","floor":33,"turns":13},{"damage":31,"enemies":"3 Darklings","floor":35,"turns":7},{"damage":0,"enemies":"3 Shapes","floor":36,"turns":4},{"damage":14,"enemies":"3 Darklings","floor":39,"turns":4},{"damage":2,"enemies":"Reptomancer","floor":42,"turns":8},{"damage":26,"enemies":"Maw","floor":44,"turns":7},{"damage":5,"enemies":"Nemesis","floor":45,"turns":7},{"damage":16,"enemies":"4 Shapes","floor":46,"turns":5},{"damage":59,"enemies":"Jaw Worm Horde","floor":48,"turns":6},{"damage":50,"enemies":"Awakened One","floor":50,"turns":6}],"seed_played":"-8785780752280236773","potions_obtained":[{"floor":4.0,"key":"FearPotion"},{"floor":7.0,"key":"AttackPotion"},{"floor":16.0,"key":"Swift Potion"},{"floor":27.0,"key":"Fire Potion"},{"floor":29.0,"key":"LiquidBronze"},{"floor":35,"key":"Dexterity Potion"},{"floor":39,"key":"GamblersBrew"},{"floor":44,"key":"SteroidPotion"},{"floor":46,"key":"PowerPotion"}],"is_trial":false,"path_per_floor":["M","?","?","M","M","R","M","M","T","R","?","$","?","M","R","B",null,"M","?","M","M","M","R","M","M","T","M","R","M","?","?","R","B",null,"M","M","$","?","M","R","$","E","T","M","E","M","R","M","R","B"],"character_chosen":"DEFECT","items_purchased":["Lantern","Static Discharge+1","Hello World+1"],"campfire_rested":3,"item_purchase_floors":[12,37,41],"current_hp_per_floor":[63,52,52,42,34,55,20,20,20,41,20,20,20,20,41,26,60,60,60,60,66,67,67,67,71,71,71,71,68,68,68,68,24,59,48,68,68,68,71,71,71,71,71,65,71,71,71,32,32,7],"gold":173,"neow_bonus":"THREE_RARE_CARDS","is_prod":false,"is_daily":false,"chose_seed":false,"campfire_upgraded":5,"win_rate":0,"timestamp":1554762947,"path_taken":["M","?","?","M","M","R","M","M","T","R","?","$","?","?","R","BOSS","M","?","M","?","M","R","M","M","T","M","R","M","?","?","R","BOSS","M","M","$","?","M","R","?","E","T","M","E","M","R","?","R","BOSS"],"build_version":"2019-04-04","purchased_purges":2,"victory":false,"max_hp_per_floor":[71,71,71,71,71,71,71,71,71,71,71,71,71,71,71,71,71,71,71,71,71,71,71,71,71,71,71,71,71,71,71,71,71,71,71,71,71,71,71,71,71,71,71,71,71,71,71,71,71,71],"card_choices":[{"not_picked":["Amplify","Seek"],"picked":"Electrodynamics","floor":0.0},{"not_picked":["Coolheaded","Force Field"],"picked":"Chill","floor":1.0},{"not_picked":["Stack","Beam Cell","Lockon"],"picked":"SKIP","floor":4.0},{"not_picked":["Redo","Recycle"],"picked":"Ball Lightning","floor":5.0},{"not_picked":["Compile Driver","Rebound"],"picked":"Coolheaded","floor":7.0},{"not_picked":["Rebound","Ball Lightning"],"picked":"Hologram","floor":8.0},{"not_picked":["Redo","Gash","Coolheaded"],"picked":"SKIP","floor":14.0},{"not_picked":["Hyperbeam","Amplify"],"picked":"Buffer+1","floor":16.0},{"not_picked":["Stack","Beam Cell"],"picked":"Hello World+1","floor":18.0},{"not_picked":["Coolheaded+1","Steam"],"picked":"Self Repair+1","floor":20.0},{"not_picked":["Reprogram","Rebound","Sweeping Beam"],"picked":"SKIP","floor":21.0},{"not_picked":["Ball Lightning+1","Rebound"],"picked":"Chill","floor":22.0},{"not_picked":["Compile Driver","Genetic Algorithm"],"picked":"Sunder","floor":24.0},{"not_picked":["Hologram","Sunder"],"picked":"Heatsinks+1","floor":25.0},{"not_picked":["Darkness+1","Steam","Turbo"],"picked":"SKIP","floor":27.0},{"not_picked":["Stack","Turbo","Double Energy"],"picked":"SKIP","floor":29.0},{"not_picked":["All For One","Hyperbeam"],"picked":"Amplify","floor":33},{"not_picked":["Conserve Battery","Reprogram","Sweeping Beam"],"picked":"SKIP","floor":35},{"not_picked":["Go for the Eyes","Rebound","Coolheaded+1"],"picked":"SKIP","floor":36},{"not_picked":["Conserve Battery+1","Cold Snap"],"picked":"Double Energy","floor":39},{"not_picked":["Electrodynamics+1","Cold Snap"],"picked":"Thunder Strike","floor":42},{"not_picked":["Rebound+1","Beam Cell"],"picked":"Cold Snap+1","floor":44},{"not_picked":["Streamline+1","Hologram"],"picked":"Capacitor+1","floor":45},{"not_picked":["Reinforced Body","Self Repair+1","Steam Power"],"picked":"SKIP","floor":46},{"not_picked":["Undo","Heatsinks+1","Genetic Algorithm+1"],"picked":"SKIP","floor":48}],"player_experience":2867189,"relics_obtained":[{"floor":9.0,"key":"Frozen Egg 2"},{"floor":42,"key":"Pantograph"},{"floor":43,"key":"Smiling Mask"},{"floor":45,"key":"Centennial Puzzle"}],"event_choices":[{"damage_healed":0.0,"max_hp_gain":0.0,"max_hp_loss":0.0,"gold_gain":75.0,"event_name":"World of Goop","player_choice":"Gather Gold","floor":2.0,"gold_loss":0.0,"damage_taken":11.0},{"damage_healed":0.0,"max_hp_gain":0.0,"max_hp_loss":0.0,"gold_gain":150.0,"event_name":"Liars Game","player_choice":"AGREE","floor":3.0,"gold_loss":0.0,"damage_taken":0.0,"cards_obtained":["Doubt"]},{"damage_healed":0.0,"max_hp_gain":0.0,"max_hp_loss":0.0,"gold_gain":0.0,"event_name":"Shining Light","player_choice":"Entered Light","floor":11.0,"gold_loss":0.0,"damage_taken":21.0,"cards_upgraded":["Chill","Defend_B"]},{"damage_healed":0.0,"max_hp_gain":0.0,"max_hp_loss":0.0,"gold_gain":0.0,"cards_transformed":["Strike_B"],"event_name":"Transmorgrifier","player_choice":"Transformed","floor":13.0,"gold_loss":0.0,"damage_taken":0.0,"cards_obtained":["Darkness"]},{"cards_removed":["Darkness"],"damage_healed":0.0,"max_hp_gain":0.0,"max_hp_loss":0.0,"gold_gain":0.0,"event_name":"Wheel of Change","player_choice":"Card Removal","floor":19.0,"gold_loss":0.0,"damage_taken":0.0},{"cards_removed":["Defend_B"],"damage_healed":0.0,"max_hp_gain":0.0,"max_hp_loss":0.0,"gold_gain":0.0,"event_name":"Beggar","player_choice":"Gave Gold","floor":30.0,"gold_loss":75.0,"damage_taken":0.0},{"damage_healed":0.0,"max_hp_gain":0.0,"max_hp_loss":0.0,"gold_gain":0.0,"event_name":"Ghosts","player_choice":"Ignored","floor":31.0,"gold_loss":0.0,"damage_taken":0.0},{"damage_healed":0,"gold_gain":0,"player_choice":"Ignored","damage_taken":0,"max_hp_gain":0,"max_hp_loss":0,"event_name":"Mysterious Sphere","floor":38,"gold_loss":0}],"is_beta":true,"boss_relics":[{"not_picked":["Philosopher\u0027s Stone","Velvet Choker"],"picked":"Astrolabe"},{"not_picked":["Black Star","Fusion Hammer"],"picked":"Snecko Eye"}],"items_purged_floors":[12,41],"is_endless":false,"potions_floor_spawned":[4,7,16,18,27,29,35,39,44,46],"killed_by":"Awakened One","ascension_level":17}