{"gold_per_floor":[109,109,109,109,128,128,138,138,187,61,90,115,130,153,153,224,224,244,294,314,264,279,279,289,289],"floor_reached":25,"playtime":1227,"items_purged":[],"score":377,"play_id":"7c4e3ed9-8c63-4056-940c-eb0da12e7b1a","local_time":"20181127030139","is_ascension_mode":true,"campfire_choices":[{"data":"True Grit","floor":6,"key":"SMITH"},{"data":"Bash","floor":8,"key":"SMITH"},{"floor":15,"key":"REST"},{"floor":23,"key":"REST"}],"neow_cost":"PERCENT_DAMAGE","seed_source_timestamp":27238700657994,"circlet_count":0,"master_deck":["AscendersBane","Strike_R","Strike_R","Strike_R","Strike_R","Defend_R","Defend_R","Defend_R","Defend_R","Bash+1","Clothesline","True Grit+1","Bludgeon","Shockwave","Corruption","Demon Form","Whirlwind","Sword Boomerang","Twin Strike","Pommel Strike","Pommel Strike","Burning Pact","Body Slam+1","Dark Embrace"],"relics":["Burning Blood","Strawberry","Tiny Chest","Odd Mushroom","Centennial Puzzle","Art of War","Orrery"],"potions_floor_usage":[12,13,16,20,25],"damage_taken":[{"damage":0,"enemies":"Small Slimes","floor":1,"turns":3},{"damage":8,"enemies":"2 Louse","floor":5,"turns":4},{"damage":7,"enemies":"Jaw Worm","floor":7,"turns":5},{"damage":21,"enemies":"The Mushroom Lair","floor":11,"turns":5},{"damage":40,"enemies":"Lagavulin","floor":12,"turns":5},{"damage":5,"enemies":"2 Fungi Beasts","floor":13,"turns":4},{"damage":44,"enemies":"Slime Boss","floor":16,"turns":11},{"damage":3,"enemies":"3 Byrds","floor":18,"turns":5},{"damage":29,"enemies":"Spheric Guardian","floor":20,"turns":6},{"damage":39,"enemies":"3 Cultists","floor":22,"turns":6},{"damage":32,"enemies":"Chosen and Byrds","floor":24,"turns":5},{"damage":36,"enemies":"Shelled Parasite and Fungi","floor":25,"turns":6}],"seed_played":"-5005081128738853768","potions_obtained":[{"floor":7,"key":"BloodPotion"},{"floor":11,"key":"Poison Potion"},{"floor":12,"key":"Explosive Potion"},{"floor":16,"key":"SkillPotion"},{"floor":20,"key":"GamblersBrew"}],"is_trial":false,"path_per_floor":["M","?","?","?","M","R","M","R","T","$","?","E","M","T","R","B",null,"M","?","M","?","M","R","M","M"],"character_chosen":"IRONCLAD","items_purchased":["Tiny Chest"],"campfire_rested":2,"item_purchase_floors":[10],"current_hp_per_floor":[70,75,75,68,66,66,65,65,72,72,57,23,34,34,64,26,82,85,85,62,62,29,59,33,0],"gold":289,"neow_bonus":"TWENTY_PERCENT_HP_BONUS","is_prod":false,"is_daily":false,"chose_seed":false,"campfire_upgraded":2,"win_rate":0,"timestamp":1543255299,"path_taken":["M","?","?","?","M","R","M","R","T","?","?","E","?","?","R","BOSS","M","?","?","?","?","R","M","M"],"build_version":"2018-11-15","purchased_purges":0,"victory":false,"max_hp_per_floor":[89,94,94,94,94,94,94,94,101,101,101,101,101,101,101,101,101,101,101,101,101,101,101,101,101],"card_choices":[{"not_picked":["Warcry","Sever Soul"],"picked":"Clothesline","floor":1},{"not_picked":["Sever Soul","Wild Strike"],"picked":"True Grit","floor":5},{"not_picked":["Heavy Blade","Perfected Strike","Wild Strike"],"picked":"SKIP","floor":7},{"not_picked":["Havoc","Corruption"],"picked":"Bludgeon","floor":11},{"not_picked":["Armaments","True Grit"],"picked":"Shockwave","floor":12},{"not_picked":["Thunderclap","Sword Boomerang"],"picked":"Corruption","floor":13},{"not_picked":["Offering","Fiend Fire"],"picked":"Demon Form","floor":16},{"not_picked":["Body Slam","Evolve"],"picked":"Whirlwind","floor":17},{"not_picked":["Bloodletting","Uppercut"],"picked":"Sword Boomerang","floor":17},{"not_picked":["Body Slam","Seeing Red"],"picked":"Twin Strike","floor":17},{"not_picked":["Cleave","Havoc"],"picked":"Pommel Strike","floor":17},{"not_picked":["Thunderclap","Carnage"],"picked":"Pommel Strike","floor":17},{"not_picked":["Anger","Body Slam"],"picked":"Burning Pact","floor":18},{"not_picked":["Armaments","Wild Strike+1","Blood for Blood"],"picked":"SKIP","floor":20},{"not_picked":["Body Slam+1","Power Through+1","Havoc"],"picked":"SKIP","floor":22},{"not_picked":["Power Through+1","Havoc"],"picked":"Body Slam+1","floor":22},{"not_picked":["Flex","Pommel Strike"],"picked":"Dark Embrace","floor":24}],"player_experience":2465102,"relics_obtained":[{"floor":9,"key":"Strawberry"},{"floor":11,"key":"Odd Mushroom"},{"floor":12,"key":"Centennial Puzzle"},{"floor":14,"key":"Art of War"}],"event_choices":[{"damage_healed":0,"gold_gain":0,"player_choice":"Donut","damage_taken":0,"max_hp_gain":5,"max_hp_loss":0,"event_name":"Big Fish","floor":2,"gold_loss":0},{"damage_healed":0,"gold_gain":0,"player_choice":"Ignored","damage_taken":0,"max_hp_gain":0,"max_hp_loss":0,"event_name":"Liars Game","floor":3,"gold_loss":0},{"cards_removed":["Strike_R"],"damage_healed":0,"gold_gain":0,"player_choice":"Card Removal","damage_taken":7,"max_hp_gain":0,"max_hp_loss":0,"event_name":"Golden Wing","floor":4,"gold_loss":0},{"damage_healed":0,"gold_gain":0,"player_choice":"Fought Mushrooms","damage_taken":0,"max_hp_gain":0,"max_hp_loss":0,"event_name":"Mushrooms","floor":11,"gold_loss":0},{"damage_healed":0,"gold_gain":50,"player_choice":"Pray","damage_taken":0,"max_hp_gain":0,"max_hp_loss":0,"event_name":"Golden Shrine","floor":19,"gold_loss":0},{"damage_healed":0,"gold_gain":0,"player_choice":"Bet on Murderer","damage_taken":0,"max_hp_gain":0,"max_hp_loss":0,"event_name":"The Joust","floor":21,"gold_loss":50}],"is_beta":true,"boss_relics":[{"not_picked":["Coffee Dripper","White Beast Statue"],"picked":"Orrery"}],"items_purged_floors":[],"is_endless":false,"potions_floor_spawned":[7,11,12,16,20],"killed_by":"Shelled Parasite and Fungi","ascension_level":15}