{"gold_per_floor":[113,113,83,96,112,112,137,137,183,202,220,60,60,60,60,137,137,157,207,163,163,182,182,15,15,315,315,365,365,394,394,394,469,469,485,502,108,125,125],"floor_reached":39,"playtime":1719,"items_purged":["Strike_G"],"score":760,"play_id":"74043a99-f265-4c44-94cd-cbafd14fd572","local_time":"20190419130419","is_ascension_mode":true,"campfire_choices":[{"data":"Neutralize","floor":6.0,"key":"SMITH"},{"data":"Footwork","floor":8.0,"key":"SMITH"},{"data":"Caltrops","floor":15.0,"key":"SMITH"},{"data":"A Thousand Cuts","floor":23,"key":"SMITH"},{"data":"Sucker Punch","floor":25,"key":"SMITH"},{"data":"Dagger Spray","floor":27,"key":"SMITH"},{"data":"Survivor","floor":29,"key":"SMITH"},{"data":"Deflect","floor":32,"key":"SMITH"}],"neow_cost":"NONE","seed_source_timestamp":593382777918752,"circlet_count":0,"master_deck":["AscendersBane","Defend_G","Defend_G","Defend_G","Defend_G","Defend_G","Strike_G","Strike_G","Strike_G","Survivor+1","Neutralize+1","Dagger Spray+1","Heel Hook","Sucker Punch+1","Footwork+1","Caltrops+1","A Thousand Cuts+1","Cloak And Dagger+1","Distraction+1","Deflect+1","Venomology","Terror+1","Backstab","Flash of Steel"],"special_seed":0,"relics":["Ring of the Snake","Boot","Blood Vial","Happy Flower","Eternal Feather","Vajra","Old Coin","Shuriken","Black Star","Medical Kit"],"potions_floor_usage":[21,30,31,36,36,38],"damage_taken":[{"damage":12.0,"enemies":"Jaw Worm","floor":1.0,"turns":4.0},{"damage":0.0,"enemies":"2 Louse","floor":4.0,"turns":3.0},{"damage":6.0,"enemies":"Cultist","floor":5.0,"turns":4.0},{"damage":16.0,"enemies":"3 Sentries","floor":7.0,"turns":8.0},{"damage":2.0,"enemies":"Large Slime","floor":10.0,"turns":6.0},{"damage":0.0,"enemies":"Blue Slaver","floor":11.0,"turns":4.0},{"damage":0.0,"enemies":"Lagavulin","floor":14.0,"turns":5.0},{"damage":13.0,"enemies":"Hexaghost","floor":16.0,"turns":11.0},{"damage":7.0,"enemies":"Chosen","floor":18.0,"turns":5.0},{"damage":22.0,"enemies":"2 Thieves","floor":20.0,"turns":5.0},{"damage":0,"enemies":"Snecko","floor":21,"turns":1},{"damage":25,"enemies":"Chosen and Byrds","floor":22,"turns":7},{"damage":14,"enemies":"Gremlin Leader","floor":30,"turns":6},{"damage":0,"enemies":"3 Cultists","floor":31,"turns":3},{"damage":19,"enemies":"Collector","floor":33,"turns":12},{"damage":18,"enemies":"3 Shapes","floor":35,"turns":3},{"damage":10,"enemies":"3 Darklings","floor":36,"turns":6},{"damage":41,"enemies":"Spire Growth","floor":38,"turns":7},{"damage":16,"enemies":"Maw","floor":39,"turns":2}],"seed_played":"-674306307526566389","potions_obtained":[{"floor":3.0,"key":"SmokeBomb"},{"floor":3.0,"key":"Dexterity Potion"},{"floor":10.0,"key":"Block Potion"},{"floor":16.0,"key":"GhostInAJar"},{"floor":18.0,"key":"SmokeBomb"},{"floor":22,"key":"SmokeBomb"},{"floor":30,"key":"FearPotion"},{"floor":33,"key":"GhostInAJar"}],"is_trial":false,"path_per_floor":["M","?","?","M","M","R","E","R","T","M","M","$","?","E","R","B",null,"M","?","M","M","M","R","$","R","T","R","?","R","E","M","R","B",null,"M","M","$","M","M"],"character_chosen":"THE_SILENT","items_purchased":["Happy Flower","Vajra","Medical Kit","Flash of Steel"],"campfire_rested":0,"item_purchase_floors":[12,24,37,37],"current_hp_per_floor":[53,53,53,53,47,47,31,31,31,31,33,33,26,28,28,17,58,53,53,33,35,12,24,24,36,36,48,41,53,41,43,55,38,64,48,40,40,1,0],"gold":125,"neow_bonus":"TEN_PERCENT_HP_BONUS","is_prod":false,"is_daily":false,"chose_seed":false,"campfire_upgraded":8,"win_rate":0,"timestamp":1555646659,"path_taken":["M","?","?","M","M","R","E","R","T","?","M","$","?","E","R","BOSS","M","?","M","M","M","R","$","R","T","R","?","R","E","M","R","BOSS","M","M","$","M","M"],"build_version":"2019-04-04","purchased_purges":1,"victory":false,"max_hp_per_floor":[72,72,72,72,72,72,72,72,72,72,72,72,72,72,72,72,72,72,72,72,72,72,72,72,72,72,72,72,72,72,72,72,72,72,72,72,72,72,72],"card_choices":[{"not_picked":["PiercingWail","Skewer"],"picked":"Dagger Spray","floor":1.0},{"not_picked":["Prepared","Backflip"],"picked":"Heel Hook","floor":4.0},{"not_picked":["Blade Dance","Deadly Poison"],"picked":"Sucker Punch","floor":5.0},{"not_picked":["Infinite Blades","Concentrate"],"picked":"Footwork","floor":7.0},{"not_picked":["Slice","Setup","Outmaneuver"],"picked":"SKIP","floor":10.0},{"not_picked":["Dodge and Roll","Footwork"],"picked":"Caltrops","floor":11.0},{"not_picked":["Grand Finale","Envenom"],"picked":"A Thousand Cuts","floor":16.0},{"not_picked":["Deflect","Slice"],"picked":"Cloak And Dagger+1","floor":18.0},{"not_picked":["Dodge and Roll","Endless Agony"],"picked":"Distraction+1","floor":20.0},{"not_picked":["Endless Agony","Infinite Blades","Acrobatics"],"picked":"SKIP","floor":22},{"not_picked":["Bane","Dodge and Roll"],"picked":"Deflect","floor":30},{"not_picked":["Envenom","Bullet Time"],"picked":"Venomology","floor":33},{"not_picked":["Deadly Poison","Backflip"],"picked":"Terror+1","floor":35},{"not_picked":["Tactician","Quick Slash"],"picked":"Backstab","floor":36},{"not_picked":["Blade Dance","Slice+1","Bane"],"picked":"SKIP","floor":38}],"player_experience":2982888,"relics_obtained":[{"floor":7.0,"key":"Boot"},{"floor":9.0,"key":"Blood Vial"},{"floor":26,"key":"Old Coin"},{"floor":30,"key":"Shuriken"}],"event_choices":[{"damage_healed":0.0,"max_hp_gain":0.0,"max_hp_loss":0.0,"gold_gain":0.0,"event_name":"Liars Game","player_choice":"Ignored","floor":2.0,"gold_loss":0.0,"damage_taken":0.0},{"damage_healed":0.0,"max_hp_gain":0.0,"max_hp_loss":0.0,"gold_gain":0.0,"event_name":"The Woman in Blue","player_choice":"Bought 2 Potions","floor":3.0,"gold_loss":0.0,"damage_taken":0.0},{"cards_removed":["Strike_G"],"damage_healed":0.0,"max_hp_gain":0.0,"max_hp_loss":0.0,"gold_gain":0.0,"event_name":"Golden Wing","player_choice":"Card Removal","floor":13.0,"gold_loss":0.0,"damage_taken":7.0},{"damage_healed":0.0,"max_hp_gain":0.0,"max_hp_loss":0.0,"gold_gain":50.0,"event_name":"Nest","player_choice":"Stole From Cult","floor":19.0,"gold_loss":0.0,"damage_taken":0.0},{"damage_healed":0,"gold_gain":50,"player_choice":"Touch","damage_taken":7,"max_hp_gain":0,"max_hp_loss":0,"event_name":"FaceTrader","floor":28,"gold_loss":0}],"is_beta":true,"boss_relics":[{"not_picked":["Calling Bell","Cursed Key"],"picked":"Eternal Feather"},{"not_picked":["Sozu","Runic Dome"],"picked":"Black Star"}],"items_purged_floors":[37],"is_endless":false,"potions_floor_spawned":[4,10,14,16,18,20,22,30,33],"killed_by":"Maw","ascension_level":17}