{"gold_per_floor":[111,111,131,146,65,65,92,92,119,131,162,205,233,245,257,269],"floor_reached":16,"playtime":779,"items_purged":[],"score":182,"play_id":"7ca92b05-ca92-4365-846f-612aeeae16c9","local_time":"20190529202619","is_ascension_mode":true,"campfire_choices":[{"data":"Defragment","floor":6,"key":"SMITH"},{"data":"Creative AI","floor":8,"key":"SMITH"},{"floor":15,"key":"REST"}],"neow_cost":"NONE","seed_source_timestamp":261692351023372,"circlet_count":0,"master_deck":["AscendersBane","Strike_B","Strike_B","Strike_B","Defend_B","Defend_B","Defend_B","Defend_B","Zap","Dualcast","Rebound","Coolheaded","Sweeping Beam","Defragment+1","Creative AI+1","Turbo","Undo"],"relics":["Cracked Core","Omamori","Anchor","Bottled Flame","MawBank","Pen Nib","DataDisk"],"potions_floor_usage":[12],"damage_taken":[{"damage":4,"enemies":"Small Slimes","floor":1,"turns":4},{"damage":0,"enemies":"Jaw Worm","floor":3,"turns":3},{"damage":0,"enemies":"2 Louse","floor":4,"turns":2},{"damage":32,"enemies":"Lagavulin","floor":7,"turns":8},{"damage":5,"enemies":"Red Slaver","floor":11,"turns":4},{"damage":7,"enemies":"3 Sentries","floor":12,"turns":6},{"damage":0,"enemies":"2 Fungi Beasts","floor":13,"turns":3},{"damage":42,"enemies":"The Guardian","floor":16,"turns":5}],"seed_played":"-7398669204275291682","potions_obtained":[{"floor":1,"key":"EssenceOfSteel"},{"floor":7,"key":"Explosive Potion"}],"is_trial":false,"path_per_floor":["M","?","M","M","$","R","E","R","T","?","M","E","M","?","R","B"],"character_chosen":"DEFECT","items_purchased":["Defragment"],"campfire_rested":1,"item_purchase_floors":[5],"current_hp_per_floor":[64,64,64,64,64,64,32,32,32,25,20,13,13,13,35,0],"gold":269,"neow_bonus":"RANDOM_COMMON_RELIC","is_prod":false,"is_daily":false,"chose_seed":false,"campfire_upgraded":2,"win_rate":0,"timestamp":1559154379,"path_taken":["M","?","M","M","$","R","E","R","T","?","M","E","M","?","R","BOSS"],"build_version":"2019-01-23","purchased_purges":0,"victory":false,"max_hp_per_floor":[75,75,75,75,75,75,75,75,75,75,75,75,75,75,75,75],"card_choices":[{"not_picked":["Recycle","Darkness"],"picked":"Rebound","floor":1},{"not_picked":["Fusion","Tempest"],"picked":"Coolheaded","floor":3},{"not_picked":["Coolheaded","Go for the Eyes"],"picked":"Sweeping Beam","floor":4},{"not_picked":["Beam Cell","Turbo"],"picked":"Creative AI","floor":7},{"not_picked":["Melter","Sweeping Beam"],"picked":"Turbo","floor":11},{"not_picked":["Darkness","Rebound","Sunder"],"picked":"SKIP","floor":12},{"not_picked":["Static Discharge","Compile Driver"],"picked":"Undo","floor":13}],"player_experience":620898,"relics_obtained":[{"floor":7,"key":"Bottled Flame"},{"floor":9,"key":"MawBank"},{"floor":12,"key":"Pen Nib"}],"event_choices":[{"damage_healed":0,"gold_gain":0,"player_choice":"Box","damage_taken":0,"relics_obtained":["Anchor"],"max_hp_gain":0,"max_hp_loss":0,"event_name":"Big Fish","floor":2,"gold_loss":0,"cards_obtained":["Regret"]},{"cards_removed":["Strike_B"],"damage_healed":0,"gold_gain":0,"player_choice":"Card Removal","damage_taken":7,"max_hp_gain":0,"max_hp_loss":0,"event_name":"Golden Wing","floor":10,"gold_loss":0},{"damage_healed":0,"gold_gain":0,"player_choice":"Gave Potion","damage_taken":0,"relics_obtained":["DataDisk"],"max_hp_gain":0,"max_hp_loss":0,"event_name":"WeMeetAgain","floor":14,"gold_loss":0}],"is_beta":false,"boss_relics":[],"items_purged_floors":[],"is_endless":false,"potions_floor_spawned":[1,7],"killed_by":"The Guardian","ascension_level":13}