{"gold_per_floor":[114,132,132,151,151,176,193,193,193,210,8,8,8,27,27,101,101,113,131,143,65,65],"floor_reached":22,"playtime":1288,"items_purged":[],"score":376,"play_id":"3ab45829-e9c5-46ef-9b3c-0a3022a49aba","local_time":"20190601112333","is_ascension_mode":true,"campfire_choices":[{"floor":8.0,"key":"REST"},{"floor":13.0,"key":"REST"},{"data":"Apotheosis","floor":15.0,"key":"SMITH"}],"neow_cost":"NONE","seed_source_timestamp":506141323381204,"circlet_count":0,"master_deck":["AscendersBane","Bash","Sever Soul","Headbutt","Clothesline","Immolate","Pommel Strike","Sentinel","Apotheosis+1","Exhume","Sever Soul","Anger","Barricade","Sever Soul","Bludgeon","Flame Barrier","Clothesline","Power Through","Rupture","Infernal Blade","Second Wind","Armaments","Seeing Red"],"special_seed":0,"relics":["Burning Blood","NeowsBlessing","Bird Faced Urn","Blue Candle","Smiling Mask","Mercury Hourglass","Pandora\u0027s Box"],"potions_floor_usage":[22],"damage_taken":[{"damage":0.0,"enemies":"Small Slimes","floor":1.0,"turns":1.0},{"damage":0.0,"enemies":"Cultist","floor":2.0,"turns":1.0},{"damage":0.0,"enemies":"Jaw Worm","floor":4.0,"turns":1.0},{"damage":28.0,"enemies":"Lagavulin","floor":6.0,"turns":5.0},{"damage":27.0,"enemies":"Large Slime","floor":7.0,"turns":6.0},{"damage":6.0,"enemies":"Blue Slaver","floor":10.0,"turns":3.0},{"damage":7.0,"enemies":"Red Slaver","floor":14.0,"turns":3.0},{"damage":18.0,"enemies":"Slime Boss","floor":16.0,"turns":6.0},{"damage":34,"enemies":"Shell Parasite","floor":18,"turns":5},{"damage":21,"enemies":"Spheric Guardian","floor":19,"turns":4},{"damage":24,"enemies":"Snake Plant","floor":20,"turns":3},{"damage":15,"enemies":"Chosen and Byrds","floor":22,"turns":2}],"seed_played":"-5170977076280186030","potions_obtained":[{"floor":1.0,"key":"EssenceOfSteel"},{"floor":2.0,"key":"EntropicBrew"},{"floor":6.0,"key":"LiquidBronze"}],"is_trial":false,"path_per_floor":["M","M","?","M","?","E","M","R","T","M","$","?","R","M","R","B",null,"M","M","M","$","M"],"character_chosen":"IRONCLAD","items_purchased":["Apotheosis","Seeing Red"],"campfire_rested":2,"item_purchase_floors":[11,21],"current_hp_per_floor":[74,75,75,75,70,48,27,49,49,49,49,49,71,70,70,58,71,43,28,10,10,0],"gold":65,"neow_bonus":"THREE_ENEMY_KILL","is_prod":false,"is_daily":false,"chose_seed":false,"campfire_upgraded":1,"win_rate":0,"timestamp":1559377413,"path_taken":["M","M","?","?","?","E","M","R","T","M","$","?","R","M","R","BOSS","BOSS","M","M","M","$","M"],"build_version":"2019-01-23","purchased_purges":0,"victory":false,"max_hp_per_floor":[75,75,75,75,75,75,75,75,75,75,75,75,75,75,75,75,75,75,75,75,75,75],"card_choices":[{"not_picked":["Whirlwind","Power Through"],"picked":"Sever Soul","floor":1.0},{"not_picked":["Flex","Thunderclap"],"picked":"Headbutt","floor":2.0},{"not_picked":["Body Slam","Perfected Strike"],"picked":"Clothesline","floor":4.0},{"not_picked":["Battle Trance","Armaments"],"picked":"Immolate","floor":6.0},{"not_picked":["Hemokinesis","Body Slam"],"picked":"Pommel Strike","floor":7.0},{"not_picked":["Armaments","Seeing Red"],"picked":"Sentinel","floor":10.0},{"not_picked":["Clash","Thunderclap","Flex"],"picked":"SKIP","floor":14.0},{"not_picked":["Barricade","Double Tap"],"picked":"Exhume","floor":16},{"not_picked":["Perfected Strike","Body Slam"],"picked":"Infernal Blade","floor":18},{"not_picked":["Twin Strike","True Grit"],"picked":"Second Wind","floor":19},{"not_picked":["Body Slam","Cleave"],"picked":"Armaments","floor":20}],"player_experience":1432410,"relics_obtained":[{"floor":3.0,"key":"Bird Faced Urn"},{"floor":6.0,"key":"Smiling Mask"},{"floor":9.0,"key":"Mercury Hourglass"}],"event_choices":[{"damage_healed":0.0,"max_hp_gain":0.0,"max_hp_loss":0.0,"gold_gain":0.0,"event_name":"Wheel of Change","player_choice":"Relic","floor":3.0,"gold_loss":0.0,"damage_taken":0.0},{"damage_healed":0.0,"max_hp_gain":0.0,"max_hp_loss":0.0,"gold_gain":0.0,"event_name":"Scrap Ooze","player_choice":"Success","floor":5.0,"gold_loss":0.0,"damage_taken":5.0,"relics_obtained":["Blue Candle"]},{"damage_healed":0.0,"max_hp_gain":0.0,"max_hp_loss":0.0,"gold_gain":0.0,"event_name":"Shining Light","player_choice":"Ignored","floor":12.0,"gold_loss":0.0,"damage_taken":0.0}],"is_beta":false,"boss_relics":[{"not_picked":["Fusion Hammer","Velvet Choker"],"picked":"Pandora\u0027s Box"}],"items_purged_floors":[],"is_endless":false,"potions_floor_spawned":[1,2,6,18,19],"killed_by":"Chosen and Byrds","ascension_level":20}