{"gold_per_floor":[116,191,191,44,55,55,10,37,37,37,51,61,72,100,100,172,172,191,210,125,125,50,85,165,165,165,165],"floor_reached":27,"playtime":997,"items_purged":[],"score":462,"play_id":"26e28e39-1417-4de6-9a45-e6d023e1b454","local_time":"20190312195859","is_ascension_mode":true,"campfire_choices":[{"data":"Zap","floor":6,"key":"SMITH"},{"data":"Go for the Eyes","floor":10,"key":"SMITH"},{"data":"Hologram","floor":15,"key":"SMITH"},{"floor":25,"key":"REST"}],"neow_cost":"NONE","seed_source_timestamp":1105711428267082,"circlet_count":0,"master_deck":["AscendersBane","Strike_B","Strike_B","Defend_B","Defend_B","Defend_B","Defend_B","Zap+1","Dualcast","Go for the Eyes+1","Gash","Coolheaded","Thunder Strike","Ball Lightning","Reprogram","Hologram+1","Buffer","Auto Shields","Cold Snap","Cold Snap"],"relics":["Cracked Core","NeowsBlessing","Lantern","Dream Catcher","Vajra","Smiling Mask","Sozu","Mummified Hand","DataDisk","Gremlin Horn","Symbiotic Virus"],"potions_floor_usage":[14,16,19,19],"damage_taken":[{"damage":0,"enemies":"Jaw Worm","floor":1,"turns":1},{"damage":0,"enemies":"2 Louse","floor":5,"turns":1},{"damage":0,"enemies":"3 Sentries","floor":8,"turns":1},{"damage":2,"enemies":"Cultist","floor":11,"turns":3},{"damage":0,"enemies":"Red Slaver","floor":12,"turns":3},{"damage":6,"enemies":"Exordium Wildlife","floor":13,"turns":3},{"damage":23,"enemies":"Gremlin Nob","floor":14,"turns":4},{"damage":1,"enemies":"Hexaghost","floor":16,"turns":8},{"damage":9,"enemies":"Shell Parasite","floor":18,"turns":9},{"damage":0,"enemies":"2 Thieves","floor":19,"turns":3},{"damage":16,"enemies":"Colosseum Slavers","floor":21,"turns":4},{"damage":31,"enemies":"Book of Stabbing","floor":23,"turns":7},{"damage":24,"enemies":"Slavers","floor":27,"turns":2}],"seed_played":"464373550473653844","potions_obtained":[{"floor":1,"key":"Fire Potion"},{"floor":8,"key":"Weak Potion"},{"floor":14,"key":"PowerPotion"},{"floor":16,"key":"SkillPotion"}],"is_trial":false,"path_per_floor":["M","?","?","$","M","R","$","E","T","R","M","M","M","E","R","B",null,"M","M","?","?","?","E","T","R","T","E"],"character_chosen":"DEFECT","items_purchased":["Lantern","Coolheaded"],"campfire_rested":1,"item_purchase_floors":[4,7],"current_hp_per_floor":[64,53,53,53,53,53,53,53,53,53,51,51,45,22,22,21,59,50,50,50,34,34,3,3,24,24,0],"gold":165,"neow_bonus":"THREE_ENEMY_KILL","is_prod":false,"is_daily":false,"chose_seed":false,"campfire_upgraded":3,"win_rate":0,"timestamp":1552388339,"path_taken":["M","?","?","$","M","R","?","E","T","R","M","M","M","E","R","BOSS","M","M","?","?","?","E","?","R","T","E"],"build_version":"2019-02-06","purchased_purges":0,"victory":false,"max_hp_per_floor":[71,71,71,71,71,71,71,71,71,71,71,71,71,71,71,71,71,71,71,71,71,71,71,71,71,71,71],"card_choices":[{"not_picked":["Consume","Capacitor"],"picked":"Go for the Eyes","floor":1},{"not_picked":["Steam Power","Stack"],"picked":"Gash","floor":5},{"not_picked":["Doom and Gloom","Darkness"],"picked":"Thunder Strike","floor":8},{"not_picked":["Lockon","Coolheaded","Compile Driver"],"picked":"SKIP","floor":11},{"not_picked":["Lockon","Coolheaded","Compile Driver"],"picked":"SKIP","floor":11},{"not_picked":["Genetic Algorithm","Rebound"],"picked":"Ball Lightning","floor":12},{"not_picked":["Beam Cell","Force Field"],"picked":"Reprogram","floor":13},{"not_picked":["Genetic Algorithm","Melter"],"picked":"Hologram","floor":14},{"not_picked":["Core Surge","Amplify"],"picked":"Buffer","floor":16},{"not_picked":["Sweeping Beam","Rebound"],"picked":"Auto Shields","floor":18},{"not_picked":["Rip and Tear+1","Redo"],"picked":"Cold Snap","floor":19},{"not_picked":["Hello World+1","Go for the Eyes","Fusion"],"picked":"SKIP","floor":23},{"not_picked":["Reprogram","Steam"],"picked":"Cold Snap","floor":25}],"player_experience":2670389,"relics_obtained":[{"floor":8,"key":"Dream Catcher"},{"floor":9,"key":"Vajra"},{"floor":14,"key":"Smiling Mask"},{"floor":23,"key":"DataDisk"},{"floor":24,"key":"Gremlin Horn"},{"floor":26,"key":"Symbiotic Virus"}],"event_choices":[{"damage_healed":0,"gold_gain":75,"player_choice":"Gather Gold","damage_taken":11,"max_hp_gain":0,"max_hp_loss":0,"event_name":"World of Goop","floor":2,"gold_loss":0},{"cards_removed":["Strike_B"],"damage_healed":0,"gold_gain":0,"player_choice":"Forget","damage_taken":0,"max_hp_gain":0,"max_hp_loss":0,"event_name":"Living Wall","floor":3,"gold_loss":0},{"damage_healed":0,"gold_gain":0,"player_choice":"Obtained Relic","damage_taken":0,"relics_obtained":["Mummified Hand"],"max_hp_gain":0,"max_hp_loss":0,"event_name":"Addict","floor":20,"gold_loss":85},{"damage_healed":0,"gold_gain":0,"player_choice":"Fight","damage_taken":0,"max_hp_gain":0,"max_hp_loss":0,"event_name":"Colosseum","floor":21,"gold_loss":0},{"damage_healed":0,"gold_gain":0,"player_choice":"Fled From Nobs","damage_taken":0,"max_hp_gain":0,"max_hp_loss":0,"event_name":"Colosseum","floor":21,"gold_loss":0},{"cards_removed":["Strike_B"],"damage_healed":0,"gold_gain":0,"player_choice":"Gave Gold","damage_taken":0,"max_hp_gain":0,"max_hp_loss":0,"event_name":"Beggar","floor":22,"gold_loss":75}],"is_beta":true,"boss_relics":[{"not_picked":["Calling Bell","Velvet Choker"],"picked":"Sozu"}],"items_purged_floors":[],"is_endless":false,"potions_floor_spawned":[1,8,14,16,18,23],"killed_by":"Slavers","ascension_level":15}