{"gold_per_floor":[115,134,134,146,166,166,199,26,52,52,87,103,103,103,103,180,180,199,175,191,191],"floor_reached":21,"playtime":1479,"items_purged":[],"score":363,"play_id":"066c97c8-0ffe-4291-8b70-8e986c7ece65","local_time":"20190523145259","is_ascension_mode":true,"campfire_choices":[{"data":"Wraith Form v2","floor":6.0,"key":"SMITH"},{"data":"Deadly Poison","floor":10.0,"key":"SMITH"},{"data":"Leg Sweep","floor":13.0,"key":"SMITH"},{"data":"Neutralize","floor":15.0,"key":"SMITH"}],"neow_cost":"TEN_PERCENT_HP_LOSS","seed_source_timestamp":369201404855418,"circlet_count":0,"master_deck":["AscendersBane","Defend_G","Defend_G","Defend_G","Defend_G","Defend_G","Strike_G","Strike_G","Strike_G","Strike_G","Strike_G","Survivor","Neutralize+1","Venomology","Leg Sweep+1","Cloak And Dagger+1","Wraith Form v2+1","PiercingWail","Deadly Poison+1","PiercingWail","A Thousand Cuts","Escape Plan","Cloak And Dagger","Deflect","Distraction+1","After Image","Blur"],"special_seed":0,"relics":["Ring of the Snake","Orichalcum","Vajra","Ancient Tea Set","Orrery"],"potions_floor_usage":[20,20],"damage_taken":[{"damage":0.0,"enemies":"2 Louse","floor":1.0,"turns":5.0},{"damage":2.0,"enemies":"Small Slimes","floor":2.0,"turns":4.0},{"damage":0.0,"enemies":"Cultist","floor":4.0,"turns":4.0},{"damage":1.0,"enemies":"Large Slime","floor":5.0,"turns":11.0},{"damage":11.0,"enemies":"Lagavulin","floor":7.0,"turns":14.0},{"damage":14.0,"enemies":"3 Sentries","floor":11.0,"turns":13.0},{"damage":4.0,"enemies":"Red Slaver","floor":12.0,"turns":4.0},{"damage":2.0,"enemies":"The Guardian","floor":16.0,"turns":14.0},{"damage":13.0,"enemies":"Chosen","floor":18.0,"turns":8.0},{"damage":14.0,"enemies":"2 Thieves","floor":19.0,"turns":4.0},{"damage":7,"enemies":"Snake Plant","floor":20,"turns":7},{"damage":24,"enemies":"Snecko","floor":21,"turns":9}],"seed_played":"4041486524980613259","potions_obtained":[{"floor":1.0,"key":"PowerPotion"},{"floor":4.0,"key":"SteroidPotion"},{"floor":11.0,"key":"FairyPotion"},{"floor":12.0,"key":"FearPotion"},{"floor":19.0,"key":"Strength Potion"}],"is_trial":false,"path_per_floor":["M","M","?","M","M","R","E","$","T","R","E","M","R","?","R","B",null,"M","M","M","M"],"character_chosen":"THE_SILENT","items_purchased":["Vajra"],"campfire_rested":0,"item_purchase_floors":[8],"current_hp_per_floor":[59,57,57,57,56,56,45,45,45,45,31,27,27,47,47,45,56,43,29,22,0],"gold":191,"neow_bonus":"THREE_RARE_CARDS","is_prod":false,"is_daily":false,"chose_seed":false,"campfire_upgraded":4,"win_rate":0,"timestamp":1558590779,"path_taken":["M","M","?","M","M","R","E","$","T","R","E","M","R","?","R","BOSS","M","M","M","M"],"build_version":"2019-05-07","purchased_purges":0,"victory":false,"max_hp_per_floor":[60,60,60,60,60,60,60,60,60,60,60,60,60,60,60,60,60,60,60,60,60],"card_choices":[{"not_picked":["Doppelganger","Night Terror"],"picked":"Venomology","floor":0.0},{"not_picked":["Endless Agony","Acrobatics"],"picked":"Leg Sweep","floor":1.0},{"not_picked":["Dagger Throw","Quick Slash"],"picked":"Cloak And Dagger","floor":2.0},{"not_picked":["Infinite Blades","Quick Slash"],"picked":"Wraith Form v2","floor":4.0},{"not_picked":["Outmaneuver","Escape Plan"],"picked":"PiercingWail","floor":5.0},{"not_picked":["Deflect","Acrobatics"],"picked":"Deadly Poison","floor":7.0},{"not_picked":["Choke","Setup","Infinite Blades"],"picked":"SKIP","floor":11.0},{"not_picked":["Outmaneuver","Poisoned Stab"],"picked":"PiercingWail","floor":12.0},{"not_picked":["Doppelganger","Unload"],"picked":"A Thousand Cuts","floor":16.0},{"not_picked":["Flying Knee","Prepared"],"picked":"Escape Plan","floor":17.0},{"not_picked":["Backflip","Flying Knee"],"picked":"Cloak And Dagger","floor":17.0},{"not_picked":["Sucker Punch","Expertise"],"picked":"Deflect","floor":17.0},{"not_picked":["PiercingWail","Outmaneuver"],"picked":"Distraction+1","floor":18.0},{"not_picked":["Riddle With Holes","PiercingWail+1"],"picked":"After Image","floor":19.0},{"not_picked":["Sucker Punch","Outmaneuver"],"picked":"Blur","floor":20}],"player_experience":3320089,"relics_obtained":[{"floor":7.0,"key":"Orichalcum"},{"floor":11.0,"key":"Ancient Tea Set"}],"event_choices":[{"damage_healed":0.0,"max_hp_gain":0.0,"max_hp_loss":0.0,"gold_gain":0.0,"event_name":"Living Wall","player_choice":"Grow","floor":3.0,"gold_loss":0.0,"damage_taken":0.0,"cards_upgraded":["Cloak And Dagger"]},{"damage_healed":20.0,"max_hp_gain":0.0,"max_hp_loss":0.0,"gold_gain":0.0,"event_name":"Big Fish","player_choice":"Banana","floor":14.0,"gold_loss":0.0,"damage_taken":0.0}],"is_beta":true,"boss_relics":[{"not_picked":["Sozu","Philosopher\u0027s Stone"],"picked":"Orrery"}],"items_purged_floors":[],"is_endless":false,"potions_floor_spawned":[1,4,5,11,12,19],"killed_by":"Snecko","ascension_level":18}