{"gold_per_floor":[110,110,110,130,19,59,74,74,121,121,4,4,25,68,68,187,187,208,208,283,299,348,348,348,348,348,364,403,418,113,156,156,284,347,366,366,1,24,42,42,0,0,0,25,25,84,127,152,152,152],"floor_reached":51,"playtime":4382,"items_purged":["Strike_G","Injury"],"score":800,"play_id":"892d0971-c2d4-441d-9309-d1464eb45926","local_time":"20181229173448","is_ascension_mode":true,"campfire_choices":[{"data":"Cloak And Dagger","floor":8.0,"key":"SMITH"},{"data":"Neutralize","floor":10.0,"key":"SMITH"},{"data":"Footwork","floor":12.0,"key":"SMITH"},{"data":"Concentrate","floor":15.0,"key":"SMITH"},{"data":"Blade Dance","floor":23.0,"key":"SMITH"},{"data":"Accuracy","floor":25.0,"key":"SMITH"},{"floor":32.0,"key":"REST"},{"data":"Accuracy","floor":40,"key":"SMITH"},{"data":"Infinite Blades","floor":42,"key":"SMITH"},{"floor":49,"key":"REST"}],"neow_cost":"NONE","seed_source_timestamp":586947351126730,"circlet_count":0,"master_deck":["Defend_G+1","Defend_G+1","Defend_G+1","Defend_G+1","Defend_G+1","Survivor","Neutralize+1","Cloak And Dagger+1","Underhanded Strike+1","Finisher+1","Infinite Blades+1","Blade Dance+1","Backflip","Footwork+1","Calculated Gamble","PiercingWail","Concentrate+1","Storm of Steel","Dodge and Roll+1","Quick Slash+1","Accuracy+1","Prepared+1","Corpse Explosion+1","Accuracy+1","Well Laid Plans","Good Instincts","Escape Plan+1","Terror+1"],"special_seed":0,"relics":["Ring of the Snake","NeowsBlessing","Golden Idol","Orichalcum","Bag of Preparation","Omamori","Empty Cage","Happy Flower","Whetstone","Singing Bowl","TheAbacus","Smiling Mask","Tiny House","HandDrill","Red Mask","Dodecahedron","Bird Faced Urn","Juzu Bracelet"],"potions_floor_usage":[33,39,44,50],"damage_taken":[{"damage":0.0,"enemies":"Cultist","floor":1.0,"turns":1.0},{"damage":0.0,"enemies":"Small Slimes","floor":4.0,"turns":1.0},{"damage":0.0,"enemies":"3 Sentries","floor":6.0,"turns":1.0},{"damage":0.0,"enemies":"Jaw Worm","floor":7.0,"turns":3.0},{"damage":0.0,"enemies":"3 Louse","floor":13.0,"turns":5.0},{"damage":19.0,"enemies":"Gremlin Nob","floor":14.0,"turns":5.0},{"damage":19.0,"enemies":"Slime Boss","floor":16.0,"turns":10.0},{"damage":6.0,"enemies":"Shell Parasite","floor":18.0,"turns":11.0},{"damage":0.0,"enemies":"Chosen","floor":21.0,"turns":5.0},{"damage":3.0,"enemies":"3 Cultists","floor":27.0,"turns":6.0},{"damage":10.0,"enemies":"Book of Stabbing","floor":28.0,"turns":5.0},{"damage":0.0,"enemies":"Snecko","floor":29.0,"turns":3.0},{"damage":26.0,"enemies":"Slavers","floor":31.0,"turns":6.0},{"damage":35,"enemies":"Automaton","floor":33,"turns":13},{"damage":3,"enemies":"3 Shapes","floor":35,"turns":7},{"damage":25,"enemies":"3 Darklings","floor":38,"turns":5},{"damage":4,"enemies":"Maw","floor":39,"turns":8},{"damage":12,"enemies":"Writhing Mass","floor":44,"turns":7},{"damage":21,"enemies":"2 Orb Walkers","floor":46,"turns":4},{"damage":17,"enemies":"Nemesis","floor":47,"turns":7},{"damage":0,"enemies":"4 Shapes","floor":48,"turns":4},{"damage":84,"enemies":"Time Eater","floor":50,"turns":15}],"seed_played":"9190532764683610221","potions_obtained":[{"floor":1.0,"key":"FairyPotion"},{"floor":7.0,"key":"Weak Potion"},{"floor":14.0,"key":"PowerPotion"},{"floor":21.0,"key":"Fire Potion"},{"floor":27.0,"key":"LiquidBronze"},{"floor":28.0,"key":"Energy Potion"},{"floor":31.0,"key":"EssenceOfSteel"},{"floor":34,"key":"FairyPotion"},{"floor":38,"key":"Swift Potion"},{"floor":39,"key":"Energy Potion"},{"floor":46,"key":"PowerPotion"}],"is_trial":false,"path_per_floor":["M","?","?","M","$","E","M","R","T","R","$","R","M","E","R","B",null,"M","?","?","M","T","R","?","R","T","M","E","M","$","E","R","B",null,"M","?","$","M","M","R","?","R","T","M","?","?","E","M","R","B",null],"character_chosen":"THE_SILENT","items_purchased":["Infinite Blades","Footwork","Calculated Gamble","TheAbacus","Well Laid Plans","HandDrill","Good Instincts"],"campfire_rested":2,"item_purchase_floors":[5,11,11,30,37,37,37],"current_hp_per_floor":[70,70,70,70,70,70,70,70,70,70,70,70,70,51,51,32,70,64,64,57,57,57,57,57,57,57,54,46,48,48,24,46,11,81,80,80,80,57,53,53,53,53,53,43,76,57,52,62,80,2],"gold":152,"neow_bonus":"THREE_ENEMY_KILL","is_prod":false,"is_daily":false,"chose_seed":false,"campfire_upgraded":8,"win_rate":0,"timestamp":1546072488,"path_taken":["M","?","?","M","?","E","M","R","T","R","$","R","M","E","R","BOSS","M","?","?","?","?","R","?","R","T","M","E","M","$","E","R","BOSS","M","?","$","M","M","R","?","R","T","M","?","?","E","M","R","BOSS"],"build_version":"2018-12-20","purchased_purges":2,"victory":true,"max_hp_per_floor":[70,70,70,70,70,70,70,70,70,70,70,70,70,70,70,70,70,70,70,70,70,70,70,70,70,70,70,72,74,74,76,76,76,81,83,83,83,85,85,85,85,85,85,87,76,78,80,80,80,80],"card_choices":[{"not_picked":["Caltrops","Prepared"],"picked":"Cloak And Dagger","floor":1.0},{"not_picked":["Acrobatics","Dagger Throw"],"picked":"Finisher","floor":4.0},{"not_picked":["Bane","Prepared"],"picked":"Blade Dance","floor":6.0},{"not_picked":["Riddle With Holes","Quick Slash"],"picked":"Backflip","floor":7.0},{"not_picked":["Dagger Throw","Finisher"],"picked":"PiercingWail","floor":13.0},{"not_picked":["All Out Attack","Backflip"],"picked":"Concentrate","floor":14.0},{"not_picked":["Phantasmal Killer","Glass Knife"],"picked":"Storm of Steel","floor":16.0},{"not_picked":["Acrobatics","Skewer"],"picked":"Dodge and Roll+1","floor":18.0},{"not_picked":["Masterful Stab","Deadly Poison+1"],"picked":"Quick Slash+1","floor":21.0},{"not_picked":["Expertise+1","Setup"],"picked":"Prepared+1","floor":27.0},{"not_picked":["Deadly Poison","Riddle With Holes+1","Storm of Steel"],"picked":"Singing Bowl","floor":28.0},{"not_picked":["Deadly Poison","Flying Knee+1","Predator+1"],"picked":"Singing Bowl","floor":29.0},{"not_picked":["Quick Slash+1","PiercingWail","Concentrate"],"picked":"Singing Bowl","floor":31.0},{"not_picked":["Die Die Die","Envenom"],"picked":"Corpse Explosion","floor":33},{"not_picked":["Dash","Infinite Blades"],"picked":"Accuracy","floor":34},{"not_picked":["Masterful Stab","Flechettes","Backstab"],"picked":"Singing Bowl","floor":35},{"not_picked":["Leg Sweep","Finisher","Blade Dance"],"picked":"Singing Bowl","floor":38},{"not_picked":["Concentrate+1","Poisoned Stab+1"],"picked":"Escape Plan+1","floor":39},{"not_picked":["Endless Agony+1","Cloak And Dagger+1","Reflex"],"picked":"Singing Bowl","floor":44},{"not_picked":["Underhanded Strike+1","PiercingWail+1","Die Die Die"],"picked":"Singing Bowl","floor":46},{"not_picked":["All Out Attack","Underhanded Strike","Deadly Poison+1"],"picked":"Singing Bowl","floor":47},{"not_picked":["Bouncing Flask+1","Underhanded Strike"],"picked":"Terror+1","floor":48}],"player_experience":240722,"relics_obtained":[{"floor":6.0,"key":"Orichalcum"},{"floor":9.0,"key":"Bag of Preparation"},{"floor":14.0,"key":"Omamori"},{"floor":22.0,"key":"Happy Flower"},{"floor":26.0,"key":"Whetstone"},{"floor":28.0,"key":"Singing Bowl"},{"floor":31.0,"key":"Smiling Mask"},{"floor":43,"key":"Dodecahedron"},{"floor":46,"key":"Bird Faced Urn"},{"floor":47,"key":"Juzu Bracelet"}],"event_choices":[{"damage_healed":0.0,"max_hp_gain":0.0,"max_hp_loss":0.0,"gold_gain":0.0,"cards_transformed":["Strike_G"],"event_name":"Living Wall","player_choice":"Change","floor":2.0,"gold_loss":0.0,"damage_taken":0.0,"cards_obtained":["Underhanded Strike"]},{"damage_healed":0.0,"max_hp_gain":0.0,"max_hp_loss":0.0,"gold_gain":0.0,"event_name":"Golden Idol","player_choice":"Take Wound","floor":3.0,"gold_loss":0.0,"damage_taken":0.0,"relics_obtained":["Golden Idol"],"cards_obtained":["Injury"]},{"damage_healed":0.0,"max_hp_gain":0.0,"max_hp_loss":0.0,"gold_gain":0.0,"event_name":"Back to Basics","player_choice":"Simplicity","floor":19.0,"gold_loss":0.0,"damage_taken":0.0,"cards_upgraded":["Defend_G","Defend_G","Defend_G","Defend_G","Defend_G","Strike_G"]},{"damage_healed":0.0,"max_hp_gain":0.0,"max_hp_loss":0.0,"gold_gain":75.0,"event_name":"FaceTrader","player_choice":"Touch","floor":20.0,"gold_loss":0.0,"damage_taken":7.0},{"damage_healed":0.0,"max_hp_gain":0.0,"max_hp_loss":0.0,"gold_gain":0.0,"event_name":"The Library","player_choice":"Read","floor":24.0,"gold_loss":0.0,"damage_taken":0.0,"cards_obtained":["Accuracy"]},{"cards_removed":["Strike_G"],"damage_healed":0,"gold_gain":0,"player_choice":"Removed Attack","damage_taken":0,"max_hp_gain":0,"max_hp_loss":0,"event_name":"Falling","floor":36,"gold_loss":0},{"damage_healed":0,"gold_gain":0,"player_choice":"Paid","damage_taken":0,"relics_obtained":["Red Mask"],"max_hp_gain":0,"max_hp_loss":0,"event_name":"Tomb of Lord Red Mask","floor":41,"gold_loss":42},{"damage_healed":76,"gold_gain":0,"player_choice":"Heal","damage_taken":0,"max_hp_gain":0,"max_hp_loss":11,"event_name":"The Moai Head","floor":45,"gold_loss":0},{"damage_healed":0,"gold_gain":0,"player_choice":"Fight","damage_taken":0,"max_hp_gain":0,"max_hp_loss":0,"event_name":"Mysterious Sphere","floor":46,"gold_loss":0}],"is_beta":false,"boss_relics":[{"not_picked":["Fusion Hammer","Lizard Tail"],"picked":"Empty Cage"},{"not_picked":["Orrery","Calling Bell"],"picked":"Tiny House"}],"items_purged_floors":[5,30],"is_endless":false,"potions_floor_spawned":[1,7,14,21,27,28,31,38,39,46,47],"ascension_level":3}