{"gold_per_floor":[115,133,133,143,154,154,165,190,190,31,31,64,77,91,91,167,167,181,198,71,88,13,13,13,13],"floor_reached":25,"playtime":855,"items_purged":["Strike_B","Strike_B"],"score":430,"play_id":"7debc89f-3071-4802-ae15-009bc84247f1","local_time":"20190526225547","is_ascension_mode":true,"campfire_choices":[{"data":"Hyperbeam","floor":6,"key":"SMITH"},{"floor":11,"key":"REST"},{"data":"Fusion","floor":15,"key":"SMITH"}],"neow_cost":"NONE","seed_source_timestamp":4346131554800,"circlet_count":0,"master_deck":["AscendersBane","Defend_B","Defend_B","Defend_B","Zap","Dualcast","Hyperbeam+1","Fusion+1","FTL","Echo Form","Sweeping Beam","Beam Cell","Rainbow","Hologram","Rebound","White Noise","Sunder","Compile Driver","Fission","Coolheaded+1","Capacitor","Coolheaded+1"],"relics":["Cracked Core","Ancient Tea Set","Smiling Mask","Happy Flower","Sozu"],"potions_floor_usage":[8,14,25],"damage_taken":[{"damage":4,"enemies":"Jaw Worm","floor":1,"turns":4},{"damage":3,"enemies":"2 Louse","floor":2,"turns":2},{"damage":0,"enemies":"Small Slimes","floor":4,"turns":1},{"damage":10,"enemies":"Gremlin Gang","floor":5,"turns":2},{"damage":3,"enemies":"3 Louse","floor":7,"turns":2},{"damage":10,"enemies":"Lagavulin","floor":8,"turns":6},{"damage":10,"enemies":"3 Sentries","floor":12,"turns":2},{"damage":6,"enemies":"Blue Slaver","floor":13,"turns":3},{"damage":9,"enemies":"Exordium Wildlife","floor":14,"turns":3},{"damage":6,"enemies":"Hexaghost","floor":16,"turns":6},{"damage":35,"enemies":"Shell Parasite","floor":18,"turns":4},{"damage":0,"enemies":"Spheric Guardian","floor":19,"turns":3},{"damage":19,"enemies":"Snake Plant","floor":21,"turns":3},{"damage":13,"enemies":"Colosseum Slavers","floor":23,"turns":3},{"damage":14,"enemies":"Chosen and Byrds","floor":25,"turns":2}],"seed_played":"-742386087307041659","potions_obtained":[{"floor":2,"key":"Ancient Potion"},{"floor":4,"key":"SkillPotion"},{"floor":7,"key":"Weak Potion"},{"floor":13,"key":"SneckoOil"},{"floor":14,"key":"FairyPotion"}],"is_trial":false,"path_per_floor":["M","M","?","M","M","R","M","E","T","$","R","E","M","M","R","B",null,"M","M","$","M","?","?","?","M"],"character_chosen":"DEFECT","items_purchased":["Hologram","Rebound","Capacitor"],"campfire_rested":1,"item_purchase_floors":[10,10,20],"current_hp_per_floor":[60,57,50,50,40,40,37,27,27,27,48,38,32,23,23,17,58,23,23,23,4,4,7,7,0],"gold":13,"neow_bonus":"ONE_RANDOM_RARE_CARD","is_prod":false,"is_daily":false,"chose_seed":false,"campfire_upgraded":2,"win_rate":0,"timestamp":1558878947,"path_taken":["M","M","?","M","M","R","M","E","T","$","R","E","M","M","R","BOSS","M","M","$","M","?","?","?","?"],"build_version":"2019-01-23","purchased_purges":2,"victory":false,"max_hp_per_floor":[71,71,71,71,71,71,71,71,71,71,71,71,71,71,71,71,71,71,71,71,71,71,71,71,71],"card_choices":[{"not_picked":["Gash","Coolheaded"],"picked":"Fusion","floor":1},{"not_picked":["Leap","Rebound"],"picked":"FTL","floor":2},{"not_picked":["Conserve Battery","Sunder"],"picked":"Echo Form","floor":4},{"not_picked":["Turbo","Blizzard"],"picked":"Sweeping Beam","floor":5},{"not_picked":["Fusion","Steam Power"],"picked":"Beam Cell","floor":7},{"not_picked":["Blizzard","Defragment"],"picked":"Rainbow","floor":8},{"not_picked":["Gash","Ball Lightning"],"picked":"White Noise","floor":12},{"not_picked":["Go for the Eyes","Cold Snap"],"picked":"Sunder","floor":13},{"not_picked":["Beam Cell","Sweeping Beam"],"picked":"Compile Driver","floor":14},{"not_picked":["Rainbow","Buffer"],"picked":"Fission","floor":16},{"not_picked":["Double Energy","Cold Snap"],"picked":"Coolheaded+1","floor":18},{"not_picked":["Turbo","Beam Cell","Aggregate"],"picked":"SKIP","floor":19},{"not_picked":["Barrage","Steam"],"picked":"Coolheaded+1","floor":21}],"player_experience":5157829,"relics_obtained":[{"floor":8,"key":"Ancient Tea Set"},{"floor":9,"key":"Smiling Mask"},{"floor":12,"key":"Happy Flower"}],"event_choices":[{"cards_removed":["Strike_B"],"damage_healed":0,"gold_gain":0,"player_choice":"Card Removal","damage_taken":7,"max_hp_gain":0,"max_hp_loss":0,"event_name":"Golden Wing","floor":3,"gold_loss":0},{"cards_removed":["Strike_B"],"damage_healed":0,"gold_gain":0,"player_choice":"Gave Gold","damage_taken":0,"max_hp_gain":0,"max_hp_loss":0,"event_name":"Beggar","floor":22,"gold_loss":75},{"damage_healed":0,"gold_gain":0,"player_choice":"Fight","damage_taken":0,"max_hp_gain":0,"max_hp_loss":0,"event_name":"Colosseum","floor":23,"gold_loss":0},{"damage_healed":0,"gold_gain":0,"player_choice":"Fled From Nobs","damage_taken":0,"max_hp_gain":0,"max_hp_loss":0,"event_name":"Colosseum","floor":23,"gold_loss":0},{"cards_removed":["Defend_B"],"damage_healed":0,"gold_gain":0,"player_choice":"Purged","damage_taken":0,"max_hp_gain":0,"max_hp_loss":0,"event_name":"Purifier","floor":24,"gold_loss":0}],"is_beta":false,"boss_relics":[{"not_picked":["Tiny House","White Beast Statue"],"picked":"Sozu"}],"items_purged_floors":[10,20],"is_endless":false,"potions_floor_spawned":[2,4,7,13,14,19,21],"killed_by":"Chosen and Byrds","ascension_level":20}