{"gold_per_floor":[119,133,52,127,127,127,162,180,207,207,219,219,239,258,258,355,355,367,348,121,220,231,231,243,243,243,255,255,255,255,271,271,271],"floor_reached":33,"playtime":2359,"items_purged":["Defend_R"],"score":274,"play_id":"5fb85f43-d022-423d-917c-a51a4b359489","local_time":"20181205225532","is_ascension_mode":false,"campfire_choices":[{"data":"Perfected Strike","floor":6,"key":"SMITH"},{"data":"Rage","floor":12,"key":"SMITH"},{"data":"Bash","floor":15,"key":"SMITH"},{"data":"Juggernaut","floor":23,"key":"SMITH"},{"floor":25,"key":"REST"},{"data":"Iron Wave","floor":28,"key":"SMITH"},{"data":"Metallicize","floor":30,"key":"SMITH"},{"data":"Armaments","floor":32,"key":"SMITH"}],"neow_cost":"NONE","seed_source_timestamp":290441962961653,"circlet_count":0,"master_deck":["Strike_R","Strike_R","Strike_R","Strike_R","Strike_R","Defend_R+1","Bash+1","Perfected Strike+1","Twin Strike","Rage+1","Twin Strike","Iron Wave+1","Ghostly Armor","Twin Strike","Metallicize+1","Juggernaut+1","Armaments+1","Anger","Flex+1","Heavy Blade+1","Pommel Strike","Double Tap","Twin Strike+1"],"relics":["Burning Blood","Dream Catcher","Blood Vial","Regal Pillow","Orrery","War Paint","Anchor"],"potions_floor_usage":[16,22,22,33,33,33],"damage_taken":[{"damage":6,"enemies":"Cultist","floor":1,"turns":3},{"damage":11,"enemies":"Jaw Worm","floor":2,"turns":4},{"damage":27,"enemies":"Gremlin Nob","floor":7,"turns":4},{"damage":0,"enemies":"Small Slimes","floor":8,"turns":2},{"damage":11,"enemies":"Exordium Thugs","floor":11,"turns":4},{"damage":0,"enemies":"3 Louse","floor":13,"turns":3},{"damage":0,"enemies":"2 Fungi Beasts","floor":14,"turns":2},{"damage":44,"enemies":"The Guardian","floor":16,"turns":9},{"damage":17,"enemies":"3 Byrds","floor":18,"turns":8},{"damage":15,"enemies":"2 Thieves","floor":19,"turns":4},{"damage":11,"enemies":"Snake Plant","floor":22,"turns":3},{"damage":25,"enemies":"Centurion and Healer","floor":24,"turns":6},{"damage":7,"enemies":"Chosen and Byrds","floor":27,"turns":5},{"damage":13,"enemies":"Sentry and Sphere","floor":31,"turns":5},{"damage":82,"enemies":"Automaton","floor":33,"turns":8}],"seed_played":"8876146289015884881","potions_obtained":[{"floor":2,"key":"Swift Potion"},{"floor":11,"key":"Ancient Potion"},{"floor":13,"key":"Poison Potion"},{"floor":16,"key":"GamblersBrew"},{"floor":18,"key":"Fire Potion"},{"floor":27,"key":"Regen Potion"},{"floor":31,"key":"Weak Potion"}],"is_trial":false,"path_per_floor":["M","M","$","?","?","R","E","M","T","?","M","R","M","M","R","B",null,"M","M","$","?","M","R","M","R","T","M","R","?","R","M","R","B"],"character_chosen":"IRONCLAD","items_purchased":["Rage","War Paint"],"campfire_rested":1,"item_purchase_floors":[3,20],"current_hp_per_floor":[80,75,75,64,57,57,36,44,44,44,41,41,49,57,57,21,80,69,62,62,62,59,59,42,80,80,79,79,79,79,73,73,0],"gold":271,"neow_bonus":"RANDOM_COMMON_RELIC","is_prod":false,"is_daily":false,"chose_seed":false,"campfire_upgraded":7,"win_rate":0,"timestamp":1544018132,"path_taken":["M","?","$","?","?","R","E","M","T","?","?","R","M","M","R","BOSS","M","M","$","?","M","R","M","R","T","M","R","?","R","M","R","BOSS"],"build_version":"2018-11-15","purchased_purges":1,"victory":false,"max_hp_per_floor":[80,80,80,80,80,80,80,80,80,80,80,80,80,80,80,80,80,80,80,80,80,80,80,80,80,80,80,80,80,80,80,80,80],"card_choices":[{"not_picked":["Armaments","Warcry"],"picked":"Perfected Strike","floor":1},{"not_picked":["Clothesline","Body Slam"],"picked":"Twin Strike","floor":2},{"not_picked":["Spot Weakness","Whirlwind"],"picked":"Twin Strike","floor":7},{"not_picked":["Battle Trance","Ghostly Armor"],"picked":"Iron Wave","floor":8},{"not_picked":["Sever Soul","Clothesline"],"picked":"Twin Strike","floor":11},{"not_picked":["Immolate","Twin Strike"],"picked":"Metallicize","floor":13},{"not_picked":["Second Wind","Iron Wave","Body Slam"],"picked":"SKIP","floor":14},{"not_picked":["Bludgeon","Feed"],"picked":"Juggernaut","floor":16},{"not_picked":["Hemokinesis","Shrug It Off"],"picked":"Armaments","floor":17},{"not_picked":["Impervious","Evolve"],"picked":"Anger","floor":18},{"not_picked":["Armaments","Reckless Charge"],"picked":"Flex","floor":19},{"not_picked":["Ghostly Armor","Shrug It Off","Blood for Blood+1"],"picked":"SKIP","floor":22},{"not_picked":["Clothesline","Thunderclap"],"picked":"Heavy Blade+1","floor":24},{"not_picked":["Evolve+1","Blood for Blood"],"picked":"Pommel Strike","floor":25},{"not_picked":["Clash","Anger+1"],"picked":"Double Tap","floor":27},{"not_picked":["Blood for Blood","Warcry+1"],"picked":"Twin Strike+1","floor":31}],"player_experience":109191,"relics_obtained":[{"floor":7,"key":"Blood Vial"},{"floor":9,"key":"Regal Pillow"},{"floor":26,"key":"Anchor"}],"event_choices":[{"damage_healed":0,"gold_gain":75,"player_choice":"Gather Gold","damage_taken":11,"max_hp_gain":0,"max_hp_loss":0,"event_name":"World of Goop","floor":4,"gold_loss":0},{"cards_removed":["Defend_R"],"damage_healed":0,"gold_gain":0,"player_choice":"Card Removal","damage_taken":7,"max_hp_gain":0,"max_hp_loss":0,"event_name":"Golden Wing","floor":5,"gold_loss":0},{"damage_healed":0,"gold_gain":0,"cards_transformed":["Defend_R"],"player_choice":"Transformed","damage_taken":0,"max_hp_gain":0,"max_hp_loss":0,"event_name":"Transmorgrifier","floor":10,"gold_loss":0,"cards_obtained":["Ghostly Armor"]},{"damage_healed":0,"gold_gain":99,"player_choice":"Stole From Cult","damage_taken":0,"max_hp_gain":0,"max_hp_loss":0,"event_name":"Nest","floor":21,"gold_loss":0},{"damage_healed":0,"gold_gain":0,"player_choice":"Ignored","damage_taken":0,"max_hp_gain":0,"max_hp_loss":0,"event_name":"NoteForYourself","floor":29,"gold_loss":0}],"is_beta":false,"boss_relics":[{"not_picked":["Black Star","Calling Bell"],"picked":"Orrery"}],"items_purged_floors":[20],"is_endless":false,"potions_floor_spawned":[2,11,13,16,18,27,31],"killed_by":"Automaton","ascension_level":0}