{"gold_per_floor":[217,217,86,106,124,124,138,138,138,155,215,228,228,9,9,113,113,128,141,141,141,40,40,53,63,88,117,117,117,131,163,163,163],"floor_reached":33,"playtime":1668,"items_purged":["Strike_R"],"score":427,"play_id":"5d2b5c7d-fa8e-49f6-9d96-45980870c4a7","local_time":"20190125225546","is_ascension_mode":true,"campfire_choices":[{"data":"Bash","floor":6,"key":"SMITH"},{"data":"Sword Boomerang","floor":8,"key":"SMITH"},{"data":"Heavy Blade","floor":13,"key":"SMITH"},{"data":"Twin Strike","floor":15,"key":"SMITH"},{"data":"Pummel","floor":23,"key":"SMITH"},{"floor":29,"key":"REST"},{"floor":32,"key":"REST"}],"neow_cost":"NONE","seed_source_timestamp":1324194294365171,"circlet_count":0,"master_deck":["Strike_R+1","Strike_R+1","Strike_R+1","Defend_R+1","Defend_R+1","Defend_R+1","Defend_R+1","Bash+1","Sword Boomerang+1","Flex+1","Warcry+1","Shrug It Off+1","Heavy Blade+1","Power Through+1","Shockwave+1","True Grit+1","Battle Trance+1","Twin Strike+1","Double Tap+1","Pummel+1","Intimidate+1","Wild Strike+1","Flex+1"],"relics":["Burning Blood","Toxic Egg 2","Unceasing Top","Mango","Velvet Choker","Bag of Preparation","Calipers","Happy Flower"],"potions_floor_usage":[1,16,22,25,27,31,33],"damage_taken":[{"damage":4,"enemies":"Small Slimes","floor":1,"turns":4},{"damage":7,"enemies":"Jaw Worm","floor":4,"turns":3},{"damage":1,"enemies":"Cultist","floor":5,"turns":3},{"damage":11,"enemies":"Blue Slaver","floor":7,"turns":3},{"damage":20,"enemies":"Exordium Wildlife","floor":10,"turns":5},{"damage":34,"enemies":"Lagavulin Event","floor":11,"turns":6},{"damage":14,"enemies":"Large Slime","floor":12,"turns":7},{"damage":28,"enemies":"Hexaghost","floor":16,"turns":10},{"damage":3,"enemies":"Chosen","floor":18,"turns":3},{"damage":9,"enemies":"3 Byrds","floor":19,"turns":4},{"damage":1,"enemies":"Snecko","floor":24,"turns":4},{"damage":9,"enemies":"Shelled Parasite and Fungi","floor":25,"turns":3},{"damage":37,"enemies":"Gremlin Leader","floor":27,"turns":5},{"damage":17,"enemies":"Centurion and Healer","floor":30,"turns":5},{"damage":14,"enemies":"Book of Stabbing","floor":31,"turns":4},{"damage":105,"enemies":"Collector","floor":33,"turns":6}],"seed_played":"2633640065445169527","potions_obtained":[{"floor":1,"key":"Fruit Juice"},{"floor":12,"key":"EssenceOfSteel"},{"floor":18,"key":"Fire Potion"},{"floor":19,"key":"FearPotion"},{"floor":24,"key":"SkillPotion"},{"floor":30,"key":"Ancient Potion"}],"is_trial":false,"path_per_floor":["M","?","?","M","M","R","M","R","T","M","?","M","R","$","R","B",null,"M","M","?","?","$","R","M","M","T","E","?","R","M","E","R","B"],"character_chosen":"IRONCLAD","items_purchased":["True Grit+1","Battle Trance+1","Twin Strike","Fruit Juice"],"campfire_rested":2,"item_purchase_floors":[14,14,14,22],"current_hp_per_floor":[79,84,84,83,88,88,83,83,83,69,55,47,47,47,47,25,84,87,84,84,84,89,89,94,91,91,60,60,92,81,73,105,0],"gold":163,"neow_bonus":"HUNDRED_GOLD","is_prod":false,"is_daily":false,"chose_seed":false,"campfire_upgraded":5,"win_rate":0,"timestamp":1548424546,"path_taken":["M","?","?","M","?","R","M","R","T","M","?","M","R","$","R","BOSS","M","M","?","?","$","R","?","M","T","E","?","R","M","E","R","BOSS"],"build_version":"2019-01-23","purchased_purges":1,"victory":false,"max_hp_per_floor":[85,90,90,90,90,90,90,90,90,90,104,104,104,104,104,104,104,104,104,104,104,109,109,109,109,109,109,109,109,109,109,109,109],"card_choices":[{"not_picked":["Warcry","Cleave"],"picked":"Sword Boomerang","floor":1},{"not_picked":["Perfected Strike","Pommel Strike"],"picked":"Flex+1","floor":4},{"not_picked":["Perfected Strike","Wild Strike"],"picked":"Warcry+1","floor":5},{"not_picked":["Intimidate+1","Clash"],"picked":"Shrug It Off+1","floor":7},{"not_picked":["Intimidate+1","Rampage"],"picked":"Heavy Blade","floor":10},{"not_picked":["Body Slam","Clash"],"picked":"Power Through+1","floor":11},{"not_picked":["Clothesline","Body Slam"],"picked":"Shockwave+1","floor":12},{"not_picked":["Immolate","Barricade"],"picked":"Double Tap+1","floor":16},{"not_picked":["Thunderclap","Shrug It Off+1"],"picked":"Pummel","floor":18},{"not_picked":["Whirlwind","True Grit+1"],"picked":"Intimidate+1","floor":19},{"not_picked":["Iron Wave","Second Wind+1"],"picked":"Wild Strike+1","floor":24},{"not_picked":["Clash","Sword Boomerang","Combust"],"picked":"SKIP","floor":25},{"not_picked":["Headbutt","Dual Wield+1","Corruption"],"picked":"SKIP","floor":27},{"not_picked":["True Grit+1","Sword Boomerang","Havoc+1"],"picked":"SKIP","floor":30},{"not_picked":["Fire Breathing","Feed"],"picked":"Flex+1","floor":31}],"player_experience":444497,"relics_obtained":[{"floor":9,"key":"Unceasing Top"},{"floor":11,"key":"Mango"},{"floor":26,"key":"Bag of Preparation"},{"floor":27,"key":"Calipers"},{"floor":31,"key":"Happy Flower"}],"event_choices":[{"damage_healed":0,"gold_gain":0,"player_choice":"Donut","damage_taken":0,"max_hp_gain":5,"max_hp_loss":0,"event_name":"Big Fish","floor":2,"gold_loss":0},{"damage_healed":0,"gold_gain":0,"player_choice":"Paid Gold","damage_taken":0,"relics_obtained":["Toxic Egg 2"],"max_hp_gain":0,"max_hp_loss":0,"event_name":"WeMeetAgain","floor":3,"gold_loss":131},{"damage_healed":0,"gold_gain":30,"player_choice":"Searched \u00272\u0027 times","damage_taken":0,"max_hp_gain":0,"max_hp_loss":0,"event_name":"Dead Adventurer","floor":11,"gold_loss":0},{"damage_healed":0,"gold_gain":0,"player_choice":"Simplicity","damage_taken":0,"max_hp_gain":0,"max_hp_loss":0,"event_name":"Back to Basics","floor":20,"gold_loss":0,"cards_upgraded":["Strike_R","Strike_R","Strike_R","Strike_R","Defend_R","Defend_R","Defend_R","Defend_R"]},{"cards_removed":["Strike_R"],"damage_healed":0,"gold_gain":0,"player_choice":"Offered Basic","damage_taken":0,"max_hp_gain":0,"max_hp_loss":0,"event_name":"Bonfire Elementals","floor":21,"gold_loss":0},{"damage_healed":0,"gold_gain":0,"player_choice":"Ignored","damage_taken":0,"max_hp_gain":0,"max_hp_loss":0,"event_name":"Ghosts","floor":28,"gold_loss":0}],"is_beta":false,"boss_relics":[{"not_picked":["Runic Pyramid","Lizard Tail"],"picked":"Velvet Choker"}],"items_purged_floors":[14],"is_endless":false,"potions_floor_spawned":[1,12,18,19,24,30],"killed_by":"Collector","ascension_level":9}