{"gold_per_floor":[117,267,279,204,129,129,140,140,140,140,151,171,202,202,202,276,276,287,337,349,349],"floor_reached":21,"playtime":795,"items_purged":["Strike_R"],"score":331,"play_id":"4e2db6f1-5882-44ec-aece-cc7fe54972e3","local_time":"20190326043457","is_ascension_mode":true,"campfire_choices":[{"data":"Twin Strike","floor":6,"key":"SMITH"},{"data":"Searing Blow","floor":8,"key":"SMITH"},{"data":"Searing Blow+1","floor":10,"key":"SMITH"},{"floor":15,"key":"REST"}],"neow_cost":"NONE","seed_source_timestamp":2260055259431492,"circlet_count":0,"master_deck":["AscendersBane","Strike_R","Strike_R","Strike_R","Strike_R","Defend_R","Defend_R","Defend_R","Defend_R","Bash+1","Reckless Charge","Twin Strike+1","Searing Blow+2","Intimidate","Double Tap","Battle Trance","Feed","Armaments","Infernal Blade+1"],"relics":["Burning Blood","Question Card","Regal Pillow","Oddly Smooth Stone","Mark of Pain"],"potions_floor_usage":[12],"damage_taken":[{"damage":5,"enemies":"Small Slimes","floor":1,"turns":5},{"damage":7,"enemies":"2 Louse","floor":3,"turns":3},{"damage":4,"enemies":"Jaw Worm","floor":7,"turns":3},{"damage":9,"enemies":"Red Slaver","floor":11,"turns":3},{"damage":13,"enemies":"Lots of Slimes","floor":12,"turns":5},{"damage":26,"enemies":"Gremlin Nob","floor":13,"turns":4},{"damage":48,"enemies":"Hexaghost","floor":16,"turns":8},{"damage":45,"enemies":"Spheric Guardian","floor":18,"turns":6},{"damage":15,"enemies":"2 Thieves","floor":20,"turns":5},{"damage":20,"enemies":"Centurion and Healer","floor":21,"turns":7}],"seed_played":"-7430901733543647259","potions_obtained":[{"floor":1,"key":"AttackPotion"},{"floor":3,"key":"BloodPotion"},{"floor":7,"key":"Weak Potion"}],"is_trial":false,"path_per_floor":["M","?","M","?","$","R","M","R","T","R","M","M","E","?","R","B",null,"M","?","M","M"],"character_chosen":"IRONCLAD","items_purchased":[],"campfire_rested":1,"item_purchase_floors":[],"current_hp_per_floor":[69,69,68,68,68,68,70,70,70,70,67,60,40,22,59,17,61,22,22,13,0],"gold":349,"neow_bonus":"UPGRADE_CARD","is_prod":false,"is_daily":false,"chose_seed":false,"campfire_upgraded":3,"win_rate":0,"timestamp":1553542497,"path_taken":["M","?","M","?","$","R","M","R","T","R","M","M","E","?","R","BOSS","M","?","?","M"],"build_version":"2019-03-15","purchased_purges":1,"victory":false,"max_hp_per_floor":[75,75,75,75,75,75,75,75,75,75,75,75,75,75,75,75,75,75,75,75,75],"card_choices":[{"not_picked":["Fire Breathing","Thunderclap"],"picked":"Reckless Charge","floor":1},{"not_picked":["Thunderclap","Rage"],"picked":"Twin Strike","floor":3},{"not_picked":["Headbutt","Twin Strike"],"picked":"Searing Blow","floor":7},{"not_picked":["Bloodletting","Sever Soul","Heavy Blade"],"picked":"Intimidate","floor":11},{"not_picked":["Flame Barrier","Corruption","Pummel"],"picked":"Double Tap","floor":12},{"not_picked":["Twin Strike","True Grit","Shrug It Off"],"picked":"Battle Trance","floor":13},{"not_picked":["Barricade","Fiend Fire","Exhume"],"picked":"Feed","floor":16},{"not_picked":["Cleave","Flex+1","Heavy Blade"],"picked":"Armaments","floor":18},{"not_picked":["Corruption","Cleave","Rupture"],"picked":"Infernal Blade+1","floor":20}],"player_experience":2740156,"relics_obtained":[{"floor":9,"key":"Question Card"},{"floor":13,"key":"Regal Pillow"}],"event_choices":[{"damage_healed":0,"gold_gain":150,"player_choice":"AGREE","damage_taken":0,"max_hp_gain":0,"max_hp_loss":0,"event_name":"Liars Game","floor":2,"gold_loss":0,"cards_obtained":["Doubt"]},{"cards_removed":["Doubt"],"damage_healed":0,"gold_gain":0,"player_choice":"Card Removal","damage_taken":0,"max_hp_gain":0,"max_hp_loss":0,"event_name":"The Cleric","floor":4,"gold_loss":75},{"damage_healed":0,"gold_gain":0,"player_choice":"Success","damage_taken":18,"relics_obtained":["Oddly Smooth Stone"],"max_hp_gain":0,"max_hp_loss":0,"event_name":"Scrap Ooze","floor":14,"gold_loss":0},{"damage_healed":0,"gold_gain":100,"player_choice":"Bet on Murderer","damage_taken":0,"max_hp_gain":0,"max_hp_loss":0,"event_name":"The Joust","floor":19,"gold_loss":50}],"is_beta":true,"boss_relics":[{"not_picked":["White Beast Statue","Cursed Key"],"picked":"Mark of Pain"}],"items_purged_floors":[5],"is_endless":false,"potions_floor_spawned":[1,3,7,11],"killed_by":"Centurion and Healer","ascension_level":17}