{"gold_per_floor":[109,109,119,135,135,160,160,192,192,192,192,203,203,219,219,219],"floor_reached":16,"playtime":786,"items_purged":[],"score":209,"play_id":"6f580aaf-260d-41b9-9cf9-ec453f8b8671","local_time":"20190525160404","is_ascension_mode":true,"campfire_choices":[{"floor":7.0,"key":"REST"},{"floor":10.0,"key":"REST"},{"data":"Spot Weakness","floor":13,"key":"SMITH"},{"floor":15,"key":"REST"}],"neow_cost":"NONE","seed_source_timestamp":17137602767751,"circlet_count":0,"master_deck":["AscendersBane","Strike_R","Strike_R","Strike_R","Strike_R","Strike_R","Defend_R","Defend_R","Defend_R","Defend_R","Bash","Pommel Strike","Pain","Seeing Red","Seeing Red","Barricade","Flex","Spot Weakness+1","Heavy Blade"],"special_seed":0,"relics":["Burning Blood","NeowsBlessing","WarpedTongs","Smiling Mask","Blue Candle","Potion Belt"],"potions_floor_usage":[16],"damage_taken":[{"damage":0.0,"enemies":"2 Louse","floor":1.0,"turns":1.0},{"damage":1.0,"enemies":"Cultist","floor":3.0,"turns":1.0},{"damage":0.0,"enemies":"Small Slimes","floor":4.0,"turns":1.0},{"damage":24.0,"enemies":"3 Sentries","floor":6.0,"turns":8.0},{"damage":31.0,"enemies":"Lagavulin","floor":8.0,"turns":10.0},{"damage":28,"enemies":"3 Louse","floor":12,"turns":4},{"damage":17,"enemies":"Exordium Thugs","floor":14,"turns":4},{"damage":83,"enemies":"Slime Boss","floor":16,"turns":7}],"seed_played":"-3752119612716907393","potions_obtained":[{"floor":3.0,"key":"FearPotion"},{"floor":4.0,"key":"Fire Potion"},{"floor":12,"key":"EssenceOfSteel"},{"floor":14,"key":"Fire Potion"}],"is_trial":false,"path_per_floor":["M","?","M","M","?","E","R","E","T","R","?","M","R","M","R","B"],"character_chosen":"IRONCLAD","items_purchased":[],"campfire_rested":3,"item_purchase_floors":[],"current_hp_per_floor":[74,74,75,75,80,62,80,55,55,79,79,57,57,46,70,0],"gold":219,"neow_bonus":"THREE_ENEMY_KILL","is_prod":false,"is_daily":false,"chose_seed":false,"campfire_upgraded":1,"win_rate":0,"timestamp":1558789444,"path_taken":["M","?","?","?","?","E","R","E","T","R","?","M","R","M","R","BOSS"],"build_version":"2019-01-23","purchased_purges":0,"victory":false,"max_hp_per_floor":[75,75,75,75,80,80,80,80,80,80,80,80,80,80,80,80],"card_choices":[{"not_picked":["Clash","Fire Breathing"],"picked":"Pommel Strike","floor":1.0},{"not_picked":["Hemokinesis","Combust"],"picked":"Seeing Red","floor":3.0},{"not_picked":["Pommel Strike","Warcry"],"picked":"Seeing Red","floor":4.0},{"not_picked":["Sword Boomerang","Wild Strike"],"picked":"Barricade","floor":6.0},{"not_picked":["Body Slam","Wild Strike"],"picked":"Flex","floor":8.0},{"not_picked":["Wild Strike","Perfected Strike"],"picked":"Spot Weakness","floor":12},{"not_picked":["Perfected Strike","Body Slam"],"picked":"Heavy Blade","floor":14}],"player_experience":1404642,"relics_obtained":[{"floor":6.0,"key":"Smiling Mask"},{"floor":8.0,"key":"Blue Candle"},{"floor":9.0,"key":"Potion Belt"}],"event_choices":[{"damage_healed":0.0,"max_hp_gain":0.0,"max_hp_loss":0.0,"gold_gain":0.0,"event_name":"Accursed Blacksmith","player_choice":"Rummage","floor":2.0,"gold_loss":0.0,"damage_taken":0.0,"relics_obtained":["WarpedTongs"],"cards_obtained":["Pain"]},{"damage_healed":0.0,"max_hp_gain":5.0,"max_hp_loss":0.0,"gold_gain":0.0,"event_name":"Big Fish","player_choice":"Donut","floor":5.0,"gold_loss":0.0,"damage_taken":0.0},{"damage_healed":0,"gold_gain":0,"player_choice":"Searched \u00270\u0027 times","damage_taken":0,"max_hp_gain":0,"max_hp_loss":0,"event_name":"Dead Adventurer","floor":11,"gold_loss":0}],"is_beta":false,"boss_relics":[],"items_purged_floors":[],"is_endless":false,"potions_floor_spawned":[3,4,12,14],"killed_by":"Slime Boss","ascension_level":18}