{"gold_per_floor":[364,4,19,19,19,31,31,46,46,46,73,73,73,99,99,177,177,194,194,194,194,194,194,220,235,284,303,318,334,334,102,102,173,173,184,184,204,219,230,230,261,261,329,363,410,441,454,454,454,454],"floor_reached":50,"playtime":2893,"items_purged":["Strike_R+1"],"score":1104,"play_id":"1727bb70-b175-4df2-818d-88493b99789b","local_time":"20190407233718","is_ascension_mode":true,"campfire_choices":[{"data":"Bash","floor":7.0,"key":"SMITH"},{"floor":10.0,"key":"REST"},{"data":"Evolve","floor":15.0,"key":"SMITH"},{"floor":23.0,"key":"REST"},{"data":"Demon Form","floor":30.0,"key":"SMITH"},{"floor":32.0,"key":"REST"},{"floor":40.0,"key":"REST"},{"floor":42.0,"key":"REST"},{"floor":49.0,"key":"RECALL"}],"neow_cost":"PERCENT_DAMAGE","seed_source_timestamp":3361843312457013,"circlet_count":0,"master_deck":["AscendersBane","Strike_R+1","Strike_R+1","Strike_R+1","Strike_R+1","Defend_R+1","Defend_R+1","Defend_R+1","Defend_R+1","Bash+1","Headbutt+1","Evolve+1","Warcry+1","Dropkick+1","Flame Barrier+1","Clothesline+1","Impervious+1","Shrug It Off+1","Demon Form+1","Thunderclap+1","Reckless Charge+1","Burning Pact+1","Power Through+1","Twin Strike+1","Disarm+1","Barricade","Heavy Blade+1","Heavy Blade+1","Double Tap+1","Heavy Blade+1","Evolve+1"],"special_seed":0,"relics":["Burning Blood","Toxic Egg 2","Molten Egg 2","War Paint","Darkstone Periapt","Bronze Scales","Snecko Eye","Anchor","Ginger","Whetstone","Ancient Tea Set","Mark of Pain","PreservedInsect","Du-Vu Doll","Question Card","Orichalcum","Unceasing Top","Pear"],"potions_floor_usage":[],"damage_taken":[{"damage":2.0,"enemies":"Cultist","floor":1.0,"turns":4.0},{"damage":4.0,"enemies":"Jaw Worm","floor":3.0,"turns":4.0},{"damage":1.0,"enemies":"2 Louse","floor":6.0,"turns":4.0},{"damage":16.0,"enemies":"Large Slime","floor":8.0,"turns":7.0},{"damage":13.0,"enemies":"Lagavulin","floor":11.0,"turns":9.0},{"damage":3.0,"enemies":"Gremlin Nob","floor":14.0,"turns":4.0},{"damage":27.0,"enemies":"The Guardian","floor":16.0,"turns":14.0},{"damage":14.0,"enemies":"2 Thieves","floor":18.0,"turns":4.0},{"damage":29.0,"enemies":"Slavers","floor":24.0,"turns":6.0},{"damage":0.0,"enemies":"Spheric Guardian","floor":25.0,"turns":4.0},{"damage":3.0,"enemies":"3 Cultists","floor":27.0,"turns":4.0},{"damage":0.0,"enemies":"Snake Plant","floor":28.0,"turns":3.0},{"damage":0.0,"enemies":"Cultist and Chosen","floor":29.0,"turns":6.0},{"damage":2.0,"enemies":"Champ","floor":33.0,"turns":9.0},{"damage":0.0,"enemies":"3 Shapes","floor":35.0,"turns":5.0},{"damage":1.0,"enemies":"Orb Walker","floor":37.0,"turns":3.0},{"damage":15.0,"enemies":"Jaw Worm Horde","floor":38.0,"turns":5.0},{"damage":28.0,"enemies":"Spire Growth","floor":39.0,"turns":6.0},{"damage":24.0,"enemies":"Reptomancer","floor":41.0,"turns":5.0},{"damage":0.0,"enemies":"Giant Head","floor":44.0,"turns":5.0},{"damage":37.0,"enemies":"2 Orb Walkers","floor":45.0,"turns":5.0},{"damage":34.0,"enemies":"Reptomancer","floor":46.0,"turns":7.0},{"damage":4.0,"enemies":"Writhing Mass","floor":47.0,"turns":4.0},{"damage":52,"enemies":"Donu and Deca","floor":50,"turns":7}],"seed_played":"-3378098582906288170","potions_obtained":[{"floor":6.0,"key":"SneckoOil"},{"floor":8.0,"key":"EssenceOfSteel"},{"floor":16.0,"key":"LiquidBronze"},{"floor":18.0,"key":"SteroidPotion"},{"floor":27.0,"key":"AttackPotion"},{"floor":41.0,"key":"FearPotion"},{"floor":44.0,"key":"Regen Potion"},{"floor":45.0,"key":"LiquidBronze"},{"floor":46.0,"key":"LiquidBronze"}],"is_trial":false,"path_per_floor":["M","$","M","T","?","M","R","M","T","R","E","?","?","E","R","B",null,"M","T","?","?","?","R","E","M","T","M","M","M","R","$","R","B",null,"M","?","M","M","M","R","E","R","T","E","?","E","M","?","R","B"],"character_chosen":"IRONCLAD","items_purchased":["Toxic Egg 2","Evolve","Warcry+1","Ancient Tea Set"],"campfire_rested":5,"item_purchase_floors":[2,2,2,31],"current_hp_per_floor":[54,54,56,56,51,56,56,46,46,68,61,38,38,41,41,20,61,53,53,53,32,32,56,33,39,39,42,48,54,54,54,78,80,80,80,80,80,71,49,73,55,79,79,80,49,46,48,48,48,0],"gold":454,"neow_bonus":"TWO_FIFTY_GOLD","is_prod":false,"is_daily":false,"chose_seed":true,"campfire_upgraded":3,"win_rate":0,"timestamp":1554647838,"path_taken":["M","$","M","?","?","M","R","M","T","R","E","?","?","E","R","BOSS","M","?","?","?","?","R","E","M","T","M","M","M","R","?","R","BOSS","M","?","?","M","M","R","E","R","T","E","?","E","M","?","R","BOSS"],"build_version":"2019-04-04","purchased_purges":1,"victory":false,"max_hp_per_floor":[75,75,75,75,75,75,75,75,75,75,75,75,75,75,75,75,75,75,75,75,80,80,80,80,80,80,80,80,80,80,80,80,80,80,80,80,80,80,80,80,80,80,80,80,80,90,90,90,90,90],"card_choices":[{"not_picked":["Havoc","Hemokinesis"],"picked":"Headbutt","floor":1.0},{"not_picked":["Bloodletting+1","Armaments+1"],"picked":"Dropkick","floor":3.0},{"not_picked":["Spot Weakness+1","Corruption"],"picked":"Flame Barrier+1","floor":6.0},{"not_picked":["Blood for Blood+1","Perfected Strike+1"],"picked":"Clothesline+1","floor":8.0},{"not_picked":["Clothesline+1","Shockwave+1"],"picked":"Impervious+1","floor":11.0},{"not_picked":["Warcry+1","Thunderclap+1"],"picked":"Shrug It Off+1","floor":14.0},{"not_picked":["Brutality","Impervious+1"],"picked":"Demon Form","floor":16.0},{"not_picked":["Metallicize","Perfected Strike+1"],"picked":"Thunderclap+1","floor":18.0},{"not_picked":["Entrench+1","Ghostly Armor+1"],"picked":"Reckless Charge+1","floor":24.0},{"not_picked":["True Grit+1","Pommel Strike+1"],"picked":"Burning Pact+1","floor":25.0},{"not_picked":["Perfected Strike+1","Body Slam+1"],"picked":"Power Through+1","floor":27.0},{"not_picked":["Headbutt+1","Cleave+1","Twin Strike+1"],"picked":"SKIP","floor":28.0},{"not_picked":["Headbutt+1","Cleave+1"],"picked":"Twin Strike+1","floor":28.0},{"not_picked":["Spot Weakness+1","Clothesline+1"],"picked":"Disarm+1","floor":29.0},{"not_picked":["Impervious+1","Reaper+1"],"picked":"Barricade","floor":33.0},{"not_picked":["Sword Boomerang+1","Iron Wave+1","Warcry+1"],"picked":"SKIP","floor":35.0},{"not_picked":["Sword Boomerang+1","Iron Wave+1","Warcry+1"],"picked":"SKIP","floor":35.0},{"not_picked":["Shrug It Off+1","Clash+1"],"picked":"Heavy Blade+1","floor":37.0},{"not_picked":["Twin Strike+1","Combust+1"],"picked":"Heavy Blade+1","floor":38.0},{"not_picked":["Armaments+1","Cleave+1","Perfected Strike+1"],"picked":"SKIP","floor":39.0},{"not_picked":["Fire Breathing","Corruption+1","Wild Strike+1"],"picked":"SKIP","floor":41.0},{"not_picked":["Inflame","Anger+1","Spot Weakness+1"],"picked":"Double Tap+1","floor":44.0},{"not_picked":["Flex+1","Intimidate+1","Sever Soul+1"],"picked":"Heavy Blade+1","floor":45.0},{"not_picked":["Iron Wave+1","Dropkick+1","Rampage+1"],"picked":"Evolve","floor":46.0},{"not_picked":["Havoc+1","Clash+1","Sword Boomerang+1","Twin Strike+1"],"picked":"SKIP","floor":47.0}],"player_experience":2841296,"relics_obtained":[{"floor":4.0,"key":"Molten Egg 2"},{"floor":11.0,"key":"Darkstone Periapt"},{"floor":14.0,"key":"Bronze Scales"},{"floor":19.0,"key":"Anchor"},{"floor":24.0,"key":"Ginger"},{"floor":26.0,"key":"Whetstone"},{"floor":36.0,"key":"PreservedInsect"},{"floor":41.0,"key":"Du-Vu Doll"},{"floor":43.0,"key":"Question Card"},{"floor":44.0,"key":"Orichalcum"},{"floor":45.0,"key":"Unceasing Top"},{"floor":46.0,"key":"Pear"}],"event_choices":[{"damage_healed":0.0,"max_hp_gain":0.0,"max_hp_loss":0.0,"gold_gain":0.0,"event_name":"Scrap Ooze","player_choice":"Success","floor":5.0,"gold_loss":0.0,"damage_taken":5.0,"relics_obtained":["War Paint"]},{"damage_healed":0.0,"max_hp_gain":0.0,"max_hp_loss":0.0,"gold_gain":0.0,"event_name":"Shining Light","player_choice":"Entered Light","floor":12.0,"gold_loss":0.0,"damage_taken":23.0,"cards_upgraded":["Strike_R","Strike_R"]},{"damage_healed":0.0,"max_hp_gain":0.0,"max_hp_loss":0.0,"gold_gain":0.0,"event_name":"Accursed Blacksmith","player_choice":"Forge","floor":13.0,"gold_loss":0.0,"damage_taken":0.0,"cards_upgraded":["Dropkick"]},{"damage_healed":0.0,"max_hp_gain":0.0,"max_hp_loss":0.0,"gold_gain":0.0,"event_name":"Ghosts","player_choice":"Ignored","floor":20.0,"gold_loss":0.0,"damage_taken":0.0},{"damage_healed":0.0,"max_hp_gain":5.0,"max_hp_loss":0.0,"gold_gain":0.0,"event_name":"Forgotten Altar","player_choice":"Shed Blood","floor":21.0,"gold_loss":0.0,"damage_taken":26.0},{"damage_healed":0.0,"max_hp_gain":0.0,"max_hp_loss":0.0,"gold_gain":0.0,"event_name":"Back to Basics","player_choice":"Simplicity","floor":22.0,"gold_loss":0.0,"damage_taken":0.0,"cards_upgraded":["Strike_R","Strike_R","Strike_R","Defend_R","Defend_R"]},{"damage_healed":0.0,"max_hp_gain":0.0,"max_hp_loss":0.0,"gold_gain":0.0,"event_name":"Wheel of Change","player_choice":"Relic","floor":36.0,"gold_loss":0.0,"damage_taken":0.0},{"damage_healed":0.0,"max_hp_gain":0.0,"max_hp_loss":0.0,"gold_gain":0.0,"event_name":"Mysterious Sphere","player_choice":"Fight","floor":45.0,"gold_loss":0.0,"damage_taken":0.0},{"damage_healed":0.0,"max_hp_gain":0.0,"max_hp_loss":0.0,"gold_gain":0.0,"event_name":"Upgrade Shrine","player_choice":"Upgraded","floor":48.0,"gold_loss":0.0,"damage_taken":0.0,"cards_upgraded":["Evolve"]}],"is_beta":true,"boss_relics":[{"not_picked":["Eternal Feather","Black Star"],"picked":"Snecko Eye"},{"not_picked":["Philosopher\u0027s Stone","Runic Cube"],"picked":"Mark of Pain"}],"items_purged_floors":[31],"is_endless":false,"potions_floor_spawned":[6,8,16,18,27,29,33,41,44,45,46],"killed_by":"Donu and Deca","ascension_level":17}