{"gold_per_floor":[116,4,19,31,49,49,79,79,79,79,90,90,90,100,100,204,254,266,280,280,295,12,45,45,45,95,107,22,22,22,38,38,38],"floor_reached":33,"playtime":1801,"items_purged":["Strike_R","Strike_R"],"score":398,"play_id":"f1a49118-457e-40f6-a844-76269d5deb91","local_time":"20190120213406","is_ascension_mode":true,"campfire_choices":[{"data":"Entrench","floor":6.0,"key":"SMITH"},{"data":"Body Slam","floor":10.0,"key":"SMITH"},{"data":"1","floor":12.0,"key":"LIFT"},{"data":"True Grit","floor":15.0,"key":"SMITH"},{"data":"2","floor":25.0,"key":"LIFT"},{"data":"3","floor":30.0,"key":"LIFT"},{"floor":32.0,"key":"REST"}],"neow_cost":"NONE","seed_source_timestamp":886328643577007,"circlet_count":0,"master_deck":["Strike_R","Strike_R","Defend_R","Defend_R","Defend_R","Defend_R","Bash","Limit Break","Entrench+1","Shockwave","Wild Strike","Body Slam+1","Clothesline","True Grit+1","Impervious+1","Disarm+1","Battle Trance","Inflame","Writhe"],"special_seed":0,"relics":["Burning Blood","Girya","Bronze Scales","Bottled Lightning","Tiny House","Membership Card","Question Card","Meat on the Bone","Orichalcum","Strawberry"],"potions_floor_usage":[],"damage_taken":[{"damage":1.0,"enemies":"Cultist","floor":1.0,"turns":4.0},{"damage":8.0,"enemies":"2 Louse","floor":3.0,"turns":3.0},{"damage":9.0,"enemies":"Jaw Worm","floor":4.0,"turns":4.0},{"damage":14.0,"enemies":"3 Louse","floor":5.0,"turns":3.0},{"damage":7.0,"enemies":"Blue Slaver","floor":11.0,"turns":3.0},{"damage":9.0,"enemies":"Exordium Wildlife","floor":14.0,"turns":4.0},{"damage":20.0,"enemies":"The Guardian","floor":16.0,"turns":13.0},{"damage":14.0,"enemies":"Shell Parasite","floor":18.0,"turns":5.0},{"damage":6.0,"enemies":"3 Byrds","floor":19.0,"turns":3.0},{"damage":14.0,"enemies":"Snecko","floor":21.0,"turns":8.0},{"damage":20.0,"enemies":"Book of Stabbing","floor":23.0,"turns":5.0},{"damage":24.0,"enemies":"Snake Plant","floor":27.0,"turns":2.0},{"damage":24.0,"enemies":"Sentry and Sphere","floor":31.0,"turns":5.0},{"damage":76,"enemies":"Automaton","floor":33,"turns":10}],"seed_played":"7139884457269011755","potions_obtained":[{"floor":1.0,"key":"FearPotion"},{"floor":5.0,"key":"GamblersBrew"},{"floor":11.0,"key":"Fruit Juice"},{"floor":14.0,"key":"SteroidPotion"},{"floor":17.0,"key":"EntropicBrew"},{"floor":27.0,"key":"EssenceOfSteel"}],"is_trial":false,"path_per_floor":["M","$","M","M","M","R","?","?","T","R","M","R","?","M","R","B",null,"M","M","?","M","$","E","?","R","T","M","?","$","R","M","R","B"],"character_chosen":"IRONCLAD","items_purchased":["Shockwave","Membership Card","Inflame"],"campfire_rested":1,"item_purchase_floors":[2,22,22],"current_hp_per_floor":[77,77,75,72,64,64,64,39,39,39,43,43,36,33,33,19,74,66,66,66,58,58,44,44,44,44,38,45,45,45,39,68,0],"gold":38,"neow_bonus":"ONE_RANDOM_RARE_CARD","is_prod":false,"is_daily":false,"chose_seed":false,"campfire_upgraded":3,"win_rate":0,"timestamp":1547987646,"path_taken":["M","$","M","M","M","R","?","?","T","R","M","R","?","M","R","BOSS","M","M","?","M","$","E","?","R","T","M","?","?","R","?","R","BOSS"],"build_version":"2019-01-17v2","purchased_purges":2,"victory":false,"max_hp_per_floor":[80,80,80,80,80,80,80,80,80,80,85,85,85,85,85,85,90,90,90,90,90,90,90,90,90,90,90,97,97,97,97,97,97],"card_choices":[{"not_picked":["Sever Soul","Clash"],"picked":"Entrench","floor":1.0},{"not_picked":["Pommel Strike","Shockwave"],"picked":"Wild Strike","floor":3.0},{"not_picked":["Hemokinesis","Wild Strike"],"picked":"Body Slam","floor":4.0},{"not_picked":["Cleave","Rampage"],"picked":"Clothesline","floor":5.0},{"not_picked":["Pommel Strike","Flame Barrier"],"picked":"True Grit","floor":11.0},{"not_picked":["Rampage","Shrug It Off"],"picked":"Impervious","floor":14.0},{"not_picked":["Armaments","Headbutt"],"picked":"Disarm+1","floor":18.0},{"not_picked":["Anger","Combust+1","Clash"],"picked":"SKIP","floor":19.0},{"not_picked":["Wild Strike","Twin Strike","Armaments"],"picked":"SKIP","floor":21.0},{"not_picked":["Perfected Strike","Feel No Pain+1","Hemokinesis"],"picked":"SKIP","floor":23.0},{"not_picked":["Shrug It Off","Twin Strike","Anger","Spot Weakness"],"picked":"SKIP","floor":27.0},{"not_picked":["Clash+1","Twin Strike","Clothesline","Shrug It Off"],"picked":"SKIP","floor":31.0}],"player_experience":421288,"relics_obtained":[{"floor":9.0,"key":"Bottled Lightning"},{"floor":23.0,"key":"Question Card"},{"floor":26.0,"key":"Orichalcum"}],"event_choices":[{"damage_healed":0.0,"max_hp_gain":0.0,"max_hp_loss":0.0,"gold_gain":30.0,"event_name":"Dead Adventurer","player_choice":"Searched \u00272\u0027 times","floor":7.0,"gold_loss":0.0,"damage_taken":0.0,"relics_obtained":["Girya"]},{"damage_healed":0.0,"max_hp_gain":0.0,"max_hp_loss":0.0,"gold_gain":0.0,"event_name":"Scrap Ooze","player_choice":"Success","floor":8.0,"gold_loss":0.0,"damage_taken":25.0,"relics_obtained":["Bronze Scales"]},{"cards_removed":["Strike_R"],"damage_healed":0.0,"max_hp_gain":0.0,"max_hp_loss":0.0,"gold_gain":0.0,"event_name":"Golden Wing","player_choice":"Card Removal","floor":13.0,"gold_loss":0.0,"damage_taken":7.0},{"damage_healed":0.0,"max_hp_gain":0.0,"max_hp_loss":0.0,"gold_gain":0.0,"event_name":"The Library","player_choice":"Read","floor":20.0,"gold_loss":0.0,"damage_taken":0.0,"cards_obtained":["Battle Trance"]},{"damage_healed":0.0,"max_hp_gain":0.0,"max_hp_loss":0.0,"gold_gain":0.0,"event_name":"The Mausoleum","player_choice":"Opened","floor":24.0,"gold_loss":0.0,"damage_taken":0.0,"relics_obtained":["Meat on the Bone"],"cards_obtained":["Writhe"]},{"damage_healed":0.0,"max_hp_gain":0.0,"max_hp_loss":0.0,"gold_gain":0.0,"event_name":"Addict","player_choice":"Obtained Relic","floor":28.0,"gold_loss":85.0,"damage_taken":0.0,"relics_obtained":["Strawberry"]}],"is_beta":false,"boss_relics":[{"not_picked":["Orrery","Black Star"],"picked":"Tiny House"}],"items_purged_floors":[2,22],"is_endless":false,"potions_floor_spawned":[1,5,11,14,21,27],"killed_by":"Automaton","ascension_level":9}