{"gold_per_floor":[110,169,169,169,192,192,233,102,102,118,118,141,156,177,177,177],"floor_reached":16,"playtime":693,"items_purged":["Injury"],"score":194,"play_id":"f9fa52fe-5a64-4f70-b130-92f93f3020c8","local_time":"20190525115755","is_ascension_mode":true,"campfire_choices":[{"data":"Carnage","floor":6,"key":"SMITH"},{"data":"Havoc","floor":11,"key":"SMITH"},{"data":"Havoc","floor":15,"key":"SMITH"}],"neow_cost":"NONE","seed_source_timestamp":2492748384152,"circlet_count":0,"master_deck":["AscendersBane","Strike_R","Strike_R","Strike_R","Strike_R","Strike_R","Defend_R","Defend_R","Defend_R","Defend_R","Bash","Carnage+1","Limit Break","Sever Soul","Havoc+1","Havoc","Shrug It Off","Havoc+1"],"relics":["Burning Blood","Golden Idol","Pantograph","Letter Opener"],"potions_floor_usage":[1,13,16],"damage_taken":[{"damage":8,"enemies":"Small Slimes","floor":1,"turns":2},{"damage":3,"enemies":"2 Louse","floor":5,"turns":3},{"damage":30,"enemies":"Lagavulin","floor":7,"turns":5},{"damage":0,"enemies":"Cultist","floor":10,"turns":2},{"damage":0,"enemies":"Large Slime","floor":12,"turns":4},{"damage":8,"enemies":"Exordium Thugs","floor":13,"turns":3},{"damage":2,"enemies":"2 Fungi Beasts","floor":14,"turns":3},{"damage":81,"enemies":"Slime Boss","floor":16,"turns":10}],"seed_played":"1073709988002556254","potions_obtained":[{"floor":0,"key":"Fire Potion"},{"floor":0,"key":"Fire Potion"},{"floor":1,"key":"EssenceOfSteel"},{"floor":13,"key":"SneckoOil"}],"is_trial":false,"path_per_floor":["M","?","?","?","M","R","E","$","T","M","R","M","M","M","R","B"],"character_chosen":"IRONCLAD","items_purchased":["Havoc"],"campfire_rested":0,"item_purchase_floors":[8],"current_hp_per_floor":[66,66,66,75,75,75,51,51,51,57,57,63,61,65,65,0],"gold":177,"neow_bonus":"THREE_SMALL_POTIONS","is_prod":false,"is_daily":false,"chose_seed":false,"campfire_upgraded":3,"win_rate":0,"timestamp":1558774675,"path_taken":["M","?","?","?","M","R","E","$","T","M","R","M","?","M","R","BOSS"],"build_version":"2019-01-23","purchased_purges":1,"victory":false,"max_hp_per_floor":[75,75,75,75,75,75,75,75,75,75,75,75,75,75,75,75],"card_choices":[{"not_picked":["Cleave","Spot Weakness"],"picked":"Carnage","floor":1},{"not_picked":["Ghostly Armor","Combust"],"picked":"Limit Break","floor":5},{"not_picked":["Barricade","Perfected Strike"],"picked":"Sever Soul","floor":7},{"not_picked":["Perfected Strike","Whirlwind"],"picked":"Havoc","floor":10},{"not_picked":["Wild Strike","Heavy Blade"],"picked":"Shrug It Off","floor":12},{"not_picked":["True Grit","Whirlwind","Berserk"],"picked":"SKIP","floor":13},{"not_picked":["Iron Wave","Heavy Blade"],"picked":"Havoc","floor":14}],"player_experience":1401840,"relics_obtained":[{"floor":7,"key":"Pantograph"},{"floor":9,"key":"Letter Opener"}],"event_choices":[{"damage_healed":0,"gold_gain":59,"player_choice":"Gained Gold","damage_taken":0,"max_hp_gain":0,"max_hp_loss":0,"event_name":"Golden Wing","floor":2,"gold_loss":0},{"damage_healed":0,"gold_gain":0,"player_choice":"Take Wound","damage_taken":0,"relics_obtained":["Golden Idol"],"max_hp_gain":0,"max_hp_loss":0,"event_name":"Golden Idol","floor":3,"gold_loss":0,"cards_obtained":["Injury"]},{"damage_healed":9,"gold_gain":0,"player_choice":"Full Heal","damage_taken":0,"max_hp_gain":0,"max_hp_loss":0,"event_name":"Wheel of Change","floor":4,"gold_loss":0}],"is_beta":false,"boss_relics":[],"items_purged_floors":[8],"is_endless":false,"potions_floor_spawned":[1,7,10,13],"killed_by":"Slime Boss","ascension_level":18}