{"gold_per_floor":[115,126,138,59,59,59,73,73,119,129,129,160,172,189,189,291,291,309,295,295],"floor_reached":20,"playtime":843,"items_purged":[],"score":283,"play_id":"299af2aa-2873-47e3-919c-907cc04afc9c","local_time":"20190426212828","is_ascension_mode":true,"campfire_choices":[{"data":"White Noise","floor":6,"key":"SMITH"},{"data":"Capacitor","floor":8,"key":"SMITH"},{"data":"Barrage","floor":15,"key":"SMITH"}],"neow_cost":"NONE","seed_source_timestamp":5689306412781,"circlet_count":0,"master_deck":["Strike_B","Strike_B","Strike_B","Strike_B","Defend_B","Defend_B","Defend_B","Defend_B","Zap","Dualcast","White Noise+1","Sweeping Beam","Rainbow","Capacitor+1","Ball Lightning","Ball Lightning","Barrage+1","Biased Cognition","Stack+1","Go for the Eyes+1"],"relics":["Cracked Core","Ancient Tea Set","Regal Pillow","Strawberry","Inserter"],"potions_floor_usage":[14],"damage_taken":[{"damage":3,"enemies":"Jaw Worm","floor":1,"turns":5},{"damage":6,"enemies":"2 Louse","floor":2,"turns":2},{"damage":0,"enemies":"Cultist","floor":3,"turns":3},{"damage":7,"enemies":"Blue Slaver","floor":7,"turns":4},{"damage":11,"enemies":"3 Louse","floor":10,"turns":4},{"damage":15,"enemies":"Gremlin Nob","floor":12,"turns":3},{"damage":10,"enemies":"Exordium Wildlife","floor":13,"turns":3},{"damage":8,"enemies":"Gremlin Gang","floor":14,"turns":3},{"damage":10,"enemies":"Slime Boss","floor":16,"turns":6},{"damage":30,"enemies":"3 Byrds","floor":18,"turns":5},{"damage":34,"enemies":"2 Thieves","floor":19,"turns":4},{"damage":14,"enemies":"Centurion and Healer","floor":20,"turns":1}],"seed_played":"-3057699987163366970","potions_obtained":[{"floor":1,"key":"SpeedPotion"},{"floor":7,"key":"Fire Potion"},{"floor":10,"key":"Poison Potion"},{"floor":14,"key":"Weak Potion"},{"floor":16,"key":"Fire Potion"}],"is_trial":false,"path_per_floor":["M","M","M","$","?","R","M","R","T","M","?","E","M","M","R","B",null,"M","M","M"],"character_chosen":"DEFECT","items_purchased":["Capacitor"],"campfire_rested":0,"item_purchase_floors":[4],"current_hp_per_floor":[72,66,66,66,71,71,64,64,64,53,53,45,35,27,27,17,75,45,11,0],"gold":295,"neow_bonus":"TEN_PERCENT_HP_BONUS","is_prod":false,"is_daily":false,"chose_seed":false,"campfire_upgraded":3,"win_rate":0,"timestamp":1556306908,"path_taken":["M","M","M","$","?","R","M","R","T","M","?","E","?","M","R","BOSS","M","M","M"],"build_version":"2019-01-23","purchased_purges":0,"victory":false,"max_hp_per_floor":[82,82,82,82,87,87,87,87,87,87,87,94,94,94,94,94,94,94,94,94],"card_choices":[{"not_picked":["Cold Snap","Gash"],"picked":"White Noise","floor":1},{"not_picked":["White Noise","Steam Power"],"picked":"Sweeping Beam","floor":2},{"not_picked":["Coolheaded","Self Repair"],"picked":"Rainbow","floor":3},{"not_picked":["Melter","Genetic Algorithm","Compile Driver"],"picked":"SKIP","floor":7},{"not_picked":["Storm","Sunder"],"picked":"Ball Lightning","floor":10},{"not_picked":["Melter","Redo"],"picked":"Ball Lightning","floor":12},{"not_picked":["Rebound","Capacitor","Recycle"],"picked":"SKIP","floor":13},{"not_picked":["Chaos","Reinforced Body"],"picked":"Barrage","floor":14},{"not_picked":["Core Surge","Creative AI"],"picked":"Biased Cognition","floor":16},{"not_picked":["Coolheaded+1","Rip and Tear"],"picked":"Stack+1","floor":18},{"not_picked":["Compile Driver","Gash"],"picked":"Go for the Eyes+1","floor":19}],"player_experience":492159,"relics_obtained":[{"floor":9,"key":"Ancient Tea Set"},{"floor":12,"key":"Strawberry"}],"event_choices":[{"damage_healed":0,"gold_gain":0,"player_choice":"Donut","damage_taken":0,"max_hp_gain":5,"max_hp_loss":0,"event_name":"Big Fish","floor":5,"gold_loss":0},{"damage_healed":0,"gold_gain":0,"player_choice":"Gave Potion","damage_taken":0,"relics_obtained":["Regal Pillow"],"max_hp_gain":0,"max_hp_loss":0,"event_name":"WeMeetAgain","floor":11,"gold_loss":0}],"is_beta":false,"boss_relics":[{"not_picked":["White Beast Statue","Fusion Hammer"],"picked":"Inserter"}],"items_purged_floors":[],"is_endless":false,"potions_floor_spawned":[1,7,10,14,16],"killed_by":"Centurion and Healer","ascension_level":9}