{"gold_per_floor":[210,230,248,228,8,43,43,43],"floor_reached":8,"playtime":490,"items_purged":["Strike_G"],"score":99,"play_id":"c4854449-6c22-4809-bfac-85dfebd89a9c","local_time":"20190513214232","is_ascension_mode":true,"campfire_choices":[],"neow_cost":"NONE","seed_source_timestamp":1475716416212344,"circlet_count":0,"master_deck":["AscendersBane","Defend_G","Defend_G","Defend_G","Defend_G","Defend_G","Strike_G","Strike_G","Strike_G","Strike_G","Survivor","Neutralize","Crippling Poison","Caltrops","Calculated Gamble","Poisoned Stab","Blind","PiercingWail","Parasite"],"relics":["Ring of the Snake","Boot"],"potions_floor_usage":[6,6,6,8],"damage_taken":[{"damage":1,"enemies":"Jaw Worm","floor":1,"turns":5},{"damage":0,"enemies":"2 Louse","floor":2,"turns":4},{"damage":1,"enemies":"Small Slimes","floor":3,"turns":5},{"damage":7,"enemies":"Exordium Thugs","floor":4,"turns":4},{"damage":42,"enemies":"3 Sentries","floor":6,"turns":14},{"damage":26,"enemies":"Gremlin Nob","floor":8,"turns":4}],"seed_played":"2647466308105116181","potions_obtained":[{"floor":3,"key":"Swift Potion"},{"floor":4,"key":"EntropicBrew"}],"is_trial":false,"path_per_floor":["M","M","M","M","$","E","?","E"],"character_chosen":"THE_SILENT","items_purchased":["Poisoned Stab","Blind"],"campfire_rested":0,"item_purchase_floors":[5,5],"current_hp_per_floor":[58,58,57,50,50,8,24,0],"gold":43,"neow_bonus":"HUNDRED_GOLD","is_prod":false,"is_daily":false,"chose_seed":false,"campfire_upgraded":0,"win_rate":0,"timestamp":1557776552,"path_taken":["M","M","M","M","$","E","?","E"],"build_version":"2019-01-23","purchased_purges":1,"victory":false,"max_hp_per_floor":[66,66,66,66,66,66,66,66],"card_choices":[{"not_picked":["PiercingWail","Blur"],"picked":"Crippling Poison","floor":1},{"not_picked":["Prepared","Dash"],"picked":"Caltrops","floor":2},{"not_picked":["Underhanded Strike","Flying Knee"],"picked":"Calculated Gamble","floor":3},{"not_picked":["Outmaneuver","Finisher","Backstab"],"picked":"SKIP","floor":4},{"not_picked":["Blade Dance","Dagger Throw"],"picked":"PiercingWail","floor":6}],"player_experience":583256,"relics_obtained":[{"floor":6,"key":"Boot"}],"event_choices":[{"damage_healed":16,"gold_gain":0,"player_choice":"Healed and dodged fight","damage_taken":0,"max_hp_gain":0,"max_hp_loss":0,"event_name":"Mushrooms","floor":7,"gold_loss":0,"cards_obtained":["Parasite"]}],"is_beta":false,"boss_relics":[],"items_purged_floors":[5],"is_endless":false,"potions_floor_spawned":[3,4],"killed_by":"Gremlin Nob","ascension_level":14}