{"gold_per_floor":[112,124,37,2,19,19,45,45,45,80,80,94,94,104,104,178,178,192,38,218,52,64,64,64,64,88,88,13,13,13,31,31,108,108,122,138,138,152,152],"floor_reached":39,"playtime":1855,"items_purged":["Strike_R"],"score":677,"play_id":"985e9fb0-d5da-46ee-8072-534999d0bb63","local_time":"20181130141005","is_ascension_mode":true,"campfire_choices":[{"data":"Armaments","floor":6.0,"key":"SMITH"},{"data":"Deep Breath","floor":8.0,"key":"SMITH"},{"data":"Double Tap","floor":11.0,"key":"SMITH"},{"data":"Whirlwind","floor":15.0,"key":"SMITH"},{"floor":23.0,"key":"REST"},{"data":"Demon Form","floor":25.0,"key":"SMITH"},{"data":"Shrug It Off","floor":30.0,"key":"SMITH"},{"data":"Flex","floor":32.0,"key":"SMITH"}],"neow_cost":"NONE","seed_source_timestamp":38710409293378,"circlet_count":0,"master_deck":["AscendersBane","Strike_R","Strike_R","Strike_R","Defend_R","Defend_R","Defend_R","Defend_R","Bash+1","Armaments+1","Shrug It Off+1","Deep Breath+1","Whirlwind+1","Double Tap+1","Ghostly Armor","Flex+1","Demon Form+1","Sword Boomerang","Secret Technique+1","Sword Boomerang","Reckless Charge","Impervious","Dropkick"],"special_seed":0,"relics":["Black Blood","Juzu Bracelet","Singing Bowl","Ancient Tea Set","Strawberry","Happy Flower","Regal Pillow","Coffee Dripper"],"potions_floor_usage":[38,39],"damage_taken":[{"damage":13.0,"enemies":"Jaw Worm","floor":1.0,"turns":5.0},{"damage":8.0,"enemies":"2 Louse","floor":2.0,"turns":4.0},{"damage":3.0,"enemies":"Cultist","floor":5.0,"turns":4.0},{"damage":19.0,"enemies":"3 Sentries","floor":7.0,"turns":9.0},{"damage":23.0,"enemies":"Gremlin Nob","floor":10.0,"turns":5.0},{"damage":9.0,"enemies":"Exordium Thugs","floor":12.0,"turns":4.0},{"damage":3.0,"enemies":"Looter","floor":14.0,"turns":4.0},{"damage":31.0,"enemies":"Hexaghost","floor":16.0,"turns":11.0},{"damage":12.0,"enemies":"3 Byrds","floor":18.0,"turns":4.0},{"damage":21.0,"enemies":"Chosen","floor":22.0,"turns":6.0},{"damage":8.0,"enemies":"Centurion and Healer","floor":31.0,"turns":4.0},{"damage":30.0,"enemies":"Champ","floor":33.0,"turns":8.0},{"damage":16.0,"enemies":"3 Darklings","floor":35.0,"turns":5.0},{"damage":10.0,"enemies":"Orb Walker","floor":36.0,"turns":4.0},{"damage":79,"enemies":"Transient","floor":38,"turns":5},{"damage":38,"enemies":"Mind Bloom Boss Battle","floor":39,"turns":3}],"seed_played":"-3751385710473052865","potions_obtained":[{"floor":2.0,"key":"GamblersBrew"},{"floor":5.0,"key":"Strength Potion"},{"floor":7.0,"key":"SpeedPotion"},{"floor":10.0,"key":"LiquidBronze"},{"floor":13.0,"key":"PowerPotion"},{"floor":16.0,"key":"LiquidBronze"},{"floor":22.0,"key":"Swift Potion"},{"floor":31.0,"key":"Ancient Potion"},{"floor":35.0,"key":"Regen Potion"},{"floor":36.0,"key":"Energy Potion"},{"floor":38,"key":"Dexterity Potion"}],"is_trial":false,"path_per_floor":["M","M","$","?","M","R","E","R","T","E","R","M","?","M","R","B",null,"M","$","?","$","M","R","?","R","T","?","$","?","R","M","R","B",null,"M","M","?","M","?"],"character_chosen":"IRONCLAD","items_purchased":["Deep Breath","Happy Flower","Secret Technique"],"campfire_rested":1,"item_purchase_floors":[3,19,21],"current_hp_per_floor":[61,59,59,75,75,75,62,62,62,52,52,49,49,54,54,29,70,68,68,44,44,33,58,75,75,75,75,75,75,75,79,79,59,79,75,77,77,23,0],"gold":152,"neow_bonus":"RANDOM_COMMON_RELIC","is_prod":false,"is_daily":false,"chose_seed":false,"campfire_upgraded":7,"win_rate":0,"timestamp":1543554605,"path_taken":["M","M","$","?","M","R","E","R","T","E","R","M","?","M","R","BOSS","M","$","?","?","M","R","?","R","T","?","?","?","R","M","R","BOSS","M","M","?","M","?"],"build_version":"2018-11-15","purchased_purges":1,"victory":false,"max_hp_per_floor":[75,75,75,75,75,75,75,75,75,82,82,82,82,84,84,84,84,84,84,84,84,84,84,84,84,84,84,84,84,84,86,86,86,86,88,90,90,90,90],"card_choices":[{"not_picked":["Twin Strike","Cleave"],"picked":"Armaments","floor":1.0},{"not_picked":["Wild Strike","Rage"],"picked":"Shrug It Off","floor":2.0},{"not_picked":["Bloodletting","Rupture"],"picked":"Whirlwind","floor":5.0},{"not_picked":["Exhume","Iron Wave"],"picked":"Double Tap","floor":7.0},{"not_picked":["Armaments","Iron Wave"],"picked":"Ghostly Armor","floor":10.0},{"not_picked":["Cleave","Warcry"],"picked":"Flex","floor":12.0},{"not_picked":["Wild Strike","Warcry","Thunderclap"],"picked":"Singing Bowl","floor":14.0},{"not_picked":["Limit Break","Dark Embrace"],"picked":"Demon Form","floor":16.0},{"not_picked":["Warcry","Havoc"],"picked":"Sword Boomerang","floor":18.0},{"not_picked":["Perfected Strike+1","Clothesline"],"picked":"Sword Boomerang","floor":22.0},{"not_picked":["Burning Pact","Fire Breathing","Perfected Strike"],"picked":"Singing Bowl","floor":31.0},{"not_picked":["Exhume","Feed"],"picked":"Impervious","floor":33.0},{"not_picked":["Armaments","Havoc","Anger"],"picked":"Singing Bowl","floor":35.0},{"not_picked":["Searing Blow","Flex","Warcry"],"picked":"Singing Bowl","floor":36.0},{"not_picked":["Inflame","Dual Wield+1"],"picked":"Dropkick","floor":38}],"player_experience":2473109,"relics_obtained":[{"floor":7.0,"key":"Singing Bowl"},{"floor":9.0,"key":"Ancient Tea Set"},{"floor":10.0,"key":"Strawberry"},{"floor":26.0,"key":"Regal Pillow"}],"event_choices":[{"damage_healed":18.0,"max_hp_gain":0.0,"max_hp_loss":0.0,"gold_gain":0.0,"event_name":"The Cleric","player_choice":"Healed","floor":4.0,"gold_loss":35.0,"damage_taken":0.0},{"damage_healed":0.0,"max_hp_gain":0.0,"max_hp_loss":0.0,"gold_gain":0.0,"event_name":"Lab","player_choice":"Got Potions","floor":13.0,"gold_loss":0.0,"damage_taken":0.0},{"damage_healed":0.0,"max_hp_gain":0.0,"max_hp_loss":0.0,"gold_gain":180.0,"event_name":"Knowing Skull","player_choice":"GOLD GOLD ","floor":20.0,"potions_obtained":[],"gold_loss":0.0,"damage_taken":24.0,"cards_obtained":[]},{"damage_healed":17.0,"max_hp_gain":0.0,"max_hp_loss":0.0,"gold_gain":0.0,"event_name":"The Library","player_choice":"Heal","floor":24.0,"gold_loss":0.0,"damage_taken":0.0},{"damage_healed":0.0,"max_hp_gain":0.0,"max_hp_loss":0.0,"gold_gain":0.0,"cards_transformed":["Strike_R"],"event_name":"Transmorgrifier","player_choice":"Transformed","floor":27.0,"gold_loss":0.0,"damage_taken":0.0,"cards_obtained":["Reckless Charge"]},{"damage_healed":0.0,"max_hp_gain":0.0,"max_hp_loss":0.0,"gold_gain":0.0,"event_name":"Upgrade Shrine","player_choice":"Upgraded","floor":29.0,"gold_loss":0.0,"damage_taken":0.0,"cards_upgraded":["Secret Technique"]},{"damage_healed":0.0,"max_hp_gain":0.0,"max_hp_loss":0.0,"gold_gain":0.0,"event_name":"Accursed Blacksmith","player_choice":"Forge","floor":37.0,"gold_loss":0.0,"damage_taken":0.0,"cards_upgraded":["Bash"]},{"damage_healed":0,"gold_gain":0,"player_choice":"Fight","damage_taken":0,"max_hp_gain":0,"max_hp_loss":0,"event_name":"MindBloom","floor":39,"gold_loss":0}],"is_beta":true,"boss_relics":[{"not_picked":["Runic Dome","Eternal Feather"],"picked":"Black Blood"},{"not_picked":["Lizard Tail","Calling Bell"],"picked":"Coffee Dripper"}],"items_purged_floors":[28],"is_endless":false,"potions_floor_spawned":[2,5,7,10,14,16,22,31,35,36,38],"killed_by":"Mind Bloom Boss Battle","ascension_level":15}