{"gold_per_floor":[218,231,242,167,167,201,214,214,238,272,283,37,37,49,49,151,151,131,57,77,94,94,94],"floor_reached":23,"playtime":1111,"items_purged":["Strike_B"],"score":325,"play_id":"c210ca4c-f273-4aa3-9830-e0ffeb1046aa","local_time":"20190514195023","is_ascension_mode":true,"campfire_choices":[{"floor":8,"key":"REST"},{"data":"Defragment","floor":13,"key":"SMITH"},{"floor":15,"key":"REST"}],"neow_cost":"NONE","seed_source_timestamp":1554765933956229,"circlet_count":0,"master_deck":["AscendersBane","Strike_B","Strike_B","Strike_B","Defend_B","Defend_B","Defend_B","Defend_B","Zap","Dualcast","Conserve Battery","Rebound","Genetic Algorithm","Coolheaded","Defragment+1","Ball Lightning","Sweeping Beam","Core Surge","Defragment","Chill","Barrage"],"relics":["FrozenCore","Bronze Scales","Ancient Tea Set","Blood Vial","Bag of Preparation","Bottled Tornado"],"potions_floor_usage":[11,23],"damage_taken":[{"damage":1,"enemies":"Cultist","floor":1,"turns":3},{"damage":0,"enemies":"2 Louse","floor":2,"turns":2},{"damage":7,"enemies":"Jaw Worm","floor":3,"turns":3},{"damage":38,"enemies":"Lagavulin","floor":6,"turns":7},{"damage":7,"enemies":"Blue Slaver","floor":7,"turns":4},{"damage":19,"enemies":"3 Sentries","floor":10,"turns":8},{"damage":1,"enemies":"2 Fungi Beasts","floor":11,"turns":3},{"damage":8,"enemies":"Exordium Thugs","floor":14,"turns":4},{"damage":9,"enemies":"The Guardian","floor":16,"turns":11},{"damage":14,"enemies":"2 Thieves","floor":18,"turns":4},{"damage":2,"enemies":"Spheric Guardian","floor":20,"turns":4},{"damage":0,"enemies":"Chosen and Byrds","floor":21,"turns":5},{"damage":57,"enemies":"Gremlin Leader","floor":23,"turns":7}],"seed_played":"-767171549494388976","potions_obtained":[{"floor":2,"key":"Energy Potion"},{"floor":10,"key":"Dexterity Potion"},{"floor":16,"key":"Strength Potion"},{"floor":18,"key":"Explosive Potion"}],"is_trial":false,"path_per_floor":["M","M","M","$","?","E","M","R","T","E","M","$","R","M","R","B",null,"M","$","M","M","T","E"],"character_chosen":"DEFECT","items_purchased":["Bag of Preparation","Defragment","Ball Lightning","Defragment"],"campfire_rested":2,"item_purchase_floors":[12,12,12,19],"current_hp_per_floor":[67,67,60,60,60,22,15,37,37,18,19,19,19,13,35,28,63,51,51,51,53,53,0],"gold":94,"neow_bonus":"HUNDRED_GOLD","is_prod":false,"is_daily":false,"chose_seed":false,"campfire_upgraded":1,"win_rate":0,"timestamp":1557856223,"path_taken":["M","M","M","$","?","E","M","R","T","E","M","$","R","M","R","BOSS","M","$","M","M","?","E"],"build_version":"2019-01-23","purchased_purges":1,"victory":false,"max_hp_per_floor":[75,75,75,75,75,75,75,75,75,75,75,75,75,75,75,75,75,75,75,75,75,75,75],"card_choices":[{"not_picked":["BootSequence","Leap"],"picked":"Conserve Battery","floor":1},{"not_picked":["Beam Cell","Barrage"],"picked":"Rebound","floor":2},{"not_picked":["Chill","Streamline"],"picked":"Genetic Algorithm","floor":3},{"not_picked":["Aggregate","Undo","Auto Shields"],"picked":"SKIP","floor":6},{"not_picked":["Redo","Consume"],"picked":"Coolheaded","floor":7},{"not_picked":["Compile Driver","Beam Cell","Auto Shields"],"picked":"SKIP","floor":10},{"not_picked":["Reprogram","Compile Driver","Genetic Algorithm"],"picked":"SKIP","floor":11},{"not_picked":["Compile Driver","Sunder"],"picked":"Sweeping Beam","floor":14},{"not_picked":["Multi-Cast","Buffer"],"picked":"Core Surge","floor":16},{"not_picked":["Beam Cell","Leap","Gash"],"picked":"SKIP","floor":18},{"not_picked":["Reprogram","Force Field"],"picked":"Chill","floor":20},{"not_picked":["Compile Driver+1","Coolheaded"],"picked":"Barrage","floor":21}],"player_experience":587412,"relics_obtained":[{"floor":6,"key":"Bronze Scales"},{"floor":9,"key":"Ancient Tea Set"},{"floor":10,"key":"Blood Vial"},{"floor":22,"key":"Bottled Tornado"}],"event_choices":[{"damage_healed":0,"gold_gain":0,"player_choice":"0 cards matched","damage_taken":0,"max_hp_gain":0,"max_hp_loss":0,"event_name":"Match and Keep!","floor":5,"gold_loss":0,"cards_obtained":[]}],"is_beta":false,"boss_relics":[{"not_picked":["Tiny House","Coffee Dripper"],"picked":"FrozenCore"}],"items_purged_floors":[4],"is_endless":false,"potions_floor_spawned":[2,10,16,18,21],"killed_by":"Gremlin Leader","ascension_level":12}