{"gold_per_floor":[118,74,92,92,17,17,48,48,48,60,90,118,280,307,319,408,420,448,385,397,409,421,433,461,473,511,523,551,201,201,212,212,289,289,309,309,328,18,18,52,69,81,104,133,133,133,41,67,67,67],"floor_reached":50,"playtime":2907,"items_purged":["Decay","Defend_R"],"score":1019,"play_id":"d348c3c1-cfa6-48f6-9ebc-f21ab0585832","local_time":"20190503053940","is_ascension_mode":true,"campfire_choices":[{"data":"Bash","floor":6,"key":"SMITH"},{"data":"Inflame","floor":8,"key":"SMITH"},{"data":"True Grit","floor":10,"key":"SMITH"},{"data":"Pommel Strike","floor":15,"key":"SMITH"},{"data":"Seeing Red","floor":23,"key":"SMITH"},{"floor":25,"key":"REST"},{"data":"Strike_R","floor":27,"key":"PURGE"},{"data":"Heavy Blade","floor":30,"key":"SMITH"},{"data":"Bloodletting","floor":32,"key":"SMITH"},{"data":"Pommel Strike","floor":46,"key":"SMITH"},{"floor":49,"key":"RECALL"}],"neow_cost":"CURSE","seed_source_timestamp":562274419038334,"circlet_count":0,"master_deck":["AscendersBane","Defend_R","Defend_R","Defend_R","Bash+1","True Grit+1","Battle Trance","Dropkick+1","Inflame+1","Seeing Red+1","Twin Strike","Pommel Strike+1","Reaper","Body Slam+1","Body Slam+1","Rupture+1","Heavy Blade+1","Bloodletting+1","Flash of Steel+1","Combust","Shockwave","Demon Form","Pommel Strike+1","Evolve","Shrug It Off","Madness","Madness","Finesse"],"relics":["Burning Blood","Ice Cream","Ornamental Fan","MawBank","Astrolabe","Peace Pipe","Pen Nib","Busted Crown","OrangePellets","Kunai","Whetstone","Pantograph"],"potions_floor_usage":[7,14,18,42,50],"damage_taken":[{"damage":9,"enemies":"Cultist","floor":1,"turns":4},{"damage":10,"enemies":"2 Louse","floor":3,"turns":4},{"damage":26,"enemies":"Gremlin Nob","floor":7,"turns":4},{"damage":10,"enemies":"Small Slimes","floor":11,"turns":3},{"damage":6,"enemies":"Looter","floor":12,"turns":3},{"damage":0,"enemies":"Exordium Wildlife","floor":14,"turns":4},{"damage":23,"enemies":"Slime Boss","floor":16,"turns":8},{"damage":44,"enemies":"3 Byrds","floor":18,"turns":8},{"damage":22,"enemies":"Chosen","floor":24,"turns":5},{"damage":3,"enemies":"Centurion and Healer","floor":28,"turns":5},{"damage":29,"enemies":"Cultist and Chosen","floor":31,"turns":6},{"damage":30,"enemies":"Automaton","floor":33,"turns":5},{"damage":15,"enemies":"Orb Walker","floor":35,"turns":3},{"damage":19,"enemies":"3 Shapes","floor":37,"turns":12},{"damage":52,"enemies":"Nemesis","floor":40,"turns":5},{"damage":25,"enemies":"Writhing Mass","floor":41,"turns":4},{"damage":20,"enemies":"Transient","floor":42,"turns":6},{"damage":29,"enemies":"Giant Head","floor":44,"turns":6},{"damage":29,"enemies":"Nemesis","floor":48,"turns":5},{"damage":22,"enemies":"Awakened One","floor":50,"turns":6}],"seed_played":"3847281446571597070","potions_obtained":[{"floor":1,"key":"BloodPotion"},{"floor":3,"key":"Poison Potion"},{"floor":12,"key":"Block Potion"},{"floor":16,"key":"BloodPotion"},{"floor":24,"key":"SneckoOil"},{"floor":31,"key":"Strength Potion"},{"floor":35,"key":"Ancient Potion"},{"floor":40,"key":"GamblersBrew"},{"floor":42,"key":"SkillPotion"}],"is_trial":false,"path_per_floor":["M","$","M","?","$","R","E","R","T","R","M","M","?","M","R","B",null,"M","?","?","$","T","R","M","R","T","R","M","$","R","M","R","B",null,"M","?","M","$","$","E","M","M","T","E","?","R","$","E","R","B"],"character_chosen":"IRONCLAD","items_purchased":["Battle Trance","Bloodletting","Flash of Steel","Combust","Evolve","OrangePellets","Shrug It Off","Finesse"],"campfire_rested":1,"item_purchase_floors":[2,29,29,29,38,38,38,47],"current_hp_per_floor":[65,65,61,61,61,61,41,41,41,41,37,37,37,43,43,26,63,41,41,41,41,41,41,25,47,47,47,64,64,64,63,63,65,73,73,73,75,75,75,51,32,48,48,57,43,43,43,20,20,23],"gold":67,"neow_bonus":"ONE_RARE_RELIC","is_prod":false,"is_daily":false,"chose_seed":false,"campfire_upgraded":8,"win_rate":0,"timestamp":1556829580,"path_taken":["M","$","M","?","?","R","E","R","T","R","M","M","?","M","R","BOSS","M","?","?","?","?","R","M","R","T","R","M","$","R","M","R","BOSS","M","?","M","?","$","E","M","?","T","E","?","R","$","E","R","BOSS"],"build_version":"2019-04-23","purchased_purges":2,"victory":false,"max_hp_per_floor":[75,75,75,75,75,75,75,75,75,75,75,75,75,75,75,75,75,75,75,75,75,75,75,75,75,75,75,75,75,75,75,75,75,75,75,75,75,75,75,75,75,75,75,75,75,75,75,75,75,75],"card_choices":[{"not_picked":["Dual Wield","Warcry"],"picked":"True Grit","floor":1},{"not_picked":["Entrench","Thunderclap","Dual Wield"],"picked":"SKIP","floor":3},{"not_picked":["Clothesline","Combust"],"picked":"Inflame","floor":7},{"not_picked":["Fire Breathing","Shrug It Off"],"picked":"Seeing Red","floor":11},{"not_picked":["Sentinel","Sword Boomerang"],"picked":"Twin Strike","floor":12},{"not_picked":["Perfected Strike","Anger"],"picked":"Pommel Strike","floor":14},{"not_picked":["Bludgeon","Immolate"],"picked":"Reaper","floor":16},{"not_picked":["Wild Strike","Armaments","Iron Wave"],"picked":"SKIP","floor":18},{"not_picked":["Rupture","Warcry","Flex"],"picked":"SKIP","floor":24},{"not_picked":["Pummel","Combust"],"picked":"Heavy Blade","floor":28},{"not_picked":["Havoc+1","Wild Strike"],"picked":"Shockwave","floor":31},{"not_picked":["Barricade","Berserk"],"picked":"Demon Form","floor":33},{"not_picked":[],"picked":"Pommel Strike","floor":35},{"not_picked":["Sword Boomerang"],"picked":"SKIP","floor":37},{"not_picked":["Spot Weakness+1"],"picked":"SKIP","floor":40},{"not_picked":["Warcry"],"picked":"SKIP","floor":41},{"not_picked":["Sentinel"],"picked":"SKIP","floor":42},{"not_picked":["Entrench"],"picked":"SKIP","floor":44},{"not_picked":["Feel No Pain"],"picked":"SKIP","floor":48}],"player_experience":3145459,"relics_obtained":[{"floor":7,"key":"Ornamental Fan"},{"floor":9,"key":"MawBank"},{"floor":22,"key":"Peace Pipe"},{"floor":26,"key":"Pen Nib"},{"floor":40,"key":"Kunai"},{"floor":44,"key":"Whetstone"},{"floor":48,"key":"Pantograph"}],"event_choices":[{"damage_healed":0,"gold_gain":0,"cards_transformed":["Strike_R"],"player_choice":"Transformed","damage_taken":0,"max_hp_gain":0,"max_hp_loss":0,"event_name":"Transmorgrifier","floor":4,"gold_loss":0,"cards_obtained":["Dropkick"]},{"damage_healed":0,"gold_gain":150,"player_choice":"AGREE","damage_taken":0,"max_hp_gain":0,"max_hp_loss":0,"event_name":"Liars Game","floor":13,"gold_loss":0,"cards_obtained":["Doubt"]},{"cards_removed":["Doubt"],"damage_healed":0,"gold_gain":0,"player_choice":"Gave Gold","damage_taken":0,"max_hp_gain":0,"max_hp_loss":0,"event_name":"Beggar","floor":19,"gold_loss":75},{"damage_healed":0,"gold_gain":0,"player_choice":"Ignored","damage_taken":0,"max_hp_gain":0,"max_hp_loss":0,"event_name":"Ghosts","floor":20,"gold_loss":0},{"damage_healed":0,"gold_gain":0,"player_choice":"Ignored","damage_taken":0,"max_hp_gain":0,"max_hp_loss":0,"event_name":"SecretPortal","floor":36,"gold_loss":0},{"damage_healed":0,"gold_gain":0,"player_choice":"Embrace Madness","damage_taken":14,"max_hp_gain":0,"max_hp_loss":0,"event_name":"Winding Halls","floor":45,"gold_loss":0,"cards_obtained":["Madness","Madness"]}],"is_beta":true,"boss_relics":[{"not_picked":["Black Star","Snecko Eye"],"picked":"Astrolabe"},{"not_picked":["Runic Cube","Pandora\u0027s Box"],"picked":"Busted Crown"}],"items_purged_floors":[5,29],"is_endless":false,"potions_floor_spawned":[1,3,12,16,24,31,35,40,41,42,44],"killed_by":"Awakened One","ascension_level":17}