{"gold_per_floor":[115,131,148,167,2,2,36,36,36,56,84,101,101,113,113,113],"floor_reached":16,"playtime":856,"items_purged":["Strike_G"],"score":211,"play_id":"c21e6f73-78d5-4800-b226-46a289fec696","local_time":"20190422000246","is_ascension_mode":true,"campfire_choices":[{"data":"Neutralize","floor":6.0,"key":"SMITH"},{"data":"Terror","floor":8.0,"key":"SMITH"},{"data":"Burst","floor":15.0,"key":"SMITH"}],"neow_cost":"PERCENT_DAMAGE","seed_source_timestamp":806372081563019,"circlet_count":0,"master_deck":["AscendersBane","Defend_G","Defend_G","Defend_G","Defend_G","Defend_G","Strike_G","Strike_G","Strike_G","Survivor","Neutralize+1","Blur","Backflip","Backstab","Die Die Die","Terror+1","Corpse Explosion","Poisoned Stab+1","Malaise","Flying Knee+1","Burst+1","Escape Plan"],"special_seed":0,"relics":["Ring of the Snake","Incense Burner","Darkstone Periapt","Molten Egg 2","Sundial"],"potions_floor_usage":[16,16],"damage_taken":[{"damage":1.0,"enemies":"2 Louse","floor":1.0,"turns":4.0},{"damage":2.0,"enemies":"Jaw Worm","floor":2.0,"turns":4.0},{"damage":0.0,"enemies":"Cultist","floor":3.0,"turns":5.0},{"damage":4.0,"enemies":"Exordium Wildlife","floor":4.0,"turns":8.0},{"damage":17.0,"enemies":"3 Sentries","floor":7.0,"turns":14.0},{"damage":1.0,"enemies":"3 Louse","floor":10.0,"turns":4.0},{"damage":9.0,"enemies":"Lagavulin","floor":11.0,"turns":7.0},{"damage":2.0,"enemies":"2 Fungi Beasts","floor":12.0,"turns":3.0},{"damage":0.0,"enemies":"Gremlin Gang","floor":14.0,"turns":1.0},{"damage":0,"enemies":"Slime Boss","floor":16,"turns":6}],"seed_played":"6922884480178227932","potions_obtained":[{"floor":2.0,"key":"GhostInAJar"},{"floor":14.0,"key":"PowerPotion"}],"is_trial":false,"path_per_floor":["M","M","M","M","$","R","E","R","T","M","E","M","?","M","R","B"],"character_chosen":"THE_SILENT","items_purchased":["Terror","Dexterity Potion"],"campfire_rested":0,"item_purchase_floors":[5,5],"current_hp_per_floor":[43,41,41,37,37,37,20,20,20,19,10,8,8,8,8,8],"gold":113,"neow_bonus":"ONE_RARE_RELIC","is_prod":false,"is_daily":false,"chose_seed":false,"campfire_upgraded":3,"win_rate":0,"timestamp":1555858966,"path_taken":["M","M","M","M","$","R","E","R","T","M","E","M","?","M","R","BOSS"],"build_version":"2019-04-20","purchased_purges":1,"victory":false,"max_hp_per_floor":[66,66,66,66,66,66,66,66,66,66,66,66,66,66,66,66],"card_choices":[{"not_picked":["Acrobatics","Deflect"],"picked":"Blur","floor":1.0},{"not_picked":["Blade Dance","Bane"],"picked":"Backflip","floor":2.0},{"not_picked":["PiercingWail","Heel Hook"],"picked":"Backstab","floor":3.0},{"not_picked":["Predator","Dodge and Roll"],"picked":"Die Die Die","floor":4.0},{"not_picked":["Predator","Sucker Punch"],"picked":"Corpse Explosion","floor":7.0},{"not_picked":["Outmaneuver","PiercingWail"],"picked":"Poisoned Stab+1","floor":10.0},{"not_picked":["Distraction","Well Laid Plans"],"picked":"Malaise","floor":11.0},{"not_picked":["Acrobatics","Dagger Throw+1"],"picked":"Flying Knee+1","floor":12.0},{"not_picked":["Outmaneuver","Slice+1"],"picked":"Escape Plan","floor":14.0}],"player_experience":3003522,"relics_obtained":[{"floor":7.0,"key":"Darkstone Periapt"},{"floor":9.0,"key":"Molten Egg 2"},{"floor":11.0,"key":"Sundial"}],"event_choices":[{"damage_healed":0.0,"max_hp_gain":0.0,"max_hp_loss":0.0,"gold_gain":0.0,"cards_transformed":["Strike_G"],"event_name":"Living Wall","player_choice":"Change","floor":13.0,"gold_loss":0.0,"damage_taken":0.0,"cards_obtained":["Burst"]}],"is_beta":true,"boss_relics":[],"items_purged_floors":[5],"is_endless":false,"potions_floor_spawned":[2,7,11,12,14],"killed_by":"Slime Boss","ascension_level":17}