{"gold_per_floor":[11,31,50,65,65,65,84,164,164,205,205,221,221,234,234,327,327,282,282,282,282,282,282,282,282,282,282,282,282,282,282,282,282],"floor_reached":33,"playtime":1735,"items_purged":[],"score":471,"play_id":"ce4726d5-31f6-4b95-95d3-4eeb8230ed0a","local_time":"20181209180902","is_ascension_mode":true,"campfire_choices":[{"data":"Neutralize","floor":6.0,"key":"SMITH"},{"floor":13.0,"key":"REST"},{"floor":15.0,"key":"REST"},{"data":"Burst","floor":23.0,"key":"SMITH"},{"floor":28.0,"key":"REST"},{"data":"Noxious Fumes","floor":30.0,"key":"SMITH"},{"data":"Malaise","floor":32.0,"key":"SMITH"}],"neow_cost":"NO_GOLD","seed_source_timestamp":0,"circlet_count":0,"master_deck":["AscendersBane","Defend_G","Defend_G","Defend_G","Defend_G","Strike_G","Strike_G","Strike_G","Strike_G","Survivor","Neutralize+1","Malaise+1","Predator","Terror","Predator","Caltrops","Dagger Spray","Infinite Blades","Adrenaline","Noxious Fumes+1","Poisoned Stab+1","Burst+1","PiercingWail","Backstab+1","Leg Sweep","Venomology","Backflip","Cloak And Dagger+1"],"special_seed":0,"relics":["Ring of the Snake","Golden Idol","Oddly Smooth Stone","Molten Egg 2","Incense Burner","Ectoplasm","Centennial Puzzle","Orichalcum","Bottled Lightning"],"potions_floor_usage":[33,33,33,33],"damage_taken":[{"damage":0.0,"enemies":"2 Louse","floor":1.0,"turns":3.0},{"damage":0.0,"enemies":"Small Slimes","floor":2.0,"turns":3.0},{"damage":0.0,"enemies":"Jaw Worm","floor":3.0,"turns":4.0},{"damage":3.0,"enemies":"Blue Slaver","floor":4.0,"turns":5.0},{"damage":4.0,"enemies":"3 Louse","floor":7.0,"turns":4.0},{"damage":15.0,"enemies":"Gremlin Nob","floor":8.0,"turns":4.0},{"damage":21.0,"enemies":"3 Sentries","floor":10.0,"turns":5.0},{"damage":6.0,"enemies":"Exordium Thugs","floor":12.0,"turns":5.0},{"damage":2.0,"enemies":"2 Fungi Beasts","floor":14.0,"turns":3.0},{"damage":25.0,"enemies":"Slime Boss","floor":16.0,"turns":9.0},{"damage":4.0,"enemies":"2 Thieves","floor":18.0,"turns":3.0},{"damage":13.0,"enemies":"Colosseum Slavers","floor":20.0,"turns":4.0},{"damage":10.0,"enemies":"Chosen","floor":21.0,"turns":6.0},{"damage":9.0,"enemies":"Centurion and Healer","floor":24.0,"turns":7.0},{"damage":9.0,"enemies":"Book of Stabbing","floor":25.0,"turns":6.0},{"damage":0.0,"enemies":"Cultist and Chosen","floor":29.0,"turns":7.0},{"damage":11.0,"enemies":"3 Cultists","floor":31.0,"turns":4.0},{"damage":34,"enemies":"Collector","floor":33,"turns":9}],"seed_played":"-341834197784160651","potions_obtained":[{"floor":1.0,"key":"EssenceOfSteel"},{"floor":7.0,"key":"Explosive Potion"},{"floor":10.0,"key":"Dexterity Potion"},{"floor":12.0,"key":"Regen Potion"},{"floor":18.0,"key":"Regen Potion"},{"floor":29.0,"key":"GhostInAJar"}],"is_trial":false,"path_per_floor":["M","M","M","M","?","R","M","?","T","E","?","M","R","M","R","B",null,"M","?","?","M","T","R","M","E","T","?","R","M","R","M","R","B"],"character_chosen":"THE_SILENT","items_purchased":[],"campfire_rested":3,"item_purchase_floors":[],"current_hp_per_floor":[59,59,59,56,56,56,52,37,37,16,16,10,28,26,44,34,54,50,50,37,42,42,42,33,24,24,24,42,42,42,31,31,0],"gold":282,"neow_bonus":"TRANSFORM_TWO_CARDS","is_prod":false,"is_daily":false,"chose_seed":false,"campfire_upgraded":4,"win_rate":0,"timestamp":1544346542,"path_taken":["M","M","M","M","?","R","M","?","T","E","?","M","R","M","R","BOSS","M","?","?","M","?","R","M","E","T","?","R","?","R","M","R","BOSS"],"build_version":"2018-12-06","purchased_purges":0,"victory":false,"max_hp_per_floor":[66,66,66,66,60,60,60,60,60,60,60,60,60,60,60,60,60,60,60,60,60,60,60,60,60,60,60,60,60,60,60,60,60],"card_choices":[{"not_picked":["Riddle With Holes","Slice"],"picked":"Terror","floor":1.0},{"not_picked":["Deflect","Choke"],"picked":"Predator","floor":2.0},{"not_picked":["Quick Slash","Underhanded Strike","Bane"],"picked":"SKIP","floor":3.0},{"not_picked":["Dodge and Roll","PiercingWail"],"picked":"Caltrops","floor":4.0},{"not_picked":["Acrobatics","Slice"],"picked":"Dagger Spray","floor":7.0},{"not_picked":["Blade Dance","Setup"],"picked":"Infinite Blades","floor":8.0},{"not_picked":["Slice+1","Terror"],"picked":"Adrenaline","floor":10.0},{"not_picked":["Dagger Spray+1","Concentrate"],"picked":"Noxious Fumes","floor":12.0},{"not_picked":["Dagger Throw+1","Acrobatics"],"picked":"Poisoned Stab+1","floor":14.0},{"not_picked":["Glass Knife+1","Night Terror"],"picked":"Burst","floor":16.0},{"not_picked":["Deflect","Blade Dance"],"picked":"PiercingWail","floor":18.0},{"not_picked":["Sucker Punch+1","Terror"],"picked":"Leg Sweep","floor":21.0},{"not_picked":["Acrobatics","Reflex","Dodge and Roll"],"picked":"SKIP","floor":24.0},{"not_picked":["Slice+1","Deadly Poison"],"picked":"Venomology","floor":25.0},{"not_picked":["Deadly Poison","Choke+1"],"picked":"Backflip","floor":29.0},{"not_picked":["Endless Agony+1","Sucker Punch+1"],"picked":"Cloak And Dagger+1","floor":31.0}],"player_experience":2539377,"relics_obtained":[{"floor":8.0,"key":"Oddly Smooth Stone"},{"floor":9.0,"key":"Molten Egg 2"},{"floor":10.0,"key":"Incense Burner"},{"floor":22.0,"key":"Centennial Puzzle"},{"floor":25.0,"key":"Orichalcum"},{"floor":26.0,"key":"Bottled Lightning"}],"event_choices":[{"damage_healed":0.0,"max_hp_gain":0.0,"max_hp_loss":6.0,"gold_gain":0.0,"event_name":"Golden Idol","player_choice":"Lose Max HP","floor":5.0,"gold_loss":0.0,"damage_taken":0.0,"relics_obtained":["Golden Idol"]},{"damage_healed":0.0,"max_hp_gain":0.0,"max_hp_loss":0.0,"gold_gain":0.0,"event_name":"Dead Adventurer","player_choice":"Searched \u00271\u0027 times","floor":8.0,"gold_loss":0.0,"damage_taken":0.0},{"damage_healed":0.0,"max_hp_gain":0.0,"max_hp_loss":0.0,"gold_gain":0.0,"event_name":"Scrap Ooze","player_choice":"Fled","floor":11.0,"gold_loss":0.0,"damage_taken":0.0},{"damage_healed":0.0,"max_hp_gain":0.0,"max_hp_loss":0.0,"gold_gain":0.0,"event_name":"The Library","player_choice":"Read","floor":19.0,"gold_loss":0.0,"damage_taken":0.0,"cards_obtained":["Backstab"]},{"damage_healed":0.0,"max_hp_gain":0.0,"max_hp_loss":0.0,"gold_gain":0.0,"event_name":"Colosseum","player_choice":"Fight","floor":20.0,"gold_loss":0.0,"damage_taken":0.0},{"damage_healed":0.0,"max_hp_gain":0.0,"max_hp_loss":0.0,"gold_gain":0.0,"event_name":"Colosseum","player_choice":"Fled From Nobs","floor":20.0,"gold_loss":0.0,"damage_taken":0.0},{"damage_healed":0.0,"max_hp_gain":0.0,"max_hp_loss":0.0,"gold_gain":0.0,"event_name":"Cursed Tome","player_choice":"Ignored","floor":27.0,"gold_loss":0.0,"damage_taken":0.0}],"is_beta":true,"boss_relics":[{"not_picked":["White Beast Statue","HoveringKite"],"picked":"Ectoplasm"}],"items_purged_floors":[],"is_endless":false,"potions_floor_spawned":[1,7,10,12,18,29],"killed_by":"Collector","ascension_level":15}