{"gold_per_floor":[114,84,159,171,22,22,32,52,52,227,5,20,20,31,31,129,129,144,243,7,7,18,18,47,66,116,116,135,135],"floor_reached":29,"playtime":1231,"items_purged":[],"score":247,"play_id":"3e2a1a7a-df84-4d52-80b8-9e19127e6582","local_time":"20181029094118","is_ascension_mode":true,"campfire_choices":[{"data":"Redo","floor":6,"key":"SMITH"},{"data":"Chaos","floor":13,"key":"SMITH"},{"floor":15,"key":"REST"},{"data":"Lockon","floor":23,"key":"SMITH"},{"floor":27,"key":"REST"}],"neow_cost":"NONE","seed_source_timestamp":72519691691605,"circlet_count":0,"master_deck":["Strike_B","Strike_B","Strike_B","Strike_B","Defend_B","Defend_B","Defend_B","Defend_B","Zap","Dualcast","Compile Driver","Redo+1","Lockon+1","Chaos+1","Doubt","Hologram","Reprogram","Defragment","Electrodynamics","Doom and Gloom","Static Discharge","Cold Snap","Gash","Streamline","Go for the Eyes"],"relics":["Cracked Core","Vajra","Emotion Chip","Toy Ornithopter","Busted Crown","Juzu Bracelet","MutagenicStrength","StoneCalendar","Lantern"],"potions_floor_usage":[14,16,16,16,16,16,16,16,16,16,16,16],"damage_taken":[{"damage":5,"enemies":"2 Louse","floor":1,"turns":3},{"damage":1,"enemies":"Cultist","floor":4,"turns":3},{"damage":11,"enemies":"Jaw Worm","floor":7,"turns":2},{"damage":14,"enemies":"Blue Slaver","floor":8,"turns":3},{"damage":5,"enemies":"Looter","floor":12,"turns":2},{"damage":7,"enemies":"2 Fungi Beasts","floor":14,"turns":2},{"damage":15,"enemies":"The Guardian","floor":16,"turns":5},{"damage":15,"enemies":"3 Byrds","floor":18,"turns":3},{"damage":5,"enemies":"Chosen","floor":22,"turns":3},{"damage":36,"enemies":"Slavers","floor":24,"turns":3},{"damage":25,"enemies":"Snake Plant","floor":25,"turns":4},{"damage":6,"enemies":"Cultist and Chosen","floor":28,"turns":3},{"damage":19,"enemies":"Centurion and Healer","floor":29,"turns":4}],"seed_played":"-6436801501499705951","potions_obtained":[{"floor":2,"key":"Explosive Potion"},{"floor":2,"key":"EntropicBrew"},{"floor":4,"key":"EntropicBrew"},{"floor":14,"key":"Strength Potion"},{"floor":16,"key":"Energy Potion"},{"floor":24,"key":"LiquidBronze"},{"floor":25,"key":"Strength Potion"}],"is_trial":false,"path_per_floor":["M","?","?","M","$","R","M","M","T","?","$","M","R","M","R","B",null,"M","?","$","?","M","R","E","M","T","R","M"],"character_chosen":"DEFECT","items_purchased":["Vajra","Toy Ornithopter","Hologram","Juzu Bracelet","Static Discharge"],"campfire_rested":2,"item_purchase_floors":[5,11,11,20,20],"current_hp_per_floor":[77,77,66,65,65,65,54,40,40,40,40,35,35,33,57,67,82,67,67,67,67,62,62,26,1,1,25,19,0],"gold":135,"neow_bonus":"TEN_PERCENT_HP_BONUS","is_prod":false,"is_daily":false,"chose_seed":false,"campfire_upgraded":3,"win_rate":0,"timestamp":1540824078,"path_taken":["M","?","?","M","$","R","M","M","T","?","?","M","R","M","R","BOSS","M","?","$","?","M","R","E","M","T","R","M","M"],"build_version":"2018-10-18","purchased_purges":0,"victory":false,"max_hp_per_floor":[82,82,82,82,82,82,82,82,82,82,82,82,82,82,82,82,82,82,82,82,82,82,82,82,82,82,82,82,82],"card_choices":[{"not_picked":["Hologram","Stack"],"picked":"Compile Driver","floor":1},{"not_picked":["Sweeping Beam","Barrage"],"picked":"Redo","floor":4},{"not_picked":["Rebound","Steam"],"picked":"Lockon","floor":7},{"not_picked":["Conserve Battery","Lockon"],"picked":"Chaos","floor":8},{"not_picked":["Blizzard","Ball Lightning"],"picked":"Reprogram","floor":12},{"not_picked":["Thunder Strike","Conserve Battery"],"picked":"Defragment","floor":14},{"not_picked":["Reboot","Echo Form"],"picked":"Electrodynamics","floor":16},{"not_picked":[],"picked":"Doom and Gloom","floor":18},{"not_picked":[],"picked":"Cold Snap","floor":22},{"not_picked":[],"picked":"Gash","floor":24},{"not_picked":[],"picked":"Streamline","floor":25},{"not_picked":[],"picked":"Go for the Eyes","floor":28}],"player_experience":377008,"relics_obtained":[{"floor":9,"key":"Emotion Chip"},{"floor":24,"key":"StoneCalendar"},{"floor":26,"key":"Lantern"}],"event_choices":[{"damage_healed":0,"gold_gain":0,"player_choice":"Bought 2 Potions","damage_taken":0,"max_hp_gain":0,"max_hp_loss":0,"event_name":"The Woman in Blue","floor":2,"gold_loss":0},{"damage_healed":0,"gold_gain":75,"player_choice":"Gather Gold","damage_taken":11,"max_hp_gain":0,"max_hp_loss":0,"event_name":"World of Goop","floor":3,"gold_loss":0},{"damage_healed":0,"gold_gain":175,"player_choice":"AGREE","damage_taken":0,"max_hp_gain":0,"max_hp_loss":0,"event_name":"Liars Game","floor":10,"gold_loss":0,"cards_obtained":["Doubt"]},{"damage_healed":0,"gold_gain":99,"player_choice":"Stole From Cult","damage_taken":0,"max_hp_gain":0,"max_hp_loss":0,"event_name":"Nest","floor":19,"gold_loss":0},{"damage_healed":0,"gold_gain":0,"player_choice":"Inject Mutagens","damage_taken":0,"relics_obtained":["MutagenicStrength"],"max_hp_gain":0,"max_hp_loss":0,"event_name":"Drug Dealer","floor":21,"gold_loss":0}],"is_beta":false,"boss_relics":[{"not_picked":["Velvet Choker","Fusion Hammer"],"picked":"Busted Crown"}],"items_purged_floors":[],"is_endless":false,"potions_floor_spawned":[4,14,16,24,25],"killed_by":"Centurion and Healer","ascension_level":1}