{"gold_per_floor":[109,123,140,160,160,160,190,190,216,236,300,311,321,371,371,445,445,458,94,109,26,41,41],"floor_reached":23,"playtime":1569,"items_purged":["Strike_G"],"score":355,"play_id":"06ded562-3102-4731-acac-08cd7ce6dce6","local_time":"20190214175227","is_ascension_mode":true,"campfire_choices":[{"data":"Neutralize","floor":6.0,"key":"SMITH"},{"floor":8.0,"key":"REST"},{"data":"Discovery","floor":15.0,"key":"SMITH"}],"neow_cost":"TEN_PERCENT_HP_LOSS","seed_source_timestamp":0,"circlet_count":0,"master_deck":["AscendersBane","Defend_G","Defend_G","Defend_G","Defend_G","Defend_G","Strike_G","Strike_G","Strike_G","Strike_G","Survivor","Neutralize+1","Discovery+1","Forethought","Dagger Spray","Cloak And Dagger","Poisoned Stab","Quick Slash","Leg Sweep","Backflip","Flying Knee","Unload","Burst","Quick Slash+1","Well Laid Plans","Bouncing Flask","Backflip"],"special_seed":0,"relics":["Ring of the Snake","SsserpentHead","Smiling Mask","Pen Nib","White Beast Statue","Mummified Hand"],"potions_floor_usage":[20,22,23],"damage_taken":[{"damage":4.0,"enemies":"Small Slimes","floor":1.0,"turns":5.0},{"damage":0.0,"enemies":"Cultist","floor":2.0,"turns":4.0},{"damage":6.0,"enemies":"2 Louse","floor":3.0,"turns":3.0},{"damage":5.0,"enemies":"Exordium Wildlife","floor":4.0,"turns":6.0},{"damage":14.0,"enemies":"3 Sentries","floor":7.0,"turns":10.0},{"damage":11.0,"enemies":"Large Slime","floor":10.0,"turns":5.0},{"damage":5.0,"enemies":"2 Fungi Beasts","floor":11.0,"turns":3.0},{"damage":0.0,"enemies":"Exordium Wildlife","floor":12.0,"turns":4.0},{"damage":0.0,"enemies":"Large Slime","floor":13.0,"turns":8.0},{"damage":50.0,"enemies":"Hexaghost","floor":16.0,"turns":10.0},{"damage":26,"enemies":"Spheric Guardian","floor":18,"turns":8},{"damage":0,"enemies":"3 Byrds","floor":20,"turns":5},{"damage":17,"enemies":"Shelled Parasite and Fungi","floor":22,"turns":8},{"damage":24,"enemies":"Centurion and Healer","floor":23,"turns":12}],"seed_played":"3431566372099924861","potions_obtained":[{"floor":2.0,"key":"LiquidBronze"},{"floor":3.0,"key":"LiquidBronze"},{"floor":4.0,"key":"Dexterity Potion"},{"floor":10.0,"key":"Ancient Potion"},{"floor":13.0,"key":"Fire Potion"},{"floor":18,"key":"SpeedPotion"},{"floor":20,"key":"Dexterity Potion"},{"floor":22,"key":"Regen Potion"}],"is_trial":false,"path_per_floor":["M","M","M","M","?","R","E","R","T","M","M","M","M","?","R","B",null,"M","$","M","$","M","M"],"character_chosen":"THE_SILENT","items_purchased":["Well Laid Plans","Mummified Hand","Bouncing Flask"],"campfire_rested":1,"item_purchase_floors":[19,19,21],"current_hp_per_floor":[55,55,49,44,44,44,30,48,48,37,32,32,32,60,60,10,48,22,22,22,22,5,0],"gold":41,"neow_bonus":"RANDOM_COLORLESS_2","is_prod":false,"is_daily":false,"chose_seed":false,"campfire_upgraded":2,"win_rate":0,"timestamp":1550134347,"path_taken":["M","M","M","M","?","R","E","R","T","M","?","M","M","?","R","BOSS","M","$","M","$","M","M"],"build_version":"2019-01-23","purchased_purges":1,"victory":false,"max_hp_per_floor":[60,60,60,60,60,60,60,60,60,60,60,60,60,60,60,60,60,60,60,60,60,60,60],"card_choices":[{"not_picked":["Prepared","Dodge and Roll"],"picked":"Dagger Spray","floor":1.0},{"not_picked":["Setup","Eviscerate"],"picked":"Cloak And Dagger","floor":2.0},{"not_picked":["Dodge and Roll","Dagger Spray"],"picked":"Poisoned Stab","floor":3.0},{"not_picked":["Setup","Flechettes"],"picked":"Quick Slash","floor":4.0},{"not_picked":["Eviscerate","Outmaneuver"],"picked":"Leg Sweep","floor":7.0},{"not_picked":["Calculated Gamble","After Image"],"picked":"Backflip","floor":10.0},{"not_picked":["Dagger Spray","Slice","Concentrate"],"picked":"SKIP","floor":11.0},{"not_picked":["Dagger Throw","Prepared"],"picked":"Flying Knee","floor":12.0},{"not_picked":["Endless Agony","Dagger Throw"],"picked":"Unload","floor":13.0},{"not_picked":["After Image","Tools of the Trade"],"picked":"Burst","floor":16.0},{"not_picked":["Choke+1","Dagger Spray+1"],"picked":"Quick Slash+1","floor":18},{"not_picked":["Blade Dance","Dagger Spray","Accuracy"],"picked":"SKIP","floor":20},{"not_picked":["Doppelganger","Dodge and Roll"],"picked":"Backflip","floor":22}],"player_experience":619622,"relics_obtained":[{"floor":7.0,"key":"Smiling Mask"},{"floor":9.0,"key":"Pen Nib"}],"event_choices":[{"damage_healed":0.0,"max_hp_gain":0.0,"max_hp_loss":0.0,"gold_gain":0.0,"event_name":"FaceTrader","player_choice":"Trade","floor":5.0,"gold_loss":0.0,"damage_taken":0.0,"relics_obtained":["SsserpentHead"]},{"damage_healed":28.0,"max_hp_gain":0.0,"max_hp_loss":0.0,"gold_gain":0.0,"event_name":"Wheel of Change","player_choice":"Full Heal","floor":14.0,"gold_loss":0.0,"damage_taken":0.0}],"is_beta":false,"boss_relics":[{"not_picked":["Calling Bell","Lizard Tail"],"picked":"White Beast Statue"}],"items_purged_floors":[19],"is_endless":false,"potions_floor_spawned":[2,3,4,10,11,13,18,20,22],"killed_by":"Centurion and Healer","ascension_level":16}