{"gold_per_floor":[115,133,133,133,156,156,33,33,56,100,119,140,5,23,23,152,190,203,221,221,241,251,276,293,22,49,49,148,148,167,179,179,179,283,283,294,310,310,327,16,47,58,74,120,120,138,154,154,154,154,154],"floor_reached":52,"playtime":3184,"items_purged":[],"score":910,"play_id":"4ad530c7-ee65-490a-8b9d-0565f62c793d","local_time":"20180715145241","is_ascension_mode":false,"campfire_choices":[{"data":"Chill","floor":6.0,"key":"SMITH"},{"data":"Self Repair","floor":8.0,"key":"SMITH"},{"data":"Capacitor","floor":15.0,"key":"SMITH"},{"floor":33.0,"key":"REST"},{"data":"Defragment","floor":48,"key":"SMITH"}],"neow_cost":"","seed_source_timestamp":0,"circlet_count":0,"master_deck":["Strike_B","Strike_B","Strike_B","Defend_B","Defend_B","Defend_B","Defend_B","Zap","Dualcast+1","Defragment+1","Chill+1","BasicCrystalCard","Genetic Algorithm","Self Repair+1","Conserve Battery","Capacitor+1","Sweeping Beam","Defragment+1","Static Discharge","Panic Button","Rebound","Electrodynamics+1","Conserve Battery+1","Static Discharge+1","Go for the Eyes+1","Cold Snap","Barrage","Streamline+1","Leap","Steam","Defragment+1","Static Discharge+1","White Noise+1","Creative AI+1","Beam Cell+1","Glacier","Sweeping Beam+1","Stack+1","Fusion+1","Doom and Gloom","Doubt","Electrodynamics+1","Conserve Battery+1"],"special_seed":0,"relics":["Cracked Core","Unceasing Top","Bloody Idol","Baseball","Emotion Chip","Tiny House","Pondfish Scales","Frozen Egg 2","Ancient Tea Set","FoamFinger","Lizard Tail","Guide Book","Art of War","Bottled Tornado","Bag of Marbles","Divine Protection"],"potions_floor_usage":[41,43,51],"damage_taken":[{"damage":0.0,"enemies":"2 Louse","floor":1.0,"turns":2.0},{"damage":1.0,"enemies":"Cultist","floor":2.0,"turns":4.0},{"damage":0.0,"enemies":"Small Slimes","floor":5.0,"turns":4.0},{"damage":18.0,"enemies":"3 Sentries","floor":10.0,"turns":8.0},{"damage":10.0,"enemies":"2 Fungi Beasts","floor":11.0,"turns":4.0},{"damage":2.0,"enemies":"Exordium Wildlife","floor":12.0,"turns":6.0},{"damage":21.0,"enemies":"Gremlin Gang","floor":14.0,"turns":4.0},{"damage":25.0,"enemies":"Hexaghost","floor":16.0,"turns":10.0},{"damage":12.0,"enemies":"Chosen","floor":18.0,"turns":5.0},{"damage":13.0,"enemies":"Shell Parasite","floor":19.0,"turns":5.0},{"damage":20.0,"enemies":"Snake Plant","floor":21.0,"turns":5.0},{"damage":16.0,"enemies":"Centurion and Healer","floor":22.0,"turns":7.0},{"damage":9.0,"enemies":"Slavers","floor":23.0,"turns":5.0},{"damage":16.0,"enemies":"Chosen and Byrds","floor":24.0,"turns":6.0},{"damage":10.0,"enemies":"3 Cultists","floor":30.0,"turns":4.0},{"damage":12.0,"enemies":"Cultist and Chosen","floor":31.0,"turns":5.0},{"damage":28.0,"enemies":"Champ","floor":34.0,"turns":7.0},{"damage":8,"enemies":"3 Shapes","floor":36,"turns":7},{"damage":9,"enemies":"Orb Walker","floor":37,"turns":3},{"damage":12,"enemies":"4 Shapes","floor":39,"turns":3},{"damage":40,"enemies":"Nemesis","floor":41,"turns":6},{"damage":4,"enemies":"3 Darklings","floor":42,"turns":4},{"damage":43,"enemies":"Spire Growth","floor":43,"turns":5},{"damage":28,"enemies":"Maw","floor":46,"turns":6},{"damage":13,"enemies":"4 Shapes","floor":47,"turns":5},{"damage":82,"enemies":"Awakened One","floor":51,"turns":9}],"seed_played":"-98173576757693843","potions_obtained":[{"floor":1.0,"key":"Milkshake"},{"floor":2.0,"key":"AttackPotion"},{"floor":11.0,"key":"AttackPotion"},{"floor":17.0,"key":"Explosive Potion"},{"floor":18.0,"key":"Strength Potion"},{"floor":21.0,"key":"FocusPotion"},{"floor":23.0,"key":"FocusPotion"},{"floor":31.0,"key":"Poison Potion"},{"floor":37,"key":"Fire Potion"},{"floor":41,"key":"EssenceOfSteel"},{"floor":47,"key":"Poison Potion"}],"is_trial":false,"path_per_floor":["M","M","?","?","M","R","$","R","T","E","M","M","$","M","R","B",null,"M","M","?","M","M","E","M","$","T","PTL","?","?","M","M","T","R","B",null,"M","M","?","M","$","E","M","M","T","?","M","M","R","T","R","B"],"character_chosen":"DEFECT","items_purchased":["Defragment","Self Repair","Conserve Battery","Static Discharge","Panic Button","Swift Potion","Frozen Egg 2","Steam","Guide Book","Art of War"],"campfire_rested":1,"item_purchase_floors":[0,7,7,13,13,13,25,25,40,40],"current_hp_per_floor":[62,61,61,61,61,61,61,61,61,53,53,61,61,50,50,35,80,78,75,75,70,69,75,74,74,79,79,80,80,75,68,68,80,67,80,80,76,76,69,69,44,45,7,12,80,67,69,69,69,80,40],"gold":154,"neow_bonus":"","is_prod":false,"is_daily":false,"chose_seed":false,"campfire_upgraded":4,"win_rate":0,"timestamp":1531684361,"path_taken":["M","M","?","?","M","R","$","R","T","E","M","M","$","?","R","BOSS","M","M","?","?","M","E","M","$","T","PTL","?","?","M","M","?","R","BOSS","M","M","?","M","$","E","M","M","T","?","M","M","R","?","R","BOSS"],"build_version":"2018-07-12","purchased_purges":0,"victory":true,"max_hp_per_floor":[75,75,75,75,75,75,75,75,75,75,75,75,75,75,75,75,80,80,80,80,80,80,80,80,80,80,80,80,80,80,80,80,80,80,80,80,80,80,80,80,80,80,80,80,80,80,80,80,80,80,80],"card_choices":[{"not_picked":["Streamline","Heatsinks"],"picked":"Chill","floor":1.0},{"not_picked":["Fusion","Streamline"],"picked":"BasicCrystalCard","floor":2.0},{"not_picked":["Go for the Eyes","Stack"],"picked":"Genetic Algorithm","floor":5.0},{"not_picked":["Thunder Strike","Auto Shields"],"picked":"Capacitor","floor":10.0},{"not_picked":["BasicCrystalCard","Darkness"],"picked":"Sweeping Beam","floor":11.0},{"not_picked":["Coolheaded","Loop"],"picked":"Defragment","floor":12.0},{"not_picked":["Beam Cell","Hologram"],"picked":"Rebound","floor":14.0},{"not_picked":["Biased Cognition","Amplify"],"picked":"Electrodynamics","floor":16.0},{"not_picked":["Cold Snap","Aggregate"],"picked":"Conserve Battery","floor":17.0},{"not_picked":["Compile Driver","Aggregate"],"picked":"Static Discharge+1","floor":18.0},{"not_picked":["Storm","Heatsinks+1"],"picked":"Go for the Eyes+1","floor":19.0},{"not_picked":["Beam Cell","Compile Driver"],"picked":"Cold Snap","floor":21.0},{"not_picked":["Hologram","Hyperbeam"],"picked":"Barrage","floor":22.0},{"not_picked":["Multi-Cast","Compile Driver"],"picked":"Streamline+1","floor":23.0},{"not_picked":["Compile Driver+1","Sweeping Beam"],"picked":"Leap","floor":24.0},{"not_picked":["Darkness","Streamline"],"picked":"Static Discharge+1","floor":30.0},{"not_picked":["Turbo","Conserve Battery"],"picked":"White Noise+1","floor":31.0},{"not_picked":["All For One","Rainbow"],"picked":"Creative AI+1","floor":34.0},{"not_picked":["FIFO Queue+1","Steam+1"],"picked":"Beam Cell+1","floor":36},{"not_picked":["Rebound+1","Barrage+1"],"picked":"Glacier","floor":37},{"not_picked":["Force Field+1","Streamline+1"],"picked":"Sweeping Beam+1","floor":39},{"not_picked":["Sunder","Lockon"],"picked":"Stack+1","floor":41},{"not_picked":["Aggregate+1","Tempest"],"picked":"Fusion+1","floor":42},{"not_picked":["Leap","Stack+1"],"picked":"Doom and Gloom","floor":43},{"not_picked":["Genetic Algorithm+1","Tempest"],"picked":"Electrodynamics+1","floor":46},{"not_picked":["BasicCrystalCard","Auto Shields+1"],"picked":"Conserve Battery+1","floor":47}],"player_experience":306942,"relics_obtained":[{"floor":9.0,"key":"Baseball"},{"floor":10.0,"key":"Emotion Chip"},{"floor":23.0,"key":"Pondfish Scales"},{"floor":26.0,"key":"Ancient Tea Set"},{"floor":32.0,"key":"FoamFinger"},{"floor":41,"key":"Bottled Tornado"},{"floor":44,"key":"Bag of Marbles"},{"floor":49,"key":"Divine Protection"}],"event_choices":[{"event_name":"Bonfire Elementals","player_choice":"BASIC","floor":3.0,"damage_taken":0.0},{"event_name":"Golden Idol","player_choice":"Take Wound","floor":4.0,"damage_taken":0.0},{"event_name":"Forgotten Altar","player_choice":"Gave Idol","floor":20.0,"damage_taken":0.0},{"event_name":"Nest","player_choice":"Stole From Cult","floor":28.0,"damage_taken":0.0},{"event_name":"The Library","player_choice":"Read","floor":29.0,"damage_taken":0.0},{"event_name":"Fountain of Cleansing","player_choice":"Removed Curse","floor":38,"damage_taken":0},{"event_name":"MindBloom","player_choice":"Heal","floor":45,"damage_taken":0}],"boss_relics":[{"not_picked":["Coffee Dripper","Runic Dome"],"picked":"Tiny House"},{"not_picked":["Inserter","Fusion Hammer"],"picked":"Lizard Tail"}],"items_purged_floors":[],"is_endless":false,"potions_floor_spawned":[1,2,11,18,21,23,31,37,41,47],"ascension_level":0}