{"gold_per_floor":[115,128,142,155,169,169,169,187,211,211,226,256,256,290,290,364,364,377,403,403,421,433,433,42,42,68,68,93,113,126,46,46,118,118,135,101,323,36,49,49,80,80,104,129,129,149,149,176,176,176,176,176,0,0],"floor_reached":54,"playtime":3088,"items_purged":["Strike_R"],"score":1325,"play_id":"9364e47a-6916-4501-adce-7455e6072f99","local_time":"20181211094607","is_ascension_mode":true,"campfire_choices":[{"data":"Feed","floor":6.0,"key":"SMITH"},{"floor":10.0,"key":"REST"},{"data":"Disarm","floor":15.0,"key":"SMITH"},{"data":"Armaments","floor":23.0,"key":"SMITH"},{"floor":27.0,"key":"REST"},{"floor":32.0,"key":"REST"},{"floor":40.0,"key":"RECALL"},{"floor":42.0,"key":"REST"},{"data":"Fiend Fire","floor":45.0,"key":"SMITH"},{"floor":49.0,"key":"REST"},{"data":"Inflame","floor":52.0,"key":"SMITH"}],"neow_cost":"PERCENT_DAMAGE","seed_source_timestamp":636893158653752,"circlet_count":0,"master_deck":["AscendersBane","Strike_R","Strike_R","Strike_R","Defend_R","Defend_R","Defend_R","Defend_R","Bash","Feed+1","Cleave","Disarm+1","Immolate+1","Inflame+1","Shockwave","Inflame+1","Disarm","Reckless Charge","Fiend Fire+1","Shockwave","True Grit","Armaments+1","Inflame+1","Uppercut+1","Ghostly Armor","Havoc+1","Dark Embrace+1","Exhume","Evolve+1","Inflame+1","Sword Boomerang","Havoc+1","Flame Barrier+1","Shockwave+1","Entrench+1","Body Slam+1","Magnetism+1"],"special_seed":0,"relics":["Black Blood","PreservedInsect","Letter Opener","Lantern","Red Mask","Frozen Egg 2","Blood Vial","Sozu","OrangePellets","Toxic Egg 2","Dream Catcher","Bronze Scales","Whetstone"],"potions_floor_usage":[],"damage_taken":[{"damage":2.0,"enemies":"Jaw Worm","floor":1.0,"turns":3.0},{"damage":5.0,"enemies":"2 Louse","floor":2.0,"turns":4.0},{"damage":0.0,"enemies":"Small Slimes","floor":3.0,"turns":3.0},{"damage":13.0,"enemies":"Looter","floor":4.0,"turns":4.0},{"damage":23.0,"enemies":"Blue Slaver","floor":5.0,"turns":5.0},{"damage":0.0,"enemies":"Exordium Wildlife","floor":8.0,"turns":2.0},{"damage":9.0,"enemies":"Red Slaver","floor":11.0,"turns":3.0},{"damage":15.0,"enemies":"Lagavulin","floor":12.0,"turns":5.0},{"damage":26.0,"enemies":"Gremlin Nob","floor":14.0,"turns":4.0},{"damage":22.0,"enemies":"The Guardian","floor":16.0,"turns":13.0},{"damage":73.0,"enemies":"Spheric Guardian","floor":18.0,"turns":8.0},{"damage":12.0,"enemies":"Masked Bandits","floor":19.0,"turns":2.0},{"damage":11.0,"enemies":"Chosen","floor":21.0,"turns":6.0},{"damage":34.0,"enemies":"Snecko","floor":22.0,"turns":8.0},{"damage":43.0,"enemies":"Book of Stabbing","floor":28.0,"turns":9.0},{"damage":10.0,"enemies":"Snake Plant","floor":29.0,"turns":9.0},{"damage":33.0,"enemies":"Centurion and Healer","floor":30.0,"turns":9.0},{"damage":8.0,"enemies":"Champ","floor":33.0,"turns":13.0},{"damage":26.0,"enemies":"Orb Walker","floor":35.0,"turns":7.0},{"damage":11.0,"enemies":"3 Shapes","floor":39.0,"turns":4.0},{"damage":61.0,"enemies":"Reptomancer","floor":41.0,"turns":8.0},{"damage":15.0,"enemies":"Giant Head","floor":44.0,"turns":6.0},{"damage":68.0,"enemies":"Sphere and 2 Shapes","floor":46.0,"turns":7.0},{"damage":68.0,"enemies":"Awakened One","floor":50.0,"turns":12.0},{"damage":122,"enemies":"Shield and Spear","floor":54,"turns":6}],"seed_played":"-1779944506236910513","potions_obtained":[{"floor":1.0,"key":"Fire Potion"},{"floor":2.0,"key":"Ancient Potion"},{"floor":5.0,"key":"Poison Potion"},{"floor":12.0,"key":"LiquidBronze"},{"floor":28.0,"key":"EssenceOfSteel"},{"floor":29.0,"key":"SpeedPotion"},{"floor":33.0,"key":"FearPotion"}],"is_trial":false,"path_per_floor":["M","M","M","M","M","R","?","M","T","R","M","E","?","E","R","B",null,"M","?","?","M","M","R","$","?","T","R","E","M","M","$","R","B",null,"M","$","?","$","M","R","E","R","T","E","R","M","?","T","R","B",null,"R","$","E"],"character_chosen":"IRONCLAD","items_purchased":["Frozen Egg 2","Inflame+1","Dark Embrace+1","Evolve+1","Inflame+1","Sword Boomerang","OrangePellets","Magnetism+1"],"campfire_rested":5,"item_purchase_floors":[24,24,31,36,38,38,38,53],"current_hp_per_floor":[57,61,70,63,49,49,42,52,52,79,80,75,75,59,59,47,92,29,27,48,51,31,31,31,31,31,65,36,42,25,25,63,67,112,102,102,102,102,111,111,62,103,103,100,100,44,44,44,85,29,112,112,112,0],"gold":0,"neow_bonus":"THREE_RARE_CARDS","is_prod":false,"is_daily":false,"chose_seed":false,"campfire_upgraded":5,"win_rate":0,"timestamp":1544489167,"path_taken":["M","M","M","M","M","R","?","M","T","R","M","E","?","E","R","BOSS","M","?","?","M","M","R","$","?","T","R","E","M","M","?","R","BOSS","M","$","?","$","M","R","E","R","T","E","R","M","?","?","R","BOSS","R","$","E"],"build_version":"2018-12-06","purchased_purges":1,"victory":false,"max_hp_per_floor":[78,81,84,84,87,87,87,91,91,91,95,99,99,103,103,107,107,107,107,107,111,115,115,115,115,115,115,119,123,127,127,127,127,127,131,131,131,131,139,139,139,139,139,139,139,139,139,139,139,139,139,139,139,139],"card_choices":[{"not_picked":["Reaper","Limit Break"],"picked":"Feed","floor":0.0},{"not_picked":["Searing Blow","True Grit"],"picked":"Cleave","floor":1.0},{"not_picked":["Shrug It Off","Armaments"],"picked":"Disarm","floor":2.0},{"not_picked":["Clothesline","Havoc"],"picked":"Immolate","floor":3.0},{"not_picked":["Twin Strike","Thunderclap"],"picked":"Evolve","floor":4.0},{"not_picked":["Heavy Blade","Carnage"],"picked":"Inflame","floor":5.0},{"not_picked":["Heavy Blade","Perfected Strike"],"picked":"Shockwave","floor":8.0},{"not_picked":["Havoc","Second Wind"],"picked":"Inflame","floor":11.0},{"not_picked":["Iron Wave","Wild Strike"],"picked":"Disarm","floor":12.0},{"not_picked":["Body Slam","Searing Blow"],"picked":"Reckless Charge","floor":14.0},{"not_picked":["Berserk","Double Tap"],"picked":"Fiend Fire","floor":16.0},{"not_picked":["Rage","Disarm"],"picked":"Shockwave","floor":18.0},{"not_picked":["Anger","Headbutt"],"picked":"True Grit","floor":21.0},{"not_picked":["Flex","Pommel Strike"],"picked":"Armaments","floor":22.0},{"not_picked":["Rupture+1","Rage"],"picked":"Uppercut","floor":28.0},{"not_picked":["Perfected Strike+1","Sentinel"],"picked":"Ghostly Armor","floor":29.0},{"not_picked":["Perfected Strike","Flex"],"picked":"Havoc+1","floor":30.0},{"not_picked":["Berserk+1","Juggernaut+1"],"picked":"Exhume","floor":33.0},{"not_picked":["Twin Strike","Cleave","Clash"],"picked":"SKIP","floor":35.0},{"not_picked":["Headbutt","Sword Boomerang"],"picked":"Havoc+1","floor":39.0},{"not_picked":["Thunderclap","Juggernaut+1"],"picked":"Flame Barrier","floor":41.0},{"not_picked":["Twin Strike+1","Body Slam"],"picked":"Shockwave+1","floor":44.0},{"not_picked":["Havoc+1","Anger"],"picked":"Entrench+1","floor":46.0},{"not_picked":["Iron Wave+1","Cleave"],"picked":"Body Slam+1","floor":49.0}],"player_experience":2554836,"relics_obtained":[{"floor":9.0,"key":"PreservedInsect"},{"floor":12.0,"key":"Letter Opener"},{"floor":14.0,"key":"Lantern"},{"floor":19.0,"key":"Red Mask"},{"floor":28.0,"key":"Blood Vial"},{"floor":41.0,"key":"Toxic Egg 2"},{"floor":43.0,"key":"Dream Catcher"},{"floor":44.0,"key":"Bronze Scales"},{"floor":48.0,"key":"Whetstone"}],"event_choices":[{"cards_removed":["Strike_R"],"damage_healed":0.0,"max_hp_gain":0.0,"max_hp_loss":0.0,"gold_gain":0.0,"event_name":"Golden Wing","player_choice":"Card Removal","floor":7.0,"gold_loss":0.0,"damage_taken":7.0},{"damage_healed":0.0,"max_hp_gain":0.0,"max_hp_loss":0.0,"gold_gain":0.0,"event_name":"Living Wall","player_choice":"Grow","floor":13.0,"gold_loss":0.0,"damage_taken":0.0,"cards_upgraded":["Inflame"]},{"damage_healed":0.0,"max_hp_gain":0.0,"max_hp_loss":0.0,"gold_gain":0.0,"event_name":"Masked Bandits","player_choice":"Fought Bandits","floor":19.0,"gold_loss":0.0,"damage_taken":0.0},{"damage_healed":21.0,"max_hp_gain":0.0,"max_hp_loss":0.0,"gold_gain":0.0,"event_name":"The Library","player_choice":"Heal","floor":20.0,"gold_loss":0.0,"damage_taken":0.0},{"damage_healed":0.0,"max_hp_gain":0.0,"max_hp_loss":0.0,"gold_gain":0.0,"event_name":"Ghosts","player_choice":"Ignored","floor":25.0,"gold_loss":0.0,"damage_taken":0.0},{"damage_healed":0.0,"max_hp_gain":0.0,"max_hp_loss":0.0,"gold_gain":222.0,"event_name":"Tomb of Lord Red Mask","player_choice":"Wore Mask","floor":37.0,"gold_loss":0.0,"damage_taken":0.0},{"cards_removed":["Evolve"],"damage_healed":0.0,"max_hp_gain":0.0,"max_hp_loss":0.0,"gold_gain":0.0,"event_name":"Falling","player_choice":"Removed Power","floor":47.0,"gold_loss":0.0,"damage_taken":0.0}],"is_beta":true,"boss_relics":[{"not_picked":["Coffee Dripper","Cursed Key"],"picked":"Black Blood"},{"not_picked":["Pandora\u0027s Box","Orrery"],"picked":"Sozu"}],"items_purged_floors":[24],"is_endless":false,"potions_floor_spawned":[1,2,5,12,14,18,28,29,33,41,44],"killed_by":"Shield and Spear","ascension_level":15}