{"gold_per_floor":[118,118,118,13,0,0,29,42,42,55,55,84,98,113,113,190,190,200,200,177,177],"floor_reached":21,"playtime":583,"items_purged":["Defend_B"],"score":428,"play_id":"7971c07a-28f8-4836-b253-f846be5eeab1","local_time":"20190530132613","is_ascension_mode":true,"campfire_choices":[{"data":"Zap","floor":6,"key":"SMITH"},{"floor":11,"key":"REST"},{"data":"Defragment","floor":15,"key":"SMITH"}],"neow_cost":"NONE","seed_source_timestamp":316048818368000,"circlet_count":0,"master_deck":["AscendersBane","Strike_B+1","Strike_B+1","Defend_B","Defend_B","Defend_B","Zap+1","Dualcast","Coolheaded","Conserve Battery","Ball Lightning","Ball Lightning","Seek","Turbo","Consume","Defragment+1","Fission","Genetic Algorithm","Biased Cognition","Skim","Darkness","Conserve Battery","Coolheaded+1","Hello World+1"],"relics":["Cracked Core","NeowsBlessing","Ornamental Fan","The Courier","Boot","Orrery"],"potions_floor_usage":[12,16,20],"damage_taken":[{"damage":0,"enemies":"2 Louse","floor":1,"turns":1},{"damage":0,"enemies":"Lagavulin","floor":7,"turns":1},{"damage":0,"enemies":"Small Slimes","floor":8,"turns":1},{"damage":0,"enemies":"Cultist","floor":10,"turns":2},{"damage":9,"enemies":"3 Sentries","floor":12,"turns":6},{"damage":0,"enemies":"Looter","floor":13,"turns":2},{"damage":8,"enemies":"Exordium Thugs","floor":14,"turns":3},{"damage":11,"enemies":"The Guardian","floor":16,"turns":12},{"damage":17,"enemies":"Chosen","floor":18,"turns":4},{"damage":7,"enemies":"2 Thieves","floor":20,"turns":4},{"damage":47,"enemies":"Centurion and Healer","floor":21,"turns":4}],"seed_played":"-2137351925238421067","potions_obtained":[{"floor":7,"key":"Poison Potion"},{"floor":10,"key":"Fire Potion"},{"floor":14,"key":"SpeedPotion"},{"floor":20,"key":"Ancient Potion"}],"is_trial":false,"path_per_floor":["M","?","?","$","?","R","E","M","T","M","R","E","M","M","R","B",null,"M","?","M","M"],"character_chosen":"DEFECT","items_purchased":["Conserve Battery"],"campfire_rested":1,"item_purchase_floors":[4],"current_hp_per_floor":[64,57,36,36,36,36,36,36,36,36,57,48,48,40,40,29,61,44,44,37,0],"gold":177,"neow_bonus":"THREE_ENEMY_KILL","is_prod":false,"is_daily":false,"chose_seed":false,"campfire_upgraded":2,"win_rate":0,"timestamp":1559190373,"path_taken":["M","?","?","$","?","R","E","M","T","M","R","E","M","M","R","BOSS","M","?","?","M"],"build_version":"2019-01-23","purchased_purges":1,"victory":false,"max_hp_per_floor":[71,71,71,71,71,71,71,71,71,71,71,71,71,71,71,71,71,71,71,71,71],"card_choices":[{"not_picked":["Stack","Leap"],"picked":"Coolheaded","floor":1},{"not_picked":["Hologram","Go for the Eyes"],"picked":"Ball Lightning","floor":7},{"not_picked":["Redo","Stack"],"picked":"Ball Lightning","floor":8},{"not_picked":["Go for the Eyes","Rebound"],"picked":"Seek","floor":10},{"not_picked":["Steam Power","Scrape"],"picked":"Turbo","floor":12},{"not_picked":["Rebound","Darkness"],"picked":"Consume","floor":13},{"not_picked":["Reprogram","Heatsinks"],"picked":"Defragment","floor":14},{"not_picked":["Creative AI","Buffer"],"picked":"Fission","floor":16},{"not_picked":["Turbo","Static Discharge"],"picked":"Genetic Algorithm","floor":17},{"not_picked":["Turbo","Undo"],"picked":"Biased Cognition","floor":17},{"not_picked":["Lockon","Go for the Eyes"],"picked":"Skim","floor":17},{"not_picked":["Beam Cell","Go for the Eyes"],"picked":"Darkness","floor":17},{"not_picked":["Turbo","Beam Cell"],"picked":"Conserve Battery","floor":17},{"not_picked":["Chill","Lockon"],"picked":"Coolheaded+1","floor":18},{"not_picked":["Go for the Eyes","Compile Driver"],"picked":"Hello World+1","floor":20}],"player_experience":5206585,"relics_obtained":[{"floor":7,"key":"Ornamental Fan"},{"floor":9,"key":"The Courier"},{"floor":12,"key":"Boot"}],"event_choices":[{"cards_removed":["Strike_B"],"damage_healed":0,"gold_gain":0,"player_choice":"Card Removal","damage_taken":7,"max_hp_gain":0,"max_hp_loss":0,"event_name":"Golden Wing","floor":2,"gold_loss":0},{"damage_healed":0,"gold_gain":0,"player_choice":"Entered Light","damage_taken":21,"max_hp_gain":0,"max_hp_loss":0,"event_name":"Shining Light","floor":3,"gold_loss":0,"cards_upgraded":["Strike_B","Strike_B"]},{"damage_healed":0,"gold_gain":0,"player_choice":"Left Gold","damage_taken":0,"max_hp_gain":0,"max_hp_loss":0,"event_name":"World of Goop","floor":5,"gold_loss":13},{"cards_removed":["Strike_B"],"damage_healed":0,"gold_gain":0,"player_choice":"Purged","damage_taken":0,"max_hp_gain":0,"max_hp_loss":0,"event_name":"Purifier","floor":19,"gold_loss":0}],"is_beta":false,"boss_relics":[{"not_picked":["Ectoplasm","Nuclear Battery"],"picked":"Orrery"}],"items_purged_floors":[4],"is_endless":false,"potions_floor_spawned":[7,10,14,20],"killed_by":"Centurion and Healer","ascension_level":20}