{"path_per_floor":["M","?","M","M","M","R","M","M","T","$","M","?","M","M","R","B",null,"M","?","?","$","?","R","E","M","T","R","$","R","E","?","R"],"character_chosen":"THE_SILENT","items_purchased":["Accuracy","Jack Of All Trades","Choke","Acrobatics","Energy Potion","Dagger Spray"],"gold_per_floor":[112,287,301,314,326,326,340,353,353,45,56,56,70,89,89,184,184,200,115,40,17,17,17,50,63,86,86,11,11,45,45,45],"floor_reached":33,"campfire_rested":5,"playtime":2596,"current_hp_per_floor":[65,65,65,64,40,61,64,57,57,57,53,53,53,51,70,19,70,61,61,61,61,48,70,54,54,54,75,75,75,37,37,59],"items_purged":["Defend_G"],"gold":45,"score":276,"play_id":"ff4da63d-c4b3-4d3c-a9ff-72b2d9c37d93","is_prod":false,"is_daily":false,"is_ascension_mode":false,"campfire_upgraded":1,"path_taken":["M","?","?","M","M","R","M","M","T","$","M","?","M","M","R","BOSS","M","?","?","$","?","R","E","?","T","R","$","R","E","?","R","BOSS"],"build_version":"2018-02-15-PROD1","purchased_purges":1,"victory":false,"master_deck":["Defend_G","Defend_G","Defend_G","Strike_G","Strike_G","Strike_G","Strike_G","Strike_G","Survivor","Neutralize","Cloak And Dagger","Prepared","Choke","Dagger Spray","Adrenaline","Dagger Spray+1","Accuracy","Jack Of All Trades+1","Choke","Acrobatics","Reflex","Cloak And Dagger","Die Die Die+1","Cloak And Dagger","Dagger Spray","Finisher+1","Jack Of All Trades+1"],"max_hp_per_floor":[70,70,70,70,70,70,70,70,70,70,70,70,70,70,70,70,70,70,70,70,70,75,75,75,75,75,75,75,75,75,75,75],"relics":["Runic Pyramid","Happy Flower","Spirit Poop","White Beast Statue","Lantern","Whetstone","Vajra","Darkstone Periapt"],"card_choices":[{"not_picked":["Dodge and Roll","Choke"],"picked":"Cloak And Dagger"},{"not_picked":["Noxious Fumes","Dodge and Roll"],"picked":"Prepared"},{"not_picked":["PiercingWail","Underhanded Strike"],"picked":"Choke"},{"not_picked":["Flying Knee","Dodge and Roll"],"picked":"Dagger Spray"},{"not_picked":["Predator","Catalyst"],"picked":"Adrenaline"},{"not_picked":["Backflip","Heel Hook"],"picked":"Dagger Spray"},{"not_picked":["Sucker Punch","Poisoned Stab"],"picked":"Reflex"},{"not_picked":["PiercingWail","Calculated Gamble"],"picked":"Cloak And Dagger"},{"not_picked":["Envenom","Bullet Time"],"picked":"Die Die Die"},{"not_picked":["Dagger Throw","Noxious Fumes"],"picked":"Cloak And Dagger"},{"not_picked":["Cloak And Dagger","Bouncing Flask"],"picked":"Finisher"}],"player_experience":146351,"potions_floor_usage":[3,5,7,11,24,24,25,30,33],"damage_taken":[{"damage":5,"enemies":"Small Slimes","floor":1,"turns":4},{"damage":0,"enemies":"Cultist","floor":3,"turns":6},{"damage":1,"enemies":"Jaw Worm","floor":4,"turns":5},{"damage":24,"enemies":"Exordium Thugs","floor":5,"turns":7},{"damage":12,"enemies":"Exordium Wildlife","floor":7,"turns":6},{"damage":7,"enemies":"Large Slime","floor":8,"turns":5},{"damage":8,"enemies":"3 Louse","floor":11,"turns":4},{"damage":0,"enemies":"2 Fungi Beasts","floor":13,"turns":3},{"damage":2,"enemies":"Exordium Wildlife","floor":14,"turns":3},{"damage":51,"enemies":"Slime Boss","floor":16,"turns":15},{"damage":9,"enemies":"3 Byrds","floor":18,"turns":5},{"damage":16,"enemies":"Gremlin Leader","floor":24,"turns":5},{"damage":0,"enemies":"2 Thieves","floor":25,"turns":2},{"damage":44,"enemies":"Slavers","floor":30,"turns":6},{"damage":60,"enemies":"Champ","floor":33,"turns":15}],"event_choices":[{"event_name":"Liars Game","player_choice":"agreed","floor":2,"damage_taken":0},{"event_name":"Bonfire Elementals","player_choice":"CURSE","floor":12,"damage_taken":0},{"event_name":"Addict","player_choice":"Obtained Relic","floor":19,"damage_taken":0},{"event_name":"Beggar","player_choice":"Gave Gold","floor":20,"damage_taken":0},{"event_name":"Forgotten Altar","player_choice":"Shed Blood","floor":22,"damage_taken":0},{"event_name":"Duplicator","player_choice":"One dupe","floor":31,"damage_taken":0}],"boss_relics":[{"not_picked":["Tiny House","Eternal Feather"],"picked":"White Beast Statue"}],"potions_floor_spawned":[1,4,5,16,18,24,25,30],"seed_played":"-9013776439280337412","killed_by":"Champ","ascension_level":0,"is_trial":false}