{"gold_per_floor":[365,30,41,12,24,24,56,56,56,56,21,33,33,33,33,112,112,123,135,135,135,151,151,151,181,181,193,225,237,265,202,214,301,313,335,395,418,430,458,470,516,528],"floor_reached":42,"playtime":6952,"items_purged":[],"score":821,"play_id":"397de4bc-fb65-4623-b2f6-b7b0b614e116","local_time":"20190330185218","is_ascension_mode":true,"campfire_choices":[{"data":"True Grit","floor":6.0,"key":"SMITH"},{"data":"True Grit","floor":8.0,"key":"SMITH"},{"data":"Intimidate","floor":10.0,"key":"SMITH"},{"data":"Trip","floor":15.0,"key":"SMITH"},{"data":"Burning Pact","floor":23.0,"key":"SMITH"},{"data":"Evolve","floor":29.0,"key":"SMITH"},{"floor":32.0,"key":"REST"},{"floor":40.0,"key":"REST"}],"neow_cost":"PERCENT_DAMAGE","seed_source_timestamp":2650388487430130,"circlet_count":0,"master_deck":["AscendersBane","Strike_R+1","Strike_R+1","Strike_R+1","Strike_R+1","Defend_R+1","Defend_R+1","Defend_R+1","Defend_R+1","True Grit+1","Trip+1","Dropkick","Intimidate+1","True Grit+1","Feel No Pain","Body Slam+1","Dark Embrace","Shrug It Off","Burning Pact+1","Iron Wave+1","Body Slam+1","Evolve+1","Double Tap+1","Shrug It Off+1","Madness+1","Madness+1","Disarm+1","Pommel Strike+1","Fiend Fire+1"],"special_seed":0,"relics":["Burning Blood","Bag of Preparation","Pantograph","Blue Candle","Molten Egg 2","Sozu","Matryoshka","MawBank","Toxic Egg 2","Cursed Key","Prayer Wheel","Ancient Tea Set"],"potions_floor_usage":[],"damage_taken":[{"damage":1.0,"enemies":"Cultist","floor":1.0,"turns":3.0},{"damage":2.0,"enemies":"2 Louse","floor":3.0,"turns":3.0},{"damage":2.0,"enemies":"Jaw Worm","floor":5.0,"turns":5.0},{"damage":24.0,"enemies":"Lagavulin","floor":7.0,"turns":10.0},{"damage":8.0,"enemies":"Blue Slaver","floor":12.0,"turns":5.0},{"damage":49.0,"enemies":"Slime Boss","floor":16.0,"turns":12.0},{"damage":11.0,"enemies":"Spheric Guardian","floor":18.0,"turns":6.0},{"damage":0.0,"enemies":"3 Byrds","floor":19.0,"turns":7.0},{"damage":14.0,"enemies":"Colosseum Slavers","floor":21.0,"turns":7.0},{"damage":0.0,"enemies":"Centurion and Healer","floor":22.0,"turns":7.0},{"damage":54.0,"enemies":"Gremlin Leader","floor":25.0,"turns":11.0},{"damage":0.0,"enemies":"Snecko","floor":28.0,"turns":5.0},{"damage":14.0,"enemies":"Snake Plant","floor":30.0,"turns":4.0},{"damage":58.0,"enemies":"Champ","floor":33.0,"turns":8.0},{"damage":12.0,"enemies":"3 Darklings","floor":35.0,"turns":6.0},{"damage":27.0,"enemies":"2 Orb Walkers","floor":36.0,"turns":4.0},{"damage":0.0,"enemies":"3 Shapes","floor":37.0,"turns":1.0},{"damage":3.0,"enemies":"Writhing Mass","floor":39.0,"turns":4.0},{"damage":23.0,"enemies":"Nemesis","floor":41.0,"turns":7.0},{"damage":45,"enemies":"Transient","floor":42,"turns":6}],"seed_played":"-3416245345713205493","potions_obtained":[{"floor":1.0,"key":"Ancient Potion"},{"floor":3.0,"key":"PowerPotion"}],"is_trial":false,"path_per_floor":["M","$","M","$","M","R","E","R","T","R","?","M","T","?","R","B",null,"M","M","?","?","M","R","?","E","T","?","M","R","M","?","R","B",null,"M","?","M","?","M","R","E","M"],"character_chosen":"IRONCLAD","items_purchased":["Bag of Preparation","Trip","Dropkick","True Grit"],"campfire_rested":2,"item_purchase_floors":[2,2,2,4],"current_hp_per_floor":[55,55,59,59,63,63,45,45,45,45,63,61,61,61,61,32,64,59,65,65,57,63,63,63,15,15,15,21,21,13,13,35,8,58,52,31,37,23,26,48,31,0],"gold":528,"neow_bonus":"TWO_FIFTY_GOLD","is_prod":false,"is_daily":false,"chose_seed":false,"campfire_upgraded":6,"win_rate":0,"timestamp":1553939538,"path_taken":["M","$","M","?","?","R","E","R","T","R","?","M","?","?","R","BOSS","M","M","?","?","M","R","?","E","T","?","?","R","M","?","R","BOSS","M","?","M","?","M","R","E","M"],"build_version":"2019-03-15","purchased_purges":0,"victory":false,"max_hp_per_floor":[75,75,75,75,75,75,75,75,75,75,75,75,75,75,75,75,75,75,75,75,75,75,75,75,75,75,75,75,75,75,75,75,75,75,75,75,75,75,75,75,75,75],"card_choices":[{"not_picked":["Blood for Blood","Sword Boomerang"],"picked":"True Grit","floor":1.0},{"not_picked":["Havoc","Thunderclap"],"picked":"Intimidate","floor":3.0},{"not_picked":["Disarm","Iron Wave"],"picked":"Feel No Pain","floor":5.0},{"not_picked":["Carnage","Searing Blow","Reckless Charge"],"picked":"SKIP","floor":7.0},{"not_picked":["Wild Strike","Perfected Strike","Metallicize"],"picked":"SKIP","floor":12.0},{"not_picked":["Berserk","Feed+1"],"picked":"Dark Embrace","floor":16.0},{"not_picked":["Flex+1","Armaments"],"picked":"Shrug It Off","floor":18.0},{"not_picked":["Anger+1","Wild Strike+1","Spot Weakness"],"picked":"SKIP","floor":19.0},{"not_picked":["Armaments","Perfected Strike+1","Clash+1"],"picked":"SKIP","floor":22.0},{"not_picked":["Inflame","Warcry"],"picked":"Iron Wave+1","floor":25.0},{"not_picked":["Iron Wave+1","Flex+1"],"picked":"Evolve","floor":28.0},{"not_picked":["True Grit+1","Whirlwind+1","Heavy Blade+1"],"picked":"SKIP","floor":30.0},{"not_picked":["Barricade","Berserk"],"picked":"Double Tap+1","floor":33.0},{"not_picked":["Rampage+1","Cleave+1","Perfected Strike+1"],"picked":"SKIP","floor":35.0},{"not_picked":["Combust+1","Havoc+1"],"picked":"Shrug It Off+1","floor":37.0},{"not_picked":["Heavy Blade+1","Clash+1","Anger+1"],"picked":"SKIP","floor":37.0},{"not_picked":["Heavy Blade+1","Clash+1","Anger+1"],"picked":"SKIP","floor":37.0},{"not_picked":["True Grit+1","Sword Boomerang+1"],"picked":"Disarm+1","floor":39.0},{"not_picked":["Clash+1","Pommel Strike+1","Fire Breathing"],"picked":"SKIP","floor":39.0},{"not_picked":["Clash+1","Fire Breathing"],"picked":"Pommel Strike+1","floor":39.0},{"not_picked":["Wild Strike+1","Body Slam+1"],"picked":"Fiend Fire+1","floor":41.0}],"player_experience":2766525,"relics_obtained":[{"floor":7.0,"key":"Pantograph"},{"floor":9.0,"key":"Blue Candle"},{"floor":13.0,"key":"Molten Egg 2"},{"floor":25.0,"key":"Matryoshka"},{"floor":26.0,"key":"MawBank"},{"floor":26.0,"key":"Toxic Egg 2"},{"floor":36.0,"key":"Prayer Wheel"},{"floor":41.0,"key":"Ancient Tea Set"}],"event_choices":[{"damage_healed":18.0,"max_hp_gain":0.0,"max_hp_loss":0.0,"gold_gain":0.0,"event_name":"The Cleric","player_choice":"Healed","floor":11.0,"gold_loss":35.0,"damage_taken":0.0},{"damage_healed":0.0,"max_hp_gain":0.0,"max_hp_loss":0.0,"gold_gain":0.0,"cards_transformed":["Strike_R"],"event_name":"Transmorgrifier","player_choice":"Transformed","floor":14.0,"gold_loss":0.0,"damage_taken":0.0,"cards_obtained":["Body Slam"]},{"damage_healed":0.0,"max_hp_gain":0.0,"max_hp_loss":0.0,"gold_gain":0.0,"event_name":"The Library","player_choice":"Read","floor":20.0,"gold_loss":0.0,"damage_taken":0.0,"cards_obtained":["Burning Pact"]},{"damage_healed":0.0,"max_hp_gain":0.0,"max_hp_loss":0.0,"gold_gain":0.0,"event_name":"Colosseum","player_choice":"Fight","floor":21.0,"gold_loss":0.0,"damage_taken":0.0},{"damage_healed":0.0,"max_hp_gain":0.0,"max_hp_loss":0.0,"gold_gain":0.0,"event_name":"Colosseum","player_choice":"Fled From Nobs","floor":21.0,"gold_loss":0.0,"damage_taken":0.0},{"damage_healed":0.0,"max_hp_gain":0.0,"max_hp_loss":0.0,"gold_gain":0.0,"event_name":"Back to Basics","player_choice":"Simplicity","floor":24.0,"gold_loss":0.0,"damage_taken":0.0,"cards_upgraded":["Strike_R","Strike_R","Strike_R","Strike_R","Defend_R","Defend_R","Defend_R","Defend_R"]},{"damage_healed":0.0,"max_hp_gain":0.0,"max_hp_loss":0.0,"gold_gain":0.0,"event_name":"Match and Keep!","player_choice":"1 cards matched","floor":27.0,"gold_loss":0.0,"damage_taken":0.0,"cards_obtained":["Body Slam"]},{"cards_removed":["Bash"],"damage_healed":0.0,"max_hp_gain":0.0,"max_hp_loss":0.0,"gold_gain":0.0,"event_name":"Beggar","player_choice":"Gave Gold","floor":31.0,"gold_loss":75.0,"damage_taken":0.0},{"damage_healed":0.0,"max_hp_gain":0.0,"max_hp_loss":0.0,"gold_gain":0.0,"event_name":"Mysterious Sphere","player_choice":"Fight","floor":36.0,"gold_loss":0.0,"damage_taken":0.0},{"damage_healed":0.0,"max_hp_gain":0.0,"max_hp_loss":0.0,"gold_gain":0.0,"event_name":"Winding Halls","player_choice":"Embrace Madness","floor":38.0,"gold_loss":0.0,"damage_taken":14.0,"cards_obtained":["Madness","Madness"]}],"is_beta":true,"boss_relics":[{"not_picked":["Calling Bell","Astrolabe"],"picked":"Sozu"},{"not_picked":["Empty Cage","Lizard Tail"],"picked":"Cursed Key"}],"items_purged_floors":[],"is_endless":false,"potions_floor_spawned":[1,3,12,18,19,28,30,35,37,39],"killed_by":"Transient","ascension_level":17}