{"gold_per_floor":[114,18,93,104,115,115,148,148,197,13,30,41,41,67,67,67],"floor_reached":16,"playtime":784,"items_purged":[],"score":182,"play_id":"393151e4-2345-4744-807b-35176a31a3b2","local_time":"20190507191748","is_ascension_mode":true,"campfire_choices":[{"data":"Dark Embrace","floor":6,"key":"SMITH"},{"floor":8,"key":"REST"},{"floor":13,"key":"REST"},{"floor":15,"key":"REST"}],"neow_cost":"NONE","seed_source_timestamp":2252500840646262,"circlet_count":0,"master_deck":["AscendersBane","Strike_R","Strike_R","Strike_R","Strike_R","Strike_R","Defend_R","Defend_R","Defend_R","Defend_R","Bash","Dark Embrace+1","Infernal Blade","Bandage Up","Intimidate","Second Wind","Corruption","Shockwave","Havoc","Dark Embrace"],"relics":["Burning Blood","Pen Nib","Red Skull","Girya"],"potions_floor_usage":[7,16],"damage_taken":[{"damage":6,"enemies":"Cultist","floor":1,"turns":4},{"damage":10,"enemies":"Small Slimes","floor":4,"turns":5},{"damage":4,"enemies":"Jaw Worm","floor":5,"turns":3},{"damage":46,"enemies":"Lagavulin","floor":7,"turns":10},{"damage":11,"enemies":"2 Fungi Beasts","floor":11,"turns":4},{"damage":14,"enemies":"3 Louse","floor":12,"turns":4},{"damage":40,"enemies":"Gremlin Nob","floor":14,"turns":5},{"damage":51,"enemies":"The Guardian","floor":16,"turns":8}],"seed_played":"-5236244073539704714","potions_obtained":[{"floor":5,"key":"EssenceOfSteel"},{"floor":7,"key":"SpeedPotion"}],"is_trial":false,"path_per_floor":["M","$","?","M","M","R","E","R","T","$","M","M","R","E","R","B"],"character_chosen":"IRONCLAD","items_purchased":["Bandage Up","Corruption","Shockwave","Havoc"],"campfire_rested":3,"item_purchase_floors":[2,10,10,10],"current_hp_per_floor":[72,72,64,64,70,70,34,58,58,58,57,53,77,46,70,23],"gold":67,"neow_bonus":"ONE_RANDOM_RARE_CARD","is_prod":false,"is_daily":false,"chose_seed":false,"campfire_upgraded":1,"win_rate":0,"timestamp":1557245868,"path_taken":["M","?","?","M","M","R","E","R","T","$","M","M","R","E","R","BOSS"],"build_version":"2019-01-23","purchased_purges":0,"victory":false,"max_hp_per_floor":[80,80,80,80,80,80,80,80,80,80,80,80,80,80,80,80],"card_choices":[{"not_picked":["Anger","Clash"],"picked":"Infernal Blade","floor":1},{"not_picked":["Anger","Perfected Strike"],"picked":"Intimidate","floor":4},{"not_picked":["Clothesline","Clash","Twin Strike"],"picked":"SKIP","floor":5},{"not_picked":["Iron Wave","Searing Blow"],"picked":"Second Wind","floor":7},{"not_picked":["Headbutt","Heavy Blade","Cleave"],"picked":"SKIP","floor":11},{"not_picked":["Entrench","Reckless Charge"],"picked":"Dark Embrace","floor":12},{"not_picked":["Anger","Twin Strike","Cleave"],"picked":"SKIP","floor":14}],"player_experience":1307608,"relics_obtained":[{"floor":7,"key":"Pen Nib"},{"floor":9,"key":"Red Skull"},{"floor":14,"key":"Girya"}],"event_choices":[{"damage_healed":0,"gold_gain":75,"player_choice":"Touch","damage_taken":8,"max_hp_gain":0,"max_hp_loss":0,"event_name":"FaceTrader","floor":3,"gold_loss":0}],"is_beta":false,"boss_relics":[],"items_purged_floors":[],"is_endless":false,"potions_floor_spawned":[5,7],"killed_by":"The Guardian","ascension_level":13}