{"gold_per_floor":[360,18,93,93,93,93,93,93,93,6,6,26,62,62,62,156,156,179,10,31,51,51,51,7,7],"floor_reached":25,"playtime":880,"items_purged":[],"score":386,"play_id":"01428f41-0657-4d0b-9881-0b399f2323f9","local_time":"20190326121632","is_ascension_mode":true,"campfire_choices":[{"data":"Apotheosis","floor":6.0,"key":"SMITH"},{"floor":8.0,"key":"RECALL"},{"data":"Rupture","floor":11.0,"key":"SMITH"},{"data":"Combust","floor":15.0,"key":"SMITH"},{"floor":23.0,"key":"REST"}],"neow_cost":"TEN_PERCENT_HP_LOSS","seed_source_timestamp":2287578631014662,"circlet_count":0,"master_deck":["AscendersBane","Defend_R","Defend_R","Defend_R","Defend_R","Bash","Combust+1","Apotheosis+1","Rupture+1","Heavy Blade","Entrench","Reaper","Dual Wield","Brutality","Sword Boomerang","Pommel Strike","Bite","Bite","Bite","Bite","Bite","Combust"],"special_seed":0,"relics":["Burning Blood","Bag of Marbles","Golden Idol","Omamori","Singing Bowl","Kunai","Fusion Hammer"],"potions_floor_usage":[25],"damage_taken":[{"damage":2.0,"enemies":"Jaw Worm","floor":1.0,"turns":5.0},{"damage":6.0,"enemies":"Small Slimes","floor":12.0,"turns":4.0},{"damage":31.0,"enemies":"3 Sentries","floor":13.0,"turns":6.0},{"damage":35.0,"enemies":"Hexaghost","floor":16.0,"turns":9.0},{"damage":10.0,"enemies":"Chosen","floor":18.0,"turns":5.0},{"damage":39.0,"enemies":"3 Byrds","floor":20.0,"turns":5.0},{"damage":30.0,"enemies":"Cultist and Chosen","floor":21.0,"turns":6.0},{"damage":55,"enemies":"Snake Plant","floor":25,"turns":5}],"seed_played":"1822995123977903449","potions_obtained":[{"floor":1.0,"key":"Strength Potion"},{"floor":12.0,"key":"BloodPotion"},{"floor":21.0,"key":"Energy Potion"}],"is_trial":false,"path_per_floor":["M","$","?","?","?","R","?","R","T","$","R","M","E","T","R","B",null,"M","$","M","M","?","R","$","M"],"character_chosen":"IRONCLAD","items_purchased":["Apotheosis","Bag of Marbles","Rupture","Brutality","Combust"],"campfire_rested":1,"item_purchase_floors":[2,2,10,19,24],"current_hp_per_floor":[68,68,57,62,62,62,62,62,62,62,62,62,37,37,37,14,53,56,56,34,22,22,35,35,0],"gold":7,"neow_bonus":"TWO_FIFTY_GOLD","is_prod":false,"is_daily":false,"chose_seed":false,"campfire_upgraded":3,"win_rate":0,"timestamp":1553570192,"path_taken":["M","$","?","?","?","R","?","R","T","?","R","M","E","?","R","BOSS","M","$","?","M","?","R","?","M"],"build_version":"2019-03-15","purchased_purges":0,"victory":false,"max_hp_per_floor":[68,68,68,73,73,73,66,66,66,66,66,66,66,66,66,66,66,66,66,66,66,46,46,46,46],"card_choices":[{"not_picked":["Combust","Wild Strike","Havoc"],"picked":"SKIP","floor":1.0},{"not_picked":["Wild Strike","Havoc"],"picked":"Combust","floor":1.0},{"not_picked":["Clothesline","Wild Strike"],"picked":"Heavy Blade","floor":12.0},{"not_picked":["Reckless Charge","Anger"],"picked":"Entrench","floor":13.0},{"not_picked":["Exhume","Offering"],"picked":"Reaper","floor":16.0},{"not_picked":["Twin Strike","Headbutt"],"picked":"Dual Wield","floor":18.0},{"not_picked":["Whirlwind","Second Wind"],"picked":"Sword Boomerang","floor":20.0},{"not_picked":["Clothesline","Flex"],"picked":"Pommel Strike","floor":21.0}],"player_experience":2742301,"relics_obtained":[{"floor":9.0,"key":"Omamori"},{"floor":13.0,"key":"Singing Bowl"},{"floor":14.0,"key":"Kunai"}],"event_choices":[{"damage_healed":0.0,"max_hp_gain":0.0,"max_hp_loss":0.0,"gold_gain":75.0,"event_name":"World of Goop","player_choice":"Gather Gold","floor":3.0,"gold_loss":0.0,"damage_taken":11.0},{"damage_healed":0.0,"max_hp_gain":5.0,"max_hp_loss":0.0,"gold_gain":0.0,"event_name":"Big Fish","player_choice":"Donut","floor":4.0,"gold_loss":0.0,"damage_taken":0.0},{"cards_removed":["Strike_R"],"damage_healed":0.0,"max_hp_gain":0.0,"max_hp_loss":0.0,"gold_gain":0.0,"event_name":"Living Wall","player_choice":"Forget","floor":5.0,"gold_loss":0.0,"damage_taken":0.0},{"damage_healed":0.0,"max_hp_gain":0.0,"max_hp_loss":7.0,"gold_gain":0.0,"event_name":"Golden Idol","player_choice":"Lose Max HP","floor":7.0,"gold_loss":0.0,"damage_taken":0.0,"relics_obtained":["Golden Idol"]},{"damage_healed":0.0,"max_hp_gain":0.0,"max_hp_loss":20.0,"gold_gain":0.0,"event_name":"Vampires","player_choice":"Became a vampire","floor":22.0,"gold_loss":0.0,"damage_taken":0.0,"cards_obtained":["Bite","Bite","Bite","Bite","Bite"]}],"is_beta":true,"boss_relics":[{"not_picked":["Velvet Choker","Black Blood"],"picked":"Fusion Hammer"}],"items_purged_floors":[],"is_endless":false,"potions_floor_spawned":[1,12,21],"killed_by":"Snake Plant","ascension_level":17}