{"gold_per_floor":[113,113,113,128,138,138,155,155,180,197,81,81,81],"floor_reached":13,"playtime":535,"items_purged":["Strike_G"],"score":150,"play_id":"3a79de35-7ab0-4ff6-9e5e-a6ca482b0310","local_time":"20190308141032","is_ascension_mode":true,"campfire_choices":[{"data":"Calculated Gamble","floor":6,"key":"SMITH"},{"data":"Reflex","floor":8,"key":"SMITH"},{"data":"Flechettes","floor":12,"key":"SMITH"}],"neow_cost":"TEN_PERCENT_HP_LOSS","seed_source_timestamp":739679420400767,"circlet_count":0,"master_deck":["AscendersBane","Defend_G","Defend_G","Defend_G+1","Defend_G+1","Defend_G","Strike_G","Survivor","Neutralize","Calculated Gamble+1","Reflex+1","Prepared","Flechettes+1","PiercingWail","Calculated Gamble","Adrenaline","Noxious Fumes"],"relics":["Ring of the Snake"],"potions_floor_usage":[13],"damage_taken":[{"damage":6,"enemies":"Cultist","floor":1,"turns":6},{"damage":0,"enemies":"2 Louse","floor":4,"turns":4},{"damage":0,"enemies":"Small Slimes","floor":5,"turns":5},{"damage":0,"enemies":"3 Louse","floor":7,"turns":5},{"damage":0,"enemies":"Blue Slaver","floor":10,"turns":3},{"damage":36,"enemies":"3 Sentries","floor":13,"turns":6}],"seed_played":"7855504910201476041","potions_obtained":[{"floor":4,"key":"Ancient Potion"},{"floor":7,"key":"Strength Potion"}],"is_trial":false,"path_per_floor":["M","?","?","M","M","R","M","R","T","M","$","R","E"],"character_chosen":"THE_SILENT","items_purchased":["Noxious Fumes"],"campfire_rested":0,"item_purchase_floors":[11],"current_hp_per_floor":[53,53,35,35,35,35,35,35,35,35,35,35,0],"gold":81,"neow_bonus":"TRANSFORM_TWO_CARDS","is_prod":false,"is_daily":false,"chose_seed":false,"campfire_upgraded":3,"win_rate":0,"timestamp":1552021832,"path_taken":["M","?","?","M","M","R","M","R","T","M","$","R","E"],"build_version":"2019-02-06","purchased_purges":1,"victory":false,"max_hp_per_floor":[60,60,60,60,60,60,60,60,60,60,60,60,60],"card_choices":[{"not_picked":["Poisoned Stab","Blade Dance"],"picked":"Prepared","floor":1},{"not_picked":["Flying Knee","Bane"],"picked":"Flechettes","floor":4},{"not_picked":["Dodge and Roll","Dagger Throw"],"picked":"PiercingWail","floor":5},{"not_picked":["Quick Slash","Dodge and Roll"],"picked":"Calculated Gamble","floor":7},{"not_picked":["Cloak And Dagger","Setup"],"picked":"Adrenaline","floor":10}],"player_experience":2654248,"relics_obtained":[],"event_choices":[{"cards_removed":["Strike_G"],"damage_healed":0,"gold_gain":0,"player_choice":"Forget","damage_taken":0,"max_hp_gain":0,"max_hp_loss":0,"event_name":"Living Wall","floor":2,"gold_loss":0},{"damage_healed":0,"gold_gain":0,"player_choice":"Entered Light","damage_taken":18,"max_hp_gain":0,"max_hp_loss":0,"event_name":"Shining Light","floor":3,"gold_loss":0,"cards_upgraded":["Defend_G","Defend_G"]}],"is_beta":true,"boss_relics":[],"items_purged_floors":[11],"is_endless":false,"potions_floor_spawned":[4,7],"killed_by":"3 Sentries","ascension_level":20}