{"gold_per_floor":[15,33,46,2,15,42,42,42,42,71,91,110,137,156,156,230,230,242,33,0,0,0,32,32,44,44,44,44,59,59,75,75,146,146,163,212,212,235,335,335,361,14,40,69,69,96,96,111,111,111,111,111,111,21,55,55],"floor_reached":56,"playtime":3298,"items_purged":["Stack","Auto Shields"],"score":1892,"play_id":"aaf68f9e-09dd-414e-b6e8-9ff9dc764991","local_time":"20190429022139","is_ascension_mode":true,"campfire_choices":[{"floor":7.0,"key":"REST"},{"data":"Chaos","floor":15.0,"key":"SMITH"},{"floor":24.0,"key":"REST"},{"data":"Apotheosis","floor":30.0,"key":"SMITH"},{"floor":32.0,"key":"RECALL"},{"floor":40.0,"key":"REST"},{"floor":45.0,"key":"REST"},{"floor":47.0,"key":"REST"},{"floor":49.0,"key":"REST"},{"data":"Skim","floor":53.0,"key":"SMITH"}],"neow_cost":"NO_GOLD","seed_source_timestamp":685448133556800,"circlet_count":0,"master_deck":["AscendersBane","Zap","Dualcast","Capacitor","Self Repair","Conserve Battery","Chaos+1","Barrage","Electrodynamics","Echo Form","Rainbow","Creative AI","Reinforced Body","BootSequence","Creative AI","Skim+1","Apotheosis+1","Turbo+1","Consume","Seek","Reboot","Turbo","Conserve Battery+1","Panacea","Glacier+1","Compile Driver","Chill"],"special_seed":0,"relics":["Cracked Core","Emotion Chip","Orichalcum","Oddly Smooth Stone","Bottled Lightning","Vajra","Pandora\u0027s Box","Torii","Empty Cage","Incense Burner","Regal Pillow","WingedGreaves","Happy Flower","Membership Card","Potion Belt","Smiling Mask","Kunai","Bag of Preparation","Dodecahedron"],"potions_floor_usage":[56,56,56],"damage_taken":[{"damage":7.0,"enemies":"Jaw Worm","floor":1.0,"turns":3.0},{"damage":1.0,"enemies":"Cultist","floor":2.0,"turns":3.0},{"damage":0.0,"enemies":"Small Slimes","floor":3.0,"turns":2.0},{"damage":10.0,"enemies":"3 Louse","floor":5.0,"turns":3.0},{"damage":14.0,"enemies":"Lagavulin","floor":6.0,"turns":7.0},{"damage":8.0,"enemies":"3 Sentries","floor":10.0,"turns":3.0},{"damage":5.0,"enemies":"Looter","floor":11.0,"turns":3.0},{"damage":3.0,"enemies":"Blue Slaver","floor":12.0,"turns":3.0},{"damage":15.0,"enemies":"Gremlin Nob","floor":13.0,"turns":4.0},{"damage":12.0,"enemies":"Large Slime","floor":14.0,"turns":4.0},{"damage":18.0,"enemies":"Hexaghost","floor":16.0,"turns":7.0},{"damage":13.0,"enemies":"Shell Parasite","floor":18.0,"turns":4.0},{"damage":34.0,"enemies":"Book of Stabbing","floor":23.0,"turns":5.0},{"damage":0.0,"enemies":"Chosen","floor":25.0,"turns":4.0},{"damage":7.0,"enemies":"Snecko","floor":29.0,"turns":4.0},{"damage":10.0,"enemies":"Centurion and Healer","floor":31.0,"turns":5.0},{"damage":43.0,"enemies":"Collector","floor":33.0,"turns":8.0},{"damage":1.0,"enemies":"3 Darklings","floor":35.0,"turns":3.0},{"damage":29.0,"enemies":"2 Orb Walkers","floor":36.0,"turns":6.0},{"damage":8.0,"enemies":"Mind Bloom Boss Battle","floor":39.0,"turns":6.0},{"damage":1.0,"enemies":"Giant Head","floor":41.0,"turns":9.0},{"damage":57.0,"enemies":"Reptomancer","floor":44.0,"turns":6.0},{"damage":36.0,"enemies":"Giant Head","floor":46.0,"turns":11.0},{"damage":9.0,"enemies":"Orb Walker","floor":48.0,"turns":5.0},{"damage":8.0,"enemies":"Awakened One","floor":50.0,"turns":22.0},{"damage":3.0,"enemies":"Time Eater","floor":51.0,"turns":17.0},{"damage":45.0,"enemies":"Shield and Spear","floor":55.0,"turns":13.0},{"damage":55,"enemies":"The Heart","floor":56,"turns":5}],"seed_played":"-8916945176977427776","potions_obtained":[{"floor":1.0,"key":"Block Potion"},{"floor":10.0,"key":"Energy Potion"},{"floor":25.0,"key":"Weak Potion"},{"floor":29.0,"key":"Block Potion"},{"floor":33.0,"key":"Strength Potion"},{"floor":35.0,"key":"Energy Potion"},{"floor":46.0,"key":"LiquidBronze"}],"is_trial":false,"path_per_floor":["M","M","M","$","M","E","R","?","T","E","M","M","E","M","R","B",null,"M","$","?","$","?","E","R","M","T","?","?","M","R","M","R","B",null,"M","?","?","T","?","R","E","$","T","E","R","E","R","M","R","B","B",null,"R","$","E","B"],"character_chosen":"DEFECT","items_purchased":["Capacitor","Apotheosis","Membership Card","Potion Belt","Ancient Potion"],"campfire_rested":6,"item_purchase_floors":[4,19,42,42,54],"current_hp_per_floor":[57,56,56,56,46,32,53,53,53,45,40,44,36,24,24,13,57,51,51,51,51,51,17,38,48,48,48,48,51,51,51,51,28,60,69,40,30,30,32,68,71,71,71,14,50,24,60,51,71,71,71,71,71,71,46,0],"gold":55,"neow_bonus":"ONE_RARE_RELIC","is_prod":false,"is_daily":false,"chose_seed":false,"campfire_upgraded":3,"win_rate":0,"timestamp":1556472099,"path_taken":["M","M","M","$","M","E","R","?","T","E","M","M","E","?","R","BOSS","M","$","?","$","?","E","R","M","T","?","?","M","R","M","R","BOSS","M","?","?","?","?","R","E","$","T","E","R","E","R","M","R","BOSS","BOSS","R","$","E","BOSS"],"build_version":"2019-01-23","purchased_purges":2,"victory":false,"max_hp_per_floor":[71,71,71,71,71,71,71,71,71,71,71,71,71,71,71,71,71,71,71,71,71,71,71,71,71,71,71,71,71,71,71,71,71,71,71,71,71,71,71,71,71,71,71,71,71,71,71,71,71,71,71,71,71,71,71,71],"card_choices":[{"not_picked":["Fusion","Hologram"],"picked":"Ball Lightning","floor":1.0},{"not_picked":["Loop","Sweeping Beam"],"picked":"Auto Shields","floor":2.0},{"not_picked":["Force Field","Stack"],"picked":"Gash","floor":3.0},{"not_picked":["Turbo","Conserve Battery"],"picked":"Gash","floor":5.0},{"not_picked":["Heatsinks","Scrape"],"picked":"Doom and Gloom","floor":6.0},{"not_picked":["Gash","Scrape","Capacitor"],"picked":"SKIP","floor":10.0},{"not_picked":["Blizzard","Steam Power"],"picked":"Self Repair","floor":11.0},{"not_picked":["Lockon","Leap"],"picked":"Conserve Battery","floor":12.0},{"not_picked":["Gash","Machine Learning"],"picked":"Chaos","floor":13.0},{"not_picked":["Cold Snap","Leap","Barrage"],"picked":"SKIP","floor":14.0},{"not_picked":["Cold Snap","Leap"],"picked":"Barrage","floor":14.0},{"not_picked":["Machine Learning","Multi-Cast"],"picked":"Electrodynamics","floor":16.0},{"not_picked":["Barrage","Capacitor"],"picked":"Skim","floor":18.0},{"not_picked":["Double Energy","Echo Form"],"picked":"Turbo+1","floor":23.0},{"not_picked":["Compile Driver","Redo"],"picked":"Consume","floor":25.0},{"not_picked":["Blizzard","Rebound+1","White Noise"],"picked":"SKIP","floor":29.0},{"not_picked":["Chaos","Steam","Stack"],"picked":"SKIP","floor":31.0},{"not_picked":["Creative AI","Biased Cognition"],"picked":"Reboot","floor":33.0},{"not_picked":["Static Discharge+1","Storm"],"picked":"Turbo","floor":35.0},{"not_picked":["Gash","Sweeping Beam+1"],"picked":"Conserve Battery+1","floor":36.0},{"not_picked":["Forethought","Swift Strike"],"picked":"Panacea","floor":37.0},{"not_picked":["Chaos","Beam Cell","Self Repair"],"picked":"SKIP","floor":41.0},{"not_picked":["Biased Cognition","Ball Lightning"],"picked":"Glacier+1","floor":44.0},{"not_picked":["Stack","Blizzard"],"picked":"Compile Driver","floor":46.0},{"not_picked":["Ball Lightning+1","Aggregate"],"picked":"Chill","floor":48.0},{"not_picked":["Hello World","Ball Lightning+1","Steam"],"picked":"SKIP","floor":55.0}],"player_experience":4862967,"relics_obtained":[{"floor":6.0,"key":"Orichalcum"},{"floor":9.0,"key":"Oddly Smooth Stone"},{"floor":10.0,"key":"Bottled Lightning"},{"floor":13.0,"key":"Vajra"},{"floor":23.0,"key":"Torii"},{"floor":36.0,"key":"Incense Burner"},{"floor":38.0,"key":"Regal Pillow"},{"floor":39.0,"key":"WingedGreaves"},{"floor":41.0,"key":"Happy Flower"},{"floor":43.0,"key":"Smiling Mask"},{"floor":44.0,"key":"Kunai"},{"floor":46.0,"key":"Bag of Preparation"},{"floor":55.0,"key":"Dodecahedron"}],"event_choices":[{"cards_removed":["Strike_B"],"damage_healed":0.0,"max_hp_gain":0.0,"max_hp_loss":0.0,"gold_gain":0.0,"event_name":"Purifier","player_choice":"Purged","floor":8.0,"gold_loss":0.0,"damage_taken":0.0},{"damage_healed":0.0,"max_hp_gain":0.0,"max_hp_loss":0.0,"gold_gain":0.0,"event_name":"Masked Bandits","player_choice":"Paid Fearfully","floor":20.0,"gold_loss":33.0,"damage_taken":0.0},{"cards_removed":["Machine Learning"],"damage_healed":0.0,"max_hp_gain":0.0,"max_hp_loss":0.0,"gold_gain":0.0,"event_name":"Back to Basics","player_choice":"Elegance","floor":22.0,"gold_loss":0.0,"damage_taken":0.0},{"damage_healed":0.0,"max_hp_gain":0.0,"max_hp_loss":0.0,"gold_gain":0.0,"event_name":"The Mausoleum","player_choice":"Ignored","floor":27.0,"gold_loss":0.0,"damage_taken":0.0},{"damage_healed":0.0,"max_hp_gain":0.0,"max_hp_loss":0.0,"gold_gain":0.0,"cards_transformed":["Gash","Gash"],"event_name":"Drug Dealer","player_choice":"Became Test Subject","floor":28.0,"gold_loss":0.0,"damage_taken":0.0,"cards_obtained":["Seek","Stack"]},{"damage_healed":0.0,"max_hp_gain":0.0,"max_hp_loss":0.0,"gold_gain":0.0,"event_name":"Mysterious Sphere","player_choice":"Fight","floor":36.0,"gold_loss":0.0,"damage_taken":0.0},{"damage_healed":0.0,"max_hp_gain":0.0,"max_hp_loss":0.0,"gold_gain":0.0,"event_name":"SensoryStone","player_choice":"Memory 3","floor":37.0,"gold_loss":0.0,"damage_taken":10.0},{"damage_healed":0.0,"max_hp_gain":0.0,"max_hp_loss":0.0,"gold_gain":0.0,"event_name":"MindBloom","player_choice":"Fight","floor":39.0,"gold_loss":0.0,"damage_taken":0.0}],"is_beta":false,"boss_relics":[{"not_picked":["Cursed Key","Fusion Hammer"],"picked":"Pandora\u0027s Box"},{"not_picked":["Sozu","Black Star"],"picked":"Empty Cage"}],"items_purged_floors":[42,54],"is_endless":false,"potions_floor_spawned":[1,10,11,12,13,16,25,29,33,35,36,46],"killed_by":"The Heart","ascension_level":20}