{"gold_per_floor":[19,19,39,39,59,59,77,93,93,93,106,141,141,160,160,251,251,264,314,15,15],"floor_reached":21,"playtime":871,"items_purged":[],"score":317,"play_id":"b2b2aa44-e862-464a-bbce-4edd3d71e0e4","local_time":"20181216233828","is_ascension_mode":true,"campfire_choices":[{"data":"Forethought","floor":6,"key":"SMITH"},{"floor":10,"key":"REST"},{"floor":13,"key":"REST"},{"floor":15,"key":"REST"}],"neow_cost":"NO_GOLD","seed_source_timestamp":43824795427445,"circlet_count":0,"master_deck":["AscendersBane","Strike_R","Strike_R","Strike_R","Strike_R","Strike_R","Defend_R","Defend_R","Defend_R","Defend_R","Bash","Forethought+1","Metamorphosis","Cleave","Dark Embrace+1","Intimidate","Armaments+1","Limit Break+1","Limit Break+1","Dropkick","Flex+1"],"relics":["Burning Blood","Golden Idol","Toxic Egg 2","Darkstone Periapt","Fusion Hammer","Question Card"],"potions_floor_usage":[11,12,16,16,21],"damage_taken":[{"damage":5,"enemies":"2 Louse","floor":1,"turns":4},{"damage":6,"enemies":"Jaw Worm","floor":3,"turns":4},{"damage":4,"enemies":"Cultist","floor":5,"turns":4},{"damage":13,"enemies":"Looter","floor":7,"turns":4},{"damage":17,"enemies":"Blue Slaver","floor":8,"turns":3},{"damage":8,"enemies":"Large Slime","floor":11,"turns":4},{"damage":32,"enemies":"Gremlin Nob","floor":12,"turns":4},{"damage":13,"enemies":"3 Louse","floor":14,"turns":4},{"damage":51,"enemies":"Slime Boss","floor":16,"turns":13},{"damage":25,"enemies":"Shell Parasite","floor":18,"turns":5},{"damage":52,"enemies":"Colosseum Slavers","floor":21,"turns":3}],"seed_played":"8731661787987465469","potions_obtained":[{"floor":5,"key":"Energy Potion"},{"floor":8,"key":"EssenceOfSteel"},{"floor":12,"key":"GamblersBrew"},{"floor":14,"key":"Poison Potion"},{"floor":18,"key":"BloodPotion"}],"is_trial":false,"path_per_floor":["M","?","M","?","M","R","M","M","T","R","M","E","R","M","R","B",null,"M","?","$","?"],"character_chosen":"IRONCLAD","items_purchased":["Flex+1","Question Card"],"campfire_rested":3,"item_purchase_floors":[20,20],"current_hp_per_floor":[69,43,43,43,45,45,38,27,27,49,47,21,43,36,58,13,60,41,41,41,0],"gold":15,"neow_bonus":"RANDOM_COLORLESS_2","is_prod":false,"is_daily":false,"chose_seed":false,"campfire_upgraded":1,"win_rate":0,"timestamp":1544971108,"path_taken":["M","?","M","?","M","R","?","M","T","R","M","E","R","M","R","BOSS","M","?","$","?"],"build_version":"2018-12-13","purchased_purges":0,"victory":false,"max_hp_per_floor":[75,75,75,75,75,75,75,75,75,75,75,75,75,75,75,75,75,75,75,75,75],"card_choices":[{"not_picked":["Heavy Blade","True Grit"],"picked":"Cleave","floor":1},{"not_picked":["Perfected Strike","True Grit"],"picked":"Dark Embrace","floor":3},{"not_picked":["Rupture","Flex"],"picked":"Intimidate","floor":5},{"not_picked":["Sword Boomerang","Perfected Strike","Body Slam"],"picked":"SKIP","floor":7},{"not_picked":["Havoc","Heavy Blade","Anger"],"picked":"SKIP","floor":8},{"not_picked":["Clash","Wild Strike"],"picked":"Armaments+1","floor":11},{"not_picked":["Twin Strike","Wild Strike","Blood for Blood"],"picked":"SKIP","floor":12},{"not_picked":["Wild Strike","Clash"],"picked":"Limit Break+1","floor":14},{"not_picked":["Immolate","Barricade"],"picked":"Limit Break+1","floor":16},{"not_picked":["Headbutt","Infernal Blade+1"],"picked":"Dropkick","floor":18}],"player_experience":2561175,"relics_obtained":[{"floor":9,"key":"Toxic Egg 2"},{"floor":12,"key":"Darkstone Periapt"}],"event_choices":[{"damage_healed":0,"gold_gain":0,"player_choice":"Take Damage","damage_taken":26,"relics_obtained":["Golden Idol"],"max_hp_gain":0,"max_hp_loss":0,"event_name":"Golden Idol","floor":2,"gold_loss":0},{"damage_healed":0,"gold_gain":0,"player_choice":"Upgraded","damage_taken":0,"max_hp_gain":0,"max_hp_loss":0,"event_name":"Upgrade Shrine","floor":4,"gold_loss":0,"cards_upgraded":["Dark Embrace"]},{"damage_healed":0,"gold_gain":50,"player_choice":"Stole From Cult","damage_taken":0,"max_hp_gain":0,"max_hp_loss":0,"event_name":"Nest","floor":19,"gold_loss":0},{"damage_healed":0,"gold_gain":0,"player_choice":"Fight","damage_taken":0,"max_hp_gain":0,"max_hp_loss":0,"event_name":"Colosseum","floor":21,"gold_loss":0}],"is_beta":true,"boss_relics":[{"not_picked":["Eternal Feather","Runic Dome"],"picked":"Fusion Hammer"}],"items_purged_floors":[],"is_endless":false,"potions_floor_spawned":[5,8,12,14,18],"killed_by":"Colosseum Slavers","ascension_level":15}