{"gold_per_floor":[114,114,39,214,224,254,254,271,271,281,281,293,293,312,312,417,417,430,529,545,545,90,90,117,117,117,129,146,21,32,32,32,131,131,142,42,42,42,61,61,96,109,159,159,186,201,219,319,319,319],"floor_reached":51,"playtime":3713,"items_purged":["Strike_B","Doubt","Strike_B"],"score":1003,"play_id":"97ca4d77-1077-4960-9f4a-f66f4cc3329e","local_time":"20190108231449","is_ascension_mode":true,"campfire_choices":[{"data":"Zap","floor":7,"key":"SMITH"},{"data":"Consume","floor":11,"key":"SMITH"},{"data":"Dualcast","floor":13,"key":"SMITH"},{"data":"Loop","floor":15,"key":"SMITH"},{"data":"Coolheaded","floor":23,"key":"SMITH"},{"data":"Auto Shields","floor":25,"key":"SMITH"},{"floor":32,"key":"REST"},{"data":"Redo","floor":40,"key":"SMITH"},{"floor":44,"key":"REST"},{"floor":49,"key":"REST"}],"neow_cost":"NONE","seed_source_timestamp":1472376209953093,"circlet_count":0,"master_deck":["Strike_B","Defend_B","Defend_B","Defend_B","Defend_B","Zap+1","Dualcast+1","Sweeping Beam","Loop+1","Coolheaded+1","Cold Snap","Consume+1","Machine Learning+1","Conserve Battery","Go for the Eyes","Electrodynamics+1","Cold Snap+1","Defragment+1","Auto Shields+1","Thunder Strike","Undo","Self Repair+1","Double Energy","Creative AI+1","Capacitor+1","Forethought+1","Redo+1","Defragment+1","Loop+1","Hologram+1"],"relics":["Cracked Core","NeowsBlessing","Question Card","Frozen Egg 2","Nuclear Battery","Lee\u0027s Waffle","Gremlin Horn","Darkstone Periapt","Eternal Feather","Kunai","Potion Belt","Centennial Puzzle","Pocketwatch"],"potions_floor_usage":[16,16,33,33,33,35,41,41,46,50,50],"damage_taken":[{"damage":0,"enemies":"Jaw Worm","floor":1,"turns":1},{"damage":0,"enemies":"2 Louse","floor":5,"turns":1},{"damage":0,"enemies":"Lagavulin","floor":6,"turns":1},{"damage":2,"enemies":"Small Slimes","floor":8,"turns":3},{"damage":11,"enemies":"Blue Slaver","floor":10,"turns":3},{"damage":9,"enemies":"Exordium Wildlife","floor":12,"turns":4},{"damage":5,"enemies":"Red Slaver","floor":14,"turns":4},{"damage":31,"enemies":"The Guardian","floor":16,"turns":11},{"damage":10,"enemies":"Spheric Guardian","floor":18,"turns":6},{"damage":15,"enemies":"2 Thieves","floor":20,"turns":3},{"damage":17,"enemies":"Colosseum Slavers","floor":21,"turns":3},{"damage":27,"enemies":"Book of Stabbing","floor":24,"turns":7},{"damage":17,"enemies":"Shelled Parasite and Fungi","floor":27,"turns":4},{"damage":4,"enemies":"Cultist and Chosen","floor":28,"turns":5},{"damage":17,"enemies":"Snake Plant","floor":30,"turns":4},{"damage":0,"enemies":"Collector","floor":33,"turns":8},{"damage":0,"enemies":"3 Shapes","floor":35,"turns":3},{"damage":15,"enemies":"3 Darklings","floor":39,"turns":4},{"damage":28,"enemies":"Reptomancer","floor":41,"turns":5},{"damage":32,"enemies":"Jaw Worm Horde","floor":42,"turns":5},{"damage":30,"enemies":"Giant Head","floor":45,"turns":11},{"damage":21,"enemies":"Transient","floor":46,"turns":5},{"damage":29,"enemies":"4 Shapes","floor":47,"turns":5},{"damage":0,"enemies":"Mind Bloom Boss Battle","floor":48,"turns":6},{"damage":31,"enemies":"Donu and Deca","floor":50,"turns":7}],"seed_played":"7449077159155066534","potions_obtained":[{"floor":8,"key":"LiquidBronze"},{"floor":10,"key":"Strength Potion"},{"floor":24,"key":"Fire Potion"},{"floor":27,"key":"Regen Potion"},{"floor":28,"key":"SkillPotion"},{"floor":33,"key":"Fire Potion"},{"floor":42,"key":"Explosive Potion"},{"floor":46,"key":"Dexterity Potion"},{"floor":47,"key":"GamblersBrew"},{"floor":48,"key":"Strength Potion"}],"is_trial":false,"path_per_floor":["M","?","$","?","M","E","R","M","T","M","R","M","R","M","R","B",null,"M","?","M","?","$","R","E","R","T","M","M","$","M","?","R","B",null,"M","$","?","?","M","R","E","M","T","R","E","M","M","?","R","B",null],"character_chosen":"DEFECT","items_purchased":["Defragment+1","Lee\u0027s Waffle","Auto Shields","Fire Potion","Explosive Potion"],"campfire_rested":3,"item_purchase_floors":[22,22,22,36,36],"current_hp_per_floor":[68,68,68,68,68,68,68,66,66,55,55,46,46,41,41,10,59,49,49,34,17,82,82,55,55,55,38,34,34,27,27,51,76,81,81,81,81,81,76,82,54,32,32,71,51,40,21,31,73,42],"gold":319,"neow_bonus":"THREE_ENEMY_KILL","is_prod":false,"is_daily":false,"chose_seed":false,"campfire_upgraded":7,"win_rate":0,"timestamp":1546956889,"path_taken":["M","?","$","?","M","E","R","M","T","M","R","M","R","M","R","BOSS","M","?","M","?","$","R","E","R","T","M","M","?","M","?","R","BOSS","M","$","?","?","?","R","E","M","T","R","E","M","M","?","R","BOSS"],"build_version":"2019-01-03v4","purchased_purges":3,"victory":true,"max_hp_per_floor":[75,75,75,75,75,75,75,75,75,75,75,75,75,75,75,75,75,75,75,75,75,82,82,82,82,82,82,82,82,82,82,82,82,82,82,82,82,82,82,82,82,82,82,82,82,82,82,82,82,82],"card_choices":[{"not_picked":["Hologram","Redo"],"picked":"Sweeping Beam","floor":1},{"not_picked":["Cold Snap","Streamline"],"picked":"Coolheaded","floor":5},{"not_picked":["Rebound","Coolheaded"],"picked":"Cold Snap","floor":6},{"not_picked":["BootSequence","Hologram","Compile Driver"],"picked":"Consume","floor":8},{"not_picked":["Stack","Gash","Redo"],"picked":"Machine Learning+1","floor":10},{"not_picked":["Skim","BootSequence","Go for the Eyes"],"picked":"Conserve Battery","floor":12},{"not_picked":["Barrage","Rainbow","Coolheaded"],"picked":"Go for the Eyes","floor":14},{"not_picked":["Echo Form+1","Fission","Meteor Strike"],"picked":"Electrodynamics+1","floor":16},{"not_picked":["Fusion","Barrage","Beam Cell"],"picked":"Cold Snap+1","floor":18},{"not_picked":["Aggregate","Sweeping Beam","Conserve Battery","Rip and Tear"],"picked":"SKIP","floor":20},{"not_picked":["Steam","Rebound","Leap"],"picked":"Thunder Strike","floor":24},{"not_picked":["Barrage+1","Gash","Steam"],"picked":"Undo","floor":27},{"not_picked":["Barrage","Beam Cell+1","Sweeping Beam"],"picked":"Self Repair+1","floor":28},{"not_picked":["Gash","Redo","Streamline+1"],"picked":"Double Energy","floor":30},{"not_picked":["Meteor Strike","Reboot","Machine Learning+1"],"picked":"Creative AI+1","floor":33},{"not_picked":["Sweeping Beam+1","Loop+1","Conserve Battery+1"],"picked":"Capacitor+1","floor":35},{"not_picked":["Swift Strike","Panache+1","Purity"],"picked":"Forethought","floor":37},{"not_picked":["Go for the Eyes","Leap+1","BootSequence"],"picked":"Redo","floor":39},{"not_picked":["Hello World+1","Skim+1","Stack","Capacitor+1"],"picked":"SKIP","floor":41},{"not_picked":["Rip and Tear","Static Discharge+1","Go for the Eyes+1"],"picked":"Defragment+1","floor":42},{"not_picked":["Double Energy","Hello World+1","Conserve Battery"],"picked":"Loop+1","floor":45},{"not_picked":["Sweeping Beam","Cold Snap","Gash","Coolheaded"],"picked":"SKIP","floor":46},{"not_picked":["Fission","Beam Cell","Rebound","Compile Driver+1"],"picked":"SKIP","floor":47},{"not_picked":["Double Energy","Sweeping Beam","Rip and Tear"],"picked":"Hologram+1","floor":48}],"player_experience":326206,"relics_obtained":[{"floor":6,"key":"Question Card"},{"floor":9,"key":"Frozen Egg 2"},{"floor":24,"key":"Gremlin Horn"},{"floor":26,"key":"Darkstone Periapt"},{"floor":41,"key":"Kunai"},{"floor":43,"key":"Potion Belt"},{"floor":45,"key":"Centennial Puzzle"},{"floor":48,"key":"Pocketwatch"}],"event_choices":[{"damage_healed":0,"gold_gain":0,"cards_transformed":["Strike_B"],"player_choice":"Change","damage_taken":0,"max_hp_gain":0,"max_hp_loss":0,"event_name":"Living Wall","floor":2,"gold_loss":0,"cards_obtained":["Loop"]},{"damage_healed":0,"gold_gain":175,"player_choice":"AGREE","damage_taken":0,"max_hp_gain":0,"max_hp_loss":0,"event_name":"Liars Game","floor":4,"gold_loss":0,"cards_obtained":["Doubt"]},{"damage_healed":0,"gold_gain":99,"player_choice":"Stole From Cult","damage_taken":0,"max_hp_gain":0,"max_hp_loss":0,"event_name":"Nest","floor":19,"gold_loss":0},{"damage_healed":0,"gold_gain":0,"player_choice":"Fight","damage_taken":0,"max_hp_gain":0,"max_hp_loss":0,"event_name":"Colosseum","floor":21,"gold_loss":0},{"damage_healed":0,"gold_gain":0,"player_choice":"Fled From Nobs","damage_taken":0,"max_hp_gain":0,"max_hp_loss":0,"event_name":"Colosseum","floor":21,"gold_loss":0},{"damage_healed":0,"gold_gain":0,"player_choice":"Ignored","damage_taken":0,"max_hp_gain":0,"max_hp_loss":0,"event_name":"Beggar","floor":31,"gold_loss":0},{"damage_healed":0,"gold_gain":0,"player_choice":"Memory 1","damage_taken":0,"max_hp_gain":0,"max_hp_loss":0,"event_name":"SensoryStone","floor":37,"gold_loss":0},{"damage_healed":0,"gold_gain":0,"player_choice":"Upgraded","damage_taken":0,"max_hp_gain":0,"max_hp_loss":0,"event_name":"Upgrade Shrine","floor":38,"gold_loss":0,"cards_upgraded":["Forethought"]},{"damage_healed":0,"gold_gain":0,"player_choice":"Fight","damage_taken":0,"max_hp_gain":0,"max_hp_loss":0,"event_name":"MindBloom","floor":48,"gold_loss":0}],"is_beta":false,"boss_relics":[{"not_picked":["Philosopher\u0027s Stone","Astrolabe"],"picked":"Nuclear Battery"},{"not_picked":["Black Star","Empty Cage"],"picked":"Eternal Feather"}],"items_purged_floors":[3,22,29],"is_endless":false,"potions_floor_spawned":[8,10,24,27,28,33,42,46,47,48],"ascension_level":6}