{"gold_per_floor":[114,114,131,2,2,30,48,83,108,138,92,92,92,105,105,183,183,198,198],"floor_reached":19,"playtime":1096,"items_purged":["Regret"],"score":378,"play_id":"91315b77-2a68-4961-a925-113ef63b9270","local_time":"20190519073248","is_ascension_mode":true,"campfire_choices":[{"floor":12,"key":"REST"},{"floor":15,"key":"REST"}],"neow_cost":"NONE","seed_source_timestamp":73761356460265,"circlet_count":0,"master_deck":["AscendersBane","Strike_R","Strike_R","Strike_R","Strike_R","Strike_R","Defend_R","Defend_R","Defend_R","Defend_R","Bash","Armaments","Flex","Headbutt","Impervious","Battle Trance","Rage","Cleave","Demon Form","Inflame","Shockwave","Demon Form","Headbutt"],"relics":["Burning Blood","NeowsBlessing","Pen Nib","Dream Catcher","Bottled Flame","Oddly Smooth Stone","Darkstone Periapt","Eternal Feather"],"potions_floor_usage":[10,16,18],"damage_taken":[{"damage":0,"enemies":"Cultist","floor":1,"turns":1},{"damage":0,"enemies":"Jaw Worm","floor":3,"turns":1},{"damage":0,"enemies":"Lagavulin","floor":6,"turns":1},{"damage":5,"enemies":"Small Slimes","floor":7,"turns":3},{"damage":40,"enemies":"Gremlin Nob","floor":8,"turns":5},{"damage":10,"enemies":"3 Sentries","floor":10,"turns":6},{"damage":3,"enemies":"Blue Slaver","floor":14,"turns":3},{"damage":25,"enemies":"The Guardian","floor":16,"turns":11},{"damage":37,"enemies":"Spheric Guardian","floor":18,"turns":7},{"damage":55,"enemies":"Chosen","floor":19,"turns":6}],"seed_played":"8921362428951741911","potions_obtained":[{"floor":7,"key":"SpeedPotion"},{"floor":8,"key":"SkillPotion"},{"floor":10,"key":"BloodPotion"},{"floor":16,"key":"Dexterity Potion"},{"floor":18,"key":"Ancient Potion"}],"is_trial":false,"path_per_floor":["M","?","M","$","?","E","M","E","T","E","?","R","$","M","R","B",null,"M","M"],"character_chosen":"IRONCLAD","items_purchased":["Headbutt"],"campfire_rested":2,"item_purchase_floors":[4],"current_hp_per_floor":[74,74,75,75,75,75,75,41,41,37,37,59,59,62,75,56,70,46,0],"gold":198,"neow_bonus":"THREE_ENEMY_KILL","is_prod":false,"is_daily":false,"chose_seed":false,"campfire_upgraded":0,"win_rate":0,"timestamp":1558240368,"path_taken":["M","?","M","$","?","E","M","E","T","E","?","R","?","M","R","BOSS","M","M"],"build_version":"2019-01-23","purchased_purges":1,"victory":false,"max_hp_per_floor":[75,75,75,75,75,75,75,75,75,75,75,75,75,75,75,75,75,75,75],"card_choices":[{"not_picked":["Power Through","Body Slam"],"picked":"Armaments","floor":1},{"not_picked":["Twin Strike","Thunderclap"],"picked":"Flex","floor":3},{"not_picked":["Dropkick","Rampage"],"picked":"Impervious","floor":6},{"not_picked":["Havoc","Uppercut"],"picked":"Battle Trance","floor":7},{"not_picked":["Clothesline","Flex"],"picked":"Rage","floor":8},{"not_picked":["Havoc","Twin Strike"],"picked":"Cleave","floor":10},{"not_picked":["Anger","True Grit"],"picked":"Demon Form","floor":12},{"not_picked":["Clash","Entrench"],"picked":"Inflame","floor":14},{"not_picked":["Iron Wave","Uppercut"],"picked":"Shockwave","floor":15},{"not_picked":["Fiend Fire","Impervious"],"picked":"Demon Form","floor":16},{"not_picked":["True Grit+1","Havoc"],"picked":"Headbutt","floor":18}],"player_experience":1366914,"relics_obtained":[{"floor":6,"key":"Dream Catcher"},{"floor":8,"key":"Bottled Flame"},{"floor":9,"key":"Oddly Smooth Stone"},{"floor":10,"key":"Darkstone Periapt"}],"event_choices":[{"damage_healed":0,"gold_gain":0,"player_choice":"Box","damage_taken":0,"relics_obtained":["Pen Nib"],"max_hp_gain":0,"max_hp_loss":0,"event_name":"Big Fish","floor":2,"gold_loss":0,"cards_obtained":["Regret"]},{"damage_healed":0,"gold_gain":0,"player_choice":"Ignored","damage_taken":0,"max_hp_gain":0,"max_hp_loss":0,"event_name":"Golden Wing","floor":5,"gold_loss":0},{"damage_healed":0,"gold_gain":0,"player_choice":"Left Gold","damage_taken":0,"max_hp_gain":0,"max_hp_loss":0,"event_name":"World of Goop","floor":11,"gold_loss":46}],"is_beta":false,"boss_relics":[{"not_picked":["Ectoplasm","Cursed Key"],"picked":"Eternal Feather"}],"items_purged_floors":[4],"is_endless":false,"potions_floor_spawned":[7,8,10,16,18],"killed_by":"Chosen","ascension_level":16}