{"gold_per_floor":[110,129,129,204,222,222,297,297,369,381,399,411,411],"floor_reached":13,"playtime":481,"items_purged":[],"score":89,"play_id":"d3eec3ed-5e02-42c2-ac48-75ddee68c399","local_time":"20181229155351","is_ascension_mode":true,"campfire_choices":[{"data":"Madness","floor":6,"key":"SMITH"},{"data":"Zap","floor":8,"key":"SMITH"}],"neow_cost":"NONE","seed_source_timestamp":585163238335959,"circlet_count":0,"master_deck":["Strike_B","Strike_B","Strike_B","Defend_B","Defend_B","Defend_B","Defend_B","Zap+1","Dualcast","Madness+1","Conserve Battery","Turbo","Creative AI","Leap","Loop","Glacier","Ball Lightning"],"relics":["Cracked Core","Bottled Lightning"],"potions_floor_usage":[12,12],"damage_taken":[{"damage":10,"enemies":"2 Louse","floor":1,"turns":2},{"damage":1,"enemies":"Cultist","floor":2,"turns":4},{"damage":8,"enemies":"Small Slimes","floor":5,"turns":5},{"damage":2,"enemies":"3 Louse","floor":10,"turns":4},{"damage":25,"enemies":"Exordium Wildlife","floor":11,"turns":5},{"damage":0,"enemies":"Blue Slaver","floor":12,"turns":2},{"damage":22,"enemies":"Large Slime","floor":13,"turns":5}],"seed_played":"-2442076794270334147","potions_obtained":[{"floor":2,"key":"SteroidPotion"},{"floor":5,"key":"Dexterity Potion"}],"is_trial":false,"path_per_floor":["M","M","?","?","M","R","?","R","T","M","M","M","M"],"character_chosen":"DEFECT","items_purchased":[],"campfire_rested":0,"item_purchase_floors":[],"current_hp_per_floor":[65,64,64,57,49,49,38,38,38,36,11,11,0],"gold":411,"neow_bonus":"RANDOM_COLORLESS","is_prod":false,"is_daily":false,"chose_seed":false,"campfire_upgraded":2,"win_rate":0,"timestamp":1546066431,"path_taken":["M","M","?","?","?","R","?","R","T","M","M","M","M"],"build_version":"2018-12-20","purchased_purges":0,"victory":false,"max_hp_per_floor":[75,75,75,75,75,75,75,75,75,75,75,75,75],"card_choices":[{"not_picked":["BootSequence","Lockon"],"picked":"Conserve Battery","floor":1},{"not_picked":["Go for the Eyes","Steam"],"picked":"Turbo","floor":2},{"not_picked":["Turbo","Rip and Tear"],"picked":"Leap","floor":5},{"not_picked":["Rip and Tear","Stack"],"picked":"Loop","floor":10},{"not_picked":["Hologram","Coolheaded"],"picked":"Glacier","floor":11},{"not_picked":["Turbo","Streamline"],"picked":"Ball Lightning","floor":12}],"player_experience":238975,"relics_obtained":[{"floor":9,"key":"Bottled Lightning"}],"event_choices":[{"damage_healed":0,"gold_gain":0,"cards_transformed":["Strike_B"],"player_choice":"Change","damage_taken":0,"max_hp_gain":0,"max_hp_loss":0,"event_name":"Living Wall","floor":3,"gold_loss":0,"cards_obtained":["Creative AI"]},{"damage_healed":0,"gold_gain":75,"player_choice":"Touch","damage_taken":7,"max_hp_gain":0,"max_hp_loss":0,"event_name":"FaceTrader","floor":4,"gold_loss":0},{"damage_healed":0,"gold_gain":75,"player_choice":"Gather Gold","damage_taken":11,"max_hp_gain":0,"max_hp_loss":0,"event_name":"World of Goop","floor":7,"gold_loss":0}],"is_beta":false,"boss_relics":[],"items_purged_floors":[],"is_endless":false,"potions_floor_spawned":[2,5],"killed_by":"Large Slime","ascension_level":3}