{"gold_per_floor":[211,286,300,300,316,316,327,327,353,364,364,9,40,5,5,107,107,117,117,117,72,92,124,124,158,207,207,220,247,247,266,266,266],"floor_reached":33,"playtime":1746,"items_purged":["Strike_R"],"score":379,"play_id":"e9cefa24-4b29-4493-912a-d5eb173eb144","local_time":"20190106145644","is_ascension_mode":true,"campfire_choices":[{"data":"Body Slam","floor":6,"key":"SMITH"},{"data":"Bash","floor":8,"key":"SMITH"},{"data":"Entrench","floor":11,"key":"SMITH"},{"data":"Body Slam","floor":15,"key":"SMITH"},{"data":"Armaments","floor":24,"key":"SMITH"},{"data":"Juggernaut","floor":27,"key":"SMITH"},{"data":"Shockwave","floor":30,"key":"SMITH"},{"floor":32,"key":"REST"}],"neow_cost":"NONE","seed_source_timestamp":1271676020848414,"circlet_count":0,"master_deck":["Strike_R","Strike_R","Defend_R","Defend_R","Defend_R","Bash+1","Inflame","Body Slam+1","Clothesline+1","Shrug It Off","Entrench+1","Finesse","Secret Technique","Body Slam+1","Feed+1","Bloodletting","Reaper","Armaments+1","Bloodletting+1","Body Slam+1","Juggernaut+1","Shockwave+1"],"relics":["Burning Blood","Anchor","Lantern","White Beast Statue","Whetstone","Darkstone Periapt","Red Mask"],"potions_floor_usage":[13,16,22,23,23,25,28,29,33,33],"damage_taken":[{"damage":3,"enemies":"2 Louse","floor":1,"turns":3},{"damage":6,"enemies":"Cultist","floor":3,"turns":3},{"damage":16,"enemies":"Jaw Worm","floor":5,"turns":4},{"damage":24,"enemies":"Large Slime","floor":7,"turns":6},{"damage":7,"enemies":"2 Fungi Beasts","floor":10,"turns":4},{"damage":10,"enemies":"Gremlin Nob","floor":13,"turns":4},{"damage":18,"enemies":"Hexaghost","floor":16,"turns":9},{"damage":9,"enemies":"Shell Parasite","floor":18,"turns":7},{"damage":15,"enemies":"Chosen","floor":22,"turns":6},{"damage":14,"enemies":"Gremlin Leader","floor":23,"turns":5},{"damage":55,"enemies":"Slavers","floor":25,"turns":8},{"damage":10,"enemies":"Centurion and Healer","floor":28,"turns":4},{"damage":22,"enemies":"Masked Bandits","floor":29,"turns":5},{"damage":24,"enemies":"Sentry and Sphere","floor":31,"turns":5},{"damage":125,"enemies":"Collector","floor":33,"turns":7}],"seed_played":"-7033716659147698182","potions_obtained":[{"floor":5,"key":"PowerPotion"},{"floor":7,"key":"Dexterity Potion"},{"floor":13,"key":"Swift Potion"},{"floor":16,"key":"SkillPotion"},{"floor":18,"key":"SpeedPotion"},{"floor":22,"key":"Strength Potion"},{"floor":23,"key":"Block Potion"},{"floor":25,"key":"Block Potion"},{"floor":28,"key":"FearPotion"},{"floor":29,"key":"SteroidPotion"},{"floor":31,"key":"Regen Potion"}],"is_trial":false,"path_per_floor":["M","?","M","?","M","R","M","R","T","M","R","$","E","?","R","B",null,"M","?","?","$","M","E","R","E","T","R","M","?","R","M","R","B"],"character_chosen":"IRONCLAD","items_purchased":["Finesse","Secret Technique","Armaments"],"campfire_rested":1,"item_purchase_floors":[12,12,21],"current_hp_per_floor":[80,72,72,65,55,55,37,37,37,36,36,36,32,52,52,40,70,70,70,70,70,70,78,78,48,48,48,63,51,51,37,67,0],"gold":266,"neow_bonus":"HUNDRED_GOLD","is_prod":false,"is_daily":false,"chose_seed":false,"campfire_upgraded":7,"win_rate":0,"timestamp":1546754204,"path_taken":["M","?","?","?","M","R","M","R","T","M","R","$","E","?","R","BOSS","M","?","?","$","M","E","R","E","T","R","M","?","R","M","R","BOSS"],"build_version":"2019-01-03v4","purchased_purges":1,"victory":false,"max_hp_per_floor":[80,80,80,80,80,80,80,80,80,80,80,80,80,80,80,80,80,83,83,83,83,86,86,86,90,90,90,94,98,98,102,102,102],"card_choices":[{"not_picked":["Havoc","Warcry"],"picked":"Inflame","floor":1},{"not_picked":["Headbutt","Iron Wave"],"picked":"Body Slam","floor":3},{"not_picked":["Anger","Pummel"],"picked":"Clothesline","floor":5},{"not_picked":["Heavy Blade","Body Slam"],"picked":"Shrug It Off","floor":7},{"not_picked":["Infernal Blade","Disarm"],"picked":"Entrench","floor":10},{"not_picked":["Warcry","Spot Weakness"],"picked":"Body Slam","floor":13},{"not_picked":["Demon Form","Dark Embrace"],"picked":"Feed","floor":16},{"not_picked":["Heavy Blade","Sword Boomerang","Sever Soul"],"picked":"SKIP","floor":18},{"not_picked":["Heavy Blade","Flex"],"picked":"Bloodletting+1","floor":22},{"not_picked":["Warcry","Pommel Strike"],"picked":"Body Slam+1","floor":23},{"not_picked":["Sword Boomerang+1","Infernal Blade"],"picked":"Juggernaut","floor":25},{"not_picked":["Wild Strike","Perfected Strike","Thunderclap"],"picked":"SKIP","floor":28},{"not_picked":["Spot Weakness","Headbutt"],"picked":"Shockwave","floor":29},{"not_picked":["Whirlwind","Anger","Havoc"],"picked":"SKIP","floor":31}],"player_experience":320003,"relics_obtained":[{"floor":9,"key":"Anchor"},{"floor":13,"key":"Lantern"},{"floor":23,"key":"Whetstone"},{"floor":25,"key":"Darkstone Periapt"},{"floor":29,"key":"Red Mask"}],"event_choices":[{"damage_healed":0,"gold_gain":75,"player_choice":"Touch","damage_taken":8,"max_hp_gain":0,"max_hp_loss":0,"event_name":"FaceTrader","floor":2,"gold_loss":0},{"cards_removed":["Strike_R"],"damage_healed":0,"gold_gain":0,"player_choice":"Card Removal","damage_taken":7,"max_hp_gain":0,"max_hp_loss":0,"event_name":"Golden Wing","floor":4,"gold_loss":0},{"damage_healed":20,"gold_gain":0,"player_choice":"Healed","damage_taken":0,"max_hp_gain":0,"max_hp_loss":0,"event_name":"The Cleric","floor":14,"gold_loss":35},{"damage_healed":0,"gold_gain":0,"cards_transformed":["Strike_R","Defend_R"],"player_choice":"Became Test Subject","damage_taken":0,"max_hp_gain":0,"max_hp_loss":0,"event_name":"Drug Dealer","floor":19,"gold_loss":0,"cards_obtained":["Bloodletting","Reaper"]},{"damage_healed":0,"gold_gain":0,"player_choice":"Ignored","damage_taken":0,"max_hp_gain":0,"max_hp_loss":0,"event_name":"Ghosts","floor":20,"gold_loss":0},{"damage_healed":0,"gold_gain":0,"player_choice":"Fought Bandits","damage_taken":0,"max_hp_gain":0,"max_hp_loss":0,"event_name":"Masked Bandits","floor":29,"gold_loss":0}],"is_beta":false,"boss_relics":[{"not_picked":["Ectoplasm","Fusion Hammer"],"picked":"White Beast Statue"}],"items_purged_floors":[12],"is_endless":false,"potions_floor_spawned":[5,7,13,16,18,22,23,25,28,29,31],"killed_by":"Collector","ascension_level":5}