{"gold_per_floor":[119,119,130,19,36,36,71,81,108,108,127,156,167,229,229,331,331,341,360,360,360,360,360,48,48,116,149,167,167,13,28,28,124,124,137,137,150,250,250,250,250,250,274,294,308,343,362,20,20,20],"floor_reached":51,"playtime":3703,"items_purged":["Strike_B","Defend_B"],"score":934,"play_id":"05d59b95-c841-4fb0-9329-ec0c9927e2d5","local_time":"20190118223158","is_ascension_mode":true,"campfire_choices":[{"data":"Zap","floor":6.0,"key":"SMITH"},{"data":"Dualcast","floor":10.0,"key":"SMITH"},{"data":"White Noise","floor":15.0,"key":"SMITH"},{"data":"Creative AI","floor":23.0,"key":"SMITH"},{"data":"Double Energy","floor":25.0,"key":"SMITH"},{"data":"Coolheaded","floor":29.0,"key":"SMITH"},{"data":"Loop","floor":32.0,"key":"SMITH"},{"data":"Go for the Eyes","floor":40.0,"key":"SMITH"},{"data":"Beam Cell","floor":42.0,"key":"SMITH"},{"floor":49,"key":"REST"}],"neow_cost":"NONE","seed_source_timestamp":715757740857019,"circlet_count":0,"master_deck":["Defend_B","Defend_B","Zap+1","Dualcast+1","Beam Cell+1","Coolheaded+1","Self Repair","Leap","Go for the Eyes+1","White Noise+1","Sweeping Beam","Auto Shields","Glacier","Creative AI+1","Recycle+1","Aggregate+1","Cold Snap+1","Meteor Strike","Double Energy+1","Loop+1","Coolheaded+1","FTL+1","Defragment"],"special_seed":0,"relics":["Cracked Core","Anchor","Regal Pillow","Strawberry","Tiny Chest","Astrolabe","Mercury Hourglass","Mummified Hand","Pocketwatch","Ancient Tea Set","Inserter","Thread and Needle","Art of War","Juzu Bracelet","Pen Nib","Bird Faced Urn"],"potions_floor_usage":[47,50,50],"damage_taken":[{"damage":1.0,"enemies":"Cultist","floor":1.0,"turns":3.0},{"damage":8.0,"enemies":"Small Slimes","floor":3.0,"turns":3.0},{"damage":0.0,"enemies":"Jaw Worm","floor":5.0,"turns":4.0},{"damage":9.0,"enemies":"Lagavulin","floor":7.0,"turns":8.0},{"damage":2.0,"enemies":"Exordium Wildlife","floor":8.0,"turns":4.0},{"damage":0.0,"enemies":"Blue Slaver","floor":11.0,"turns":3.0},{"damage":27.0,"enemies":"Gremlin Nob","floor":12.0,"turns":5.0},{"damage":0.0,"enemies":"Looter","floor":13.0,"turns":3.0},{"damage":11.0,"enemies":"Lagavulin","floor":14.0,"turns":7.0},{"damage":27.0,"enemies":"Hexaghost","floor":16.0,"turns":11.0},{"damage":10.0,"enemies":"Spheric Guardian","floor":18.0,"turns":10.0},{"damage":14.0,"enemies":"3 Byrds","floor":19.0,"turns":8.0},{"damage":0.0,"enemies":"3 Cultists","floor":21.0,"turns":1.0},{"damage":31.0,"enemies":"Slavers","floor":27.0,"turns":8.0},{"damage":7.0,"enemies":"Snake Plant","floor":28.0,"turns":4.0},{"damage":24.0,"enemies":"Centurion and Healer","floor":31.0,"turns":6.0},{"damage":28.0,"enemies":"Automaton","floor":33.0,"turns":9.0},{"damage":24.0,"enemies":"3 Darklings","floor":35.0,"turns":5.0},{"damage":0.0,"enemies":"Orb Walker","floor":37.0,"turns":5.0},{"damage":0.0,"enemies":"Mind Bloom Boss Battle","floor":38.0,"turns":8.0},{"damage":7.0,"enemies":"Sphere and 2 Shapes","floor":44.0,"turns":7.0},{"damage":0.0,"enemies":"4 Shapes","floor":45.0,"turns":8.0},{"damage":26.0,"enemies":"Reptomancer","floor":46.0,"turns":7.0},{"damage":15,"enemies":"Jaw Worm Horde","floor":47,"turns":4},{"damage":71,"enemies":"Time Eater","floor":50,"turns":13}],"seed_played":"5682738470924163473","potions_obtained":[{"floor":3.0,"key":"Fire Potion"},{"floor":5.0,"key":"LiquidBronze"},{"floor":8.0,"key":"SmokeBomb"},{"floor":12.0,"key":"Strength Potion"},{"floor":16.0,"key":"Ancient Potion"},{"floor":28.0,"key":"Regen Potion"},{"floor":35.0,"key":"Ancient Potion"},{"floor":44.0,"key":"SpeedPotion"},{"floor":45.0,"key":"AttackPotion"},{"floor":46.0,"key":"Strength Potion"}],"is_trial":false,"path_per_floor":["M","?","M","$","M","R","E","M","T","R","M","E","M","E","R","B",null,"M","M","?","M","T","R","$","R","T","E","M","R","$","M","R","B",null,"M","?","M","?","?","R","?","R","T","M","M","E","M","$","R","B",null],"character_chosen":"DEFECT","items_purchased":["Self Repair","Meteor Strike","Double Energy","Regen Potion","Ancient Tea Set","Bird Faced Urn","Block Potion"],"campfire_rested":1,"item_purchase_floors":[4,24,24,24,30,48,48],"current_hp_per_floor":[67,67,59,59,66,66,64,69,69,69,75,62,69,65,65,45,73,70,63,63,63,63,63,63,63,63,54,54,54,54,51,51,30,69,52,52,59,66,66,66,66,66,66,66,73,54,46,46,82,40],"gold":20,"neow_bonus":"REMOVE_CARD","is_prod":false,"is_daily":false,"chose_seed":false,"campfire_upgraded":9,"win_rate":0,"timestamp":1547818318,"path_taken":["M","?","?","$","M","R","E","M","T","R","M","E","M","E","R","BOSS","M","M","?","M","?","R","$","R","T","E","M","R","?","M","R","BOSS","M","?","M","?","?","R","?","R","T","M","M","E","M","$","R","BOSS"],"build_version":"2019-01-17v2","purchased_purges":2,"victory":true,"max_hp_per_floor":[75,75,75,75,75,75,75,75,75,75,75,82,82,82,82,82,82,82,82,82,82,82,82,82,82,82,82,82,82,82,82,82,82,82,82,82,82,82,82,82,82,82,82,82,82,82,82,82,82,82],"card_choices":[{"not_picked":["Skim","Hologram"],"picked":"Beam Cell","floor":1.0},{"not_picked":["Steam","Hologram"],"picked":"Coolheaded","floor":3.0},{"not_picked":["Barrage","Reprogram"],"picked":"Leap","floor":5.0},{"not_picked":["Storm","Gash"],"picked":"Go for the Eyes","floor":7.0},{"not_picked":["Rip and Tear","Steam","Reinforced Body"],"picked":"SKIP","floor":8.0},{"not_picked":["Redo","Compile Driver"],"picked":"White Noise","floor":11.0},{"not_picked":["Steam","Undo"],"picked":"Sweeping Beam","floor":12.0},{"not_picked":["Capacitor","Turbo"],"picked":"Auto Shields","floor":13.0},{"not_picked":["Core Surge","Gash"],"picked":"Glacier","floor":14.0},{"not_picked":["Thunder Strike","Buffer"],"picked":"Creative AI","floor":16.0},{"not_picked":["Sweeping Beam","Capacitor","Steam"],"picked":"SKIP","floor":18.0},{"not_picked":["Static Discharge+1","Compile Driver"],"picked":"Beam Cell+1","floor":19.0},{"not_picked":["Go for the Eyes","Tempest","Compile Driver"],"picked":"SKIP","floor":27.0},{"not_picked":["Gash","Steam","Capacitor"],"picked":"SKIP","floor":28.0},{"not_picked":["Doom and Gloom","Gash"],"picked":"Loop","floor":31.0},{"not_picked":["Static Discharge+1","Turbo+1"],"picked":"Coolheaded+1","floor":35.0},{"not_picked":["Ball Lightning","BootSequence","Conserve Battery+1"],"picked":"SKIP","floor":37.0},{"not_picked":["Go for the Eyes+1","Amplify"],"picked":"FTL+1","floor":44.0},{"not_picked":["Turbo+1","Go for the Eyes+1","Compile Driver"],"picked":"SKIP","floor":45.0},{"not_picked":["Thunder Strike","Cold Snap","Scrape"],"picked":"SKIP","floor":46.0},{"not_picked":["BootSequence+1","Tempest+1"],"picked":"Defragment","floor":47}],"player_experience":391646,"relics_obtained":[{"floor":7.0,"key":"Anchor"},{"floor":9.0,"key":"Regal Pillow"},{"floor":12.0,"key":"Strawberry"},{"floor":14.0,"key":"Tiny Chest"},{"floor":22.0,"key":"Mercury Hourglass"},{"floor":26.0,"key":"Mummified Hand"},{"floor":27.0,"key":"Pocketwatch"},{"floor":38.0,"key":"Thread and Needle"},{"floor":43.0,"key":"Juzu Bracelet"},{"floor":46.0,"key":"Pen Nib"}],"event_choices":[{"damage_healed":0.0,"max_hp_gain":0.0,"max_hp_loss":0.0,"gold_gain":0.0,"event_name":"The Woman in Blue","player_choice":"Bought 0 Potions","floor":2.0,"gold_loss":0.0,"damage_taken":0.0},{"damage_healed":0.0,"max_hp_gain":0.0,"max_hp_loss":0.0,"gold_gain":0.0,"event_name":"Ghosts","player_choice":"Ignored","floor":20.0,"gold_loss":0.0,"damage_taken":0.0},{"cards_removed":["Beam Cell"],"damage_healed":0.0,"max_hp_gain":0.0,"max_hp_loss":0.0,"gold_gain":0.0,"event_name":"Falling","player_choice":"Removed Attack","floor":36.0,"gold_loss":0.0,"damage_taken":0.0},{"damage_healed":0.0,"max_hp_gain":0.0,"max_hp_loss":0.0,"gold_gain":0.0,"event_name":"MindBloom","player_choice":"Fight","floor":38.0,"gold_loss":0.0,"damage_taken":0.0},{"damage_healed":0.0,"max_hp_gain":0.0,"max_hp_loss":0.0,"gold_gain":0.0,"event_name":"Tomb of Lord Red Mask","player_choice":"Ignored","floor":39.0,"gold_loss":0.0,"damage_taken":0.0},{"damage_healed":0.0,"max_hp_gain":0.0,"max_hp_loss":0.0,"gold_gain":0.0,"event_name":"WeMeetAgain","player_choice":"Gave Potion","floor":41.0,"gold_loss":0.0,"damage_taken":0.0,"relics_obtained":["Art of War"]}],"is_beta":false,"boss_relics":[{"not_picked":["Eternal Feather","FrozenCore"],"picked":"Astrolabe"},{"not_picked":["Pandora\u0027s Box","Calling Bell"],"picked":"Inserter"}],"items_purged_floors":[4,24],"is_endless":false,"potions_floor_spawned":[3,5,8,12,14,16,28,35,44,45,46],"ascension_level":8}