{"gold_per_floor":[218,50,225,225,244,244,269,285,285,303,331,407,407,79,79,179,179,192,107,58,58,58,58,49,49,99,99,126,126,138,152,152,152],"floor_reached":33,"playtime":2405,"items_purged":["Strike_G","Doubt"],"score":271,"play_id":"a3f61333-29a9-4e3a-8c26-99b31055fd3a","local_time":"20181210005118","is_ascension_mode":false,"campfire_choices":[{"data":"Riddle With Holes","floor":6,"key":"SMITH"},{"floor":13,"key":"REST"},{"data":"Leg Sweep","floor":15,"key":"SMITH"},{"data":"Neutralize","floor":23,"key":"SMITH"},{"data":"Quick Slash","floor":27,"key":"SMITH"},{"floor":29,"key":"REST"},{"floor":32,"key":"REST"}],"neow_cost":"NONE","seed_source_timestamp":642949511531953,"circlet_count":0,"master_deck":["Defend_G","Defend_G","Defend_G","Defend_G","Strike_G","Strike_G","Strike_G","Survivor","Neutralize+1","Riddle With Holes+1","Flash of Steel","Prepared","Quick Slash+1","Escape Plan","Flying Knee","Slice","Leg Sweep+1","Burst","Dash+1","Deflect+1","Outmaneuver+1","Terror+1","Deflect+1","Outmaneuver+1"],"relics":["Ring of the Snake","Thread and Needle","Letter Opener","Unceasing Top","Darkstone Periapt","Oddly Smooth Stone","Empty Cage","Toxic Egg 2","Gambling Chip","Bronze Scales","Smiling Mask","PreservedInsect"],"potions_floor_usage":[16,16,16],"damage_taken":[{"damage":1,"enemies":"Small Slimes","floor":1,"turns":4},{"damage":3,"enemies":"Jaw Worm","floor":5,"turns":3},{"damage":30,"enemies":"Lagavulin","floor":7,"turns":9},{"damage":0,"enemies":"2 Louse","floor":8,"turns":3},{"damage":6,"enemies":"2 Fungi Beasts","floor":10,"turns":3},{"damage":25,"enemies":"3 Sentries","floor":11,"turns":8},{"damage":11,"enemies":"The Guardian","floor":16,"turns":18},{"damage":9,"enemies":"3 Byrds","floor":18,"turns":6},{"damage":0,"enemies":"2 Thieves","floor":24,"turns":4},{"damage":36,"enemies":"Slavers","floor":28,"turns":6},{"damage":8,"enemies":"Chosen and Byrds","floor":30,"turns":6},{"damage":0,"enemies":"Centurion and Healer","floor":31,"turns":6},{"damage":82,"enemies":"Champ","floor":33,"turns":15}],"seed_played":"614301883203250731","potions_obtained":[{"floor":1,"key":"GhostInAJar"},{"floor":7,"key":"Poison Potion"},{"floor":11,"key":"Weak Potion"},{"floor":24,"key":"Swift Potion"}],"is_trial":false,"path_per_floor":["M","$","?","?","M","R","E","M","T","M","E","T","R","$","R","B",null,"M","?","$","?","?","R","M","?","T","R","E","R","M","M","R","B"],"character_chosen":"THE_SILENT","items_purchased":["Flash of Steel","Leg Sweep","Oddly Smooth Stone","Deflect+1"],"campfire_rested":3,"item_purchase_floors":[2,14,14,20],"current_hp_per_floor":[69,69,69,74,71,71,41,41,41,35,10,10,32,32,32,21,75,66,66,66,66,66,66,66,66,66,66,30,52,44,44,66,0],"gold":152,"neow_bonus":"HUNDRED_GOLD","is_prod":false,"is_daily":false,"chose_seed":false,"campfire_upgraded":4,"win_rate":0,"timestamp":1544370678,"path_taken":["M","$","?","?","M","R","E","M","T","M","E","?","R","$","R","BOSS","M","?","$","?","?","R","?","?","T","R","E","R","M","M","R","BOSS"],"build_version":"2018-12-06","purchased_purges":2,"victory":false,"max_hp_per_floor":[70,70,70,75,75,75,75,75,75,75,75,75,75,75,75,75,75,75,75,75,75,75,75,75,75,75,75,75,75,75,75,75,75],"card_choices":[{"not_picked":["Blur","Terror"],"picked":"Riddle With Holes","floor":1},{"not_picked":["PiercingWail","Bane"],"picked":"Prepared","floor":5},{"not_picked":["Infinite Blades","Flechettes"],"picked":"Quick Slash","floor":7},{"not_picked":["Blur","Masterful Stab"],"picked":"Escape Plan","floor":8},{"not_picked":["Well Laid Plans","Footwork"],"picked":"Flying Knee","floor":10},{"not_picked":["Dagger Throw","Bane"],"picked":"Slice","floor":11},{"not_picked":["Glass Knife","Storm of Steel"],"picked":"Burst","floor":16},{"not_picked":["Heel Hook","Backflip"],"picked":"Dash+1","floor":18},{"not_picked":["Deadly Poison+1","Caltrops+1"],"picked":"Outmaneuver+1","floor":24},{"not_picked":["Eviscerate","A Thousand Cuts"],"picked":"Terror+1","floor":28},{"not_picked":["Cloak And Dagger+1","Skewer"],"picked":"Deflect+1","floor":30},{"not_picked":["Infinite Blades+1","All Out Attack"],"picked":"Outmaneuver+1","floor":31}],"player_experience":152948,"relics_obtained":[{"floor":7,"key":"Thread and Needle"},{"floor":9,"key":"Letter Opener"},{"floor":11,"key":"Unceasing Top"},{"floor":12,"key":"Darkstone Periapt"},{"floor":26,"key":"Smiling Mask"},{"floor":28,"key":"PreservedInsect"}],"event_choices":[{"damage_healed":0,"gold_gain":175,"player_choice":"AGREE","damage_taken":0,"max_hp_gain":0,"max_hp_loss":0,"event_name":"Liars Game","floor":3,"gold_loss":0,"cards_obtained":["Doubt"]},{"damage_healed":0,"gold_gain":0,"player_choice":"Donut","damage_taken":0,"max_hp_gain":5,"max_hp_loss":0,"event_name":"Big Fish","floor":4,"gold_loss":0},{"damage_healed":0,"gold_gain":0,"player_choice":"Obtained Relic","damage_taken":0,"relics_obtained":["Toxic Egg 2"],"max_hp_gain":0,"max_hp_loss":0,"event_name":"Addict","floor":19,"gold_loss":85},{"damage_healed":0,"gold_gain":0,"player_choice":"Opened","damage_taken":0,"relics_obtained":["Gambling Chip"],"max_hp_gain":0,"max_hp_loss":0,"event_name":"The Mausoleum","floor":21,"gold_loss":0},{"damage_healed":0,"gold_gain":0,"player_choice":"Ignored","damage_taken":0,"max_hp_gain":0,"max_hp_loss":0,"event_name":"Cursed Tome","floor":22,"gold_loss":0},{"damage_healed":0,"gold_gain":0,"player_choice":"Gave Potion","damage_taken":0,"relics_obtained":["Bronze Scales"],"max_hp_gain":0,"max_hp_loss":0,"event_name":"WeMeetAgain","floor":25,"gold_loss":0}],"is_beta":false,"boss_relics":[{"not_picked":["Tiny House","Velvet Choker"],"picked":"Empty Cage"}],"items_purged_floors":[2,14],"is_endless":false,"potions_floor_spawned":[1,7,11,24],"killed_by":"Champ","ascension_level":0}