{"gold_per_floor":[116,16,34,34,34,34,63,63,139,151,151,151,181,196,196,196],"floor_reached":16,"playtime":391,"items_purged":[],"score":246,"play_id":"96ad2285-8d39-43a9-97a7-be8db14fc655","local_time":"20190513143503","is_ascension_mode":true,"campfire_choices":[{"data":"Footwork","floor":6.0,"key":"SMITH"},{"data":"Neutralize","floor":8.0,"key":"SMITH"},{"floor":11.0,"key":"REST"},{"data":"Bullet Time","floor":15.0,"key":"SMITH"}],"neow_cost":"NONE","seed_source_timestamp":1460648382972498,"circlet_count":0,"master_deck":["AscendersBane","Defend_G","Defend_G","Defend_G+1","Defend_G","Defend_G","Strike_G+1","Strike_G","Strike_G","Strike_G","Survivor","Neutralize+1","Flying Knee","Footwork+1","PiercingWail","Flying Knee","Bullet Time+1","Dagger Spray","Dodge and Roll","Acrobatics"],"special_seed":0,"relics":["Ring of the Snake","NeowsBlessing","Letter Opener","Bronze Scales","Gremlin Horn"],"potions_floor_usage":[16],"damage_taken":[{"damage":0.0,"enemies":"2 Louse","floor":1.0,"turns":1.0},{"damage":0.0,"enemies":"Cultist","floor":3.0,"turns":1.0},{"damage":0.0,"enemies":"Lagavulin","floor":7.0,"turns":1.0},{"damage":0.0,"enemies":"Jaw Worm","floor":10.0,"turns":4.0},{"damage":16.0,"enemies":"Gremlin Nob","floor":13.0,"turns":4.0},{"damage":3.0,"enemies":"Exordium Wildlife","floor":14.0,"turns":5.0},{"damage":34,"enemies":"Slime Boss","floor":16,"turns":8}],"seed_played":"-7024238534689623692","potions_obtained":[{"floor":10.0,"key":"Explosive Potion"},{"floor":13.0,"key":"Fire Potion"}],"is_trial":false,"path_per_floor":["M","$","M","?","?","R","E","R","T","M","R","?","E","M","R","B"],"character_chosen":"THE_SILENT","items_purchased":["Footwork","PiercingWail"],"campfire_rested":1,"item_purchase_floors":[2,2],"current_hp_per_floor":[59,59,59,54,34,34,34,34,34,34,53,53,37,34,34,0],"gold":196,"neow_bonus":"THREE_ENEMY_KILL","is_prod":false,"is_daily":false,"chose_seed":false,"campfire_upgraded":3,"win_rate":0,"timestamp":1557725703,"path_taken":["M","$","M","?","?","R","E","R","T","M","R","?","E","?","R","BOSS"],"build_version":"2019-05-07","purchased_purges":0,"victory":false,"max_hp_per_floor":[66,66,66,66,66,66,66,66,66,66,66,66,66,66,66,66],"card_choices":[{"not_picked":["Bane","Crippling Poison"],"picked":"Flying Knee","floor":1.0},{"not_picked":["Dagger Throw","Underhanded Strike"],"picked":"Flying Knee","floor":3.0},{"not_picked":["Prepared","Dash"],"picked":"Bullet Time","floor":7.0},{"not_picked":["Dodge and Roll","PiercingWail"],"picked":"Dagger Spray","floor":10.0},{"not_picked":["Flechettes","Riddle With Holes"],"picked":"Dodge and Roll","floor":13.0},{"not_picked":["Bouncing Flask","Quick Slash"],"picked":"Acrobatics","floor":14.0}],"player_experience":3223834,"relics_obtained":[{"floor":7.0,"key":"Bronze Scales"},{"floor":13.0,"key":"Gremlin Horn"}],"event_choices":[{"damage_healed":0.0,"max_hp_gain":0.0,"max_hp_loss":0.0,"gold_gain":0.0,"event_name":"Scrap Ooze","player_choice":"Success","floor":4.0,"gold_loss":0.0,"damage_taken":5.0,"relics_obtained":["Letter Opener"]},{"damage_healed":0.0,"max_hp_gain":0.0,"max_hp_loss":0.0,"gold_gain":0.0,"event_name":"Shining Light","player_choice":"Entered Light","floor":5.0,"gold_loss":0.0,"damage_taken":20.0,"cards_upgraded":["Defend_G","Strike_G"]},{"cards_removed":["Strike_G"],"damage_healed":0.0,"max_hp_gain":0.0,"max_hp_loss":0.0,"gold_gain":0.0,"event_name":"Purifier","player_choice":"Purged","floor":12.0,"gold_loss":0.0,"damage_taken":0.0}],"is_beta":true,"boss_relics":[],"items_purged_floors":[],"is_endless":false,"potions_floor_spawned":[10,13],"killed_by":"Slime Boss","ascension_level":17}