{"gold_per_floor":[109,119,132,132,132,132,150,150,150,150,173,173,217,60,60,156,156,180,95,120,45,45,45,66,66],"floor_reached":25,"playtime":1367,"items_purged":[],"score":372,"play_id":"014ce5b7-caff-4ea0-99c5-4cbfbb7344e6","local_time":"20190330212419","is_ascension_mode":true,"campfire_choices":[{"data":"True Grit","floor":6.0,"key":"SMITH"},{"data":"Bash","floor":10.0,"key":"SMITH"},{"data":"True Grit","floor":12.0,"key":"SMITH"},{"data":"Evolve","floor":15.0,"key":"SMITH"},{"floor":23.0,"key":"REST"}],"neow_cost":"TEN_PERCENT_HP_LOSS","seed_source_timestamp":2665370562779416,"circlet_count":0,"master_deck":["AscendersBane","Strike_R","Strike_R","Strike_R","Defend_R","Defend_R","Defend_R","Defend_R","Bash+1","True Grit+1","Rampage","Evolve+1","True Grit+1","Power Through","Offering","Shame","Shame","Disarm","Dropkick","Dropkick+1"],"special_seed":0,"relics":["Burning Blood","Golden Idol","Ornamental Fan","Anchor","Calling Bell","Juzu Bracelet","Question Card","Torii","Smiling Mask"],"potions_floor_usage":[],"damage_taken":[{"damage":13.0,"enemies":"Small Slimes","floor":1.0,"turns":5.0},{"damage":8.0,"enemies":"Jaw Worm","floor":2.0,"turns":6.0},{"damage":6.0,"enemies":"Cultist","floor":3.0,"turns":5.0},{"damage":24.0,"enemies":"Exordium Thugs","floor":7.0,"turns":4.0},{"damage":4.0,"enemies":"3 Louse","floor":11.0,"turns":3.0},{"damage":12.0,"enemies":"3 Sentries","floor":13.0,"turns":11.0},{"damage":26.0,"enemies":"The Guardian","floor":16.0,"turns":15.0},{"damage":33.0,"enemies":"Spheric Guardian","floor":18.0,"turns":11.0},{"damage":18.0,"enemies":"Chosen","floor":20.0,"turns":8.0},{"damage":16.0,"enemies":"Snake Plant","floor":24.0,"turns":8.0},{"damage":29,"enemies":"Centurion and Healer","floor":25,"turns":6}],"seed_played":"-7973025937130507879","potions_obtained":[{"floor":1.0,"key":"Poison Potion"},{"floor":7.0,"key":"Fire Potion"},{"floor":13.0,"key":"Explosive Potion"},{"floor":18.0,"key":"Poison Potion"}],"is_trial":false,"path_per_floor":["M","M","M","?","?","R","M","$","T","R","M","R","E","$","R","B",null,"M","?","M","?","?","R","M","M"],"character_chosen":"IRONCLAD","items_purchased":["Anchor"],"campfire_rested":1,"item_purchase_floors":[14],"current_hp_per_floor":[61,59,59,59,59,59,41,41,41,41,43,43,37,37,37,17,51,24,24,12,12,12,30,20,0],"gold":66,"neow_bonus":"REMOVE_TWO","is_prod":false,"is_daily":false,"chose_seed":false,"campfire_upgraded":4,"win_rate":0,"timestamp":1553948659,"path_taken":["M","M","M","?","?","R","?","?","T","R","M","R","E","?","R","BOSS","M","?","M","?","?","R","M","M"],"build_version":"2019-03-15","purchased_purges":0,"victory":false,"max_hp_per_floor":[68,68,68,62,62,62,62,62,62,62,62,62,62,62,62,62,62,62,62,62,62,62,62,62,62],"card_choices":[{"not_picked":["Power Through","Sentinel","Perfected Strike"],"picked":"SKIP","floor":1.0},{"not_picked":["Body Slam","Bloodletting"],"picked":"True Grit","floor":2.0},{"not_picked":["Anger","Double Tap"],"picked":"Rampage","floor":3.0},{"not_picked":["Ghostly Armor","Havoc"],"picked":"Evolve","floor":7.0},{"not_picked":["Armaments","Heavy Blade"],"picked":"True Grit","floor":11.0},{"not_picked":["Metallicize","Seeing Red"],"picked":"Power Through","floor":13.0},{"not_picked":["Demon Form","Exhume"],"picked":"Offering","floor":16.0},{"not_picked":["Clash","Limit Break","Iron Wave"],"picked":"Disarm","floor":18.0},{"not_picked":["Twin Strike","Thunderclap","Havoc"],"picked":"Dropkick","floor":20.0},{"not_picked":["Rage","Corruption","Anger"],"picked":"Dropkick+1","floor":24.0}],"player_experience":2780719,"relics_obtained":[{"floor":13.0,"key":"Ornamental Fan"},{"floor":17.0,"key":"Juzu Bracelet"},{"floor":17.0,"key":"Question Card"},{"floor":17.0,"key":"Torii"}],"event_choices":[{"damage_healed":0.0,"max_hp_gain":0.0,"max_hp_loss":6.0,"gold_gain":0.0,"event_name":"Golden Idol","player_choice":"Lose Max HP","floor":4.0,"gold_loss":0.0,"damage_taken":0.0,"relics_obtained":["Golden Idol"]},{"damage_healed":0.0,"max_hp_gain":0.0,"max_hp_loss":0.0,"gold_gain":0.0,"event_name":"Match and Keep!","player_choice":"0 cards matched","floor":5.0,"gold_loss":0.0,"damage_taken":0.0,"cards_obtained":[]},{"damage_healed":0.0,"max_hp_gain":0.0,"max_hp_loss":0.0,"gold_gain":0.0,"event_name":"Addict","player_choice":"Obtained Relic","floor":19.0,"gold_loss":85.0,"damage_taken":0.0,"relics_obtained":["Smiling Mask"]},{"cards_removed":["Shame"],"damage_healed":0.0,"max_hp_gain":0.0,"max_hp_loss":0.0,"gold_gain":0.0,"event_name":"Beggar","player_choice":"Gave Gold","floor":21.0,"gold_loss":75.0,"damage_taken":0.0},{"damage_healed":0.0,"max_hp_gain":0.0,"max_hp_loss":0.0,"gold_gain":0.0,"event_name":"Vampires","player_choice":"Ignored","floor":22.0,"gold_loss":0.0,"damage_taken":0.0}],"is_beta":true,"boss_relics":[{"not_picked":["Empty Cage","Black Star"],"picked":"Calling Bell"}],"items_purged_floors":[],"is_endless":false,"potions_floor_spawned":[1,7,13,18],"killed_by":"Centurion and Healer","ascension_level":17}