{"gold_per_floor":[11,29,46,57,76,76,102,102,180,180],"floor_reached":10,"playtime":631,"items_purged":[],"score":130,"play_id":"6b1090c4-49bc-4bd5-8462-6369e3f95fdf","local_time":"20190516082431","is_ascension_mode":true,"campfire_choices":[{"data":"Footwork","floor":6,"key":"SMITH"},{"data":"Footwork","floor":8,"key":"SMITH"}],"neow_cost":"NO_GOLD","seed_source_timestamp":1697621858867977,"circlet_count":0,"master_deck":["AscendersBane","Defend_G","Defend_G","Defend_G","Defend_G","Defend_G","Strike_G","Strike_G","Strike_G","Strike_G","Strike_G","Survivor","Neutralize","Leg Sweep","Dagger Spray","Footwork+1","Bouncing Flask","Footwork+1"],"relics":["Ring of the Snake","Torii","Juzu Bracelet","Frozen Egg 2"],"potions_floor_usage":[4,7,7],"damage_taken":[{"damage":4,"enemies":"Cultist","floor":1,"turns":6},{"damage":1,"enemies":"2 Louse","floor":2,"turns":3},{"damage":1,"enemies":"Small Slimes","floor":3,"turns":6},{"damage":1,"enemies":"Exordium Wildlife","floor":4,"turns":6},{"damage":0,"enemies":"2 Fungi Beasts","floor":5,"turns":6},{"damage":18,"enemies":"3 Sentries","floor":7,"turns":13},{"damage":64,"enemies":"Gremlin Nob","floor":10,"turns":9}],"seed_played":"-5298469071709691904","potions_obtained":[{"floor":1,"key":"EssenceOfSteel"},{"floor":2,"key":"Weak Potion"},{"floor":5,"key":"SneckoOil"}],"is_trial":false,"path_per_floor":["M","M","M","M","M","R","E","R","T","E"],"character_chosen":"THE_SILENT","items_purchased":[],"campfire_rested":0,"item_purchase_floors":[],"current_hp_per_floor":[55,54,53,52,52,52,34,34,34,0],"gold":180,"neow_bonus":"ONE_RARE_RELIC","is_prod":false,"is_daily":false,"chose_seed":false,"campfire_upgraded":2,"win_rate":0,"timestamp":1557962671,"path_taken":["M","M","?","M","M","R","E","R","T","E"],"build_version":"2019-05-07","purchased_purges":0,"victory":false,"max_hp_per_floor":[66,66,66,66,66,66,66,66,66,66],"card_choices":[{"not_picked":["Infinite Blades","Flying Knee"],"picked":"Leg Sweep","floor":1},{"not_picked":["Accuracy","Prepared","Catalyst"],"picked":"SKIP","floor":2},{"not_picked":["Flechettes","Setup"],"picked":"Dagger Spray","floor":3},{"not_picked":["Dagger Spray","Cloak And Dagger"],"picked":"Footwork","floor":4},{"not_picked":["Quick Slash","Bane"],"picked":"Bouncing Flask","floor":5},{"not_picked":["Blur","All Out Attack"],"picked":"Footwork","floor":7}],"player_experience":3260737,"relics_obtained":[{"floor":7,"key":"Juzu Bracelet"},{"floor":9,"key":"Frozen Egg 2"}],"event_choices":[],"is_beta":true,"boss_relics":[],"items_purged_floors":[],"is_endless":false,"potions_floor_spawned":[1,2,5],"killed_by":"Gremlin Nob","ascension_level":17}