{"gold_per_floor":[119,138,138,148,163,188,188,217,267,286,286,65,48,83,83,188,188,203,302,227,244,257,257,284,284,362,362,143,143,143,174,174,278,278,297,312,312,341,369,381],"floor_reached":40,"playtime":2921,"items_purged":["Strike_B"],"score":719,"play_id":"6fdd9919-2224-4785-a109-4ddb885fca4d","local_time":"20190418104628","is_ascension_mode":true,"campfire_choices":[{"floor":7,"key":"REST"},{"data":"Barrage","floor":15,"key":"SMITH"},{"data":"Creative AI","floor":23,"key":"SMITH"},{"floor":25,"key":"REST"},{"data":"Defragment","floor":27,"key":"SMITH"},{"floor":30,"key":"REST"},{"data":"Loop","floor":32,"key":"SMITH"}],"neow_cost":"NONE","seed_source_timestamp":566851714765606,"circlet_count":0,"master_deck":["Strike_B","Defend_B+1","Defend_B","Defend_B","Defend_B+1","Zap","Dualcast","Defragment+1","Loop+1","Barrage+1","Reinforced Body","Hologram","BootSequence","Consume","Turbo","Coolheaded","Creative AI+1","Sweeping Beam","Redo+1","Coolheaded","Go for the Eyes","BootSequence+1","Steam+1"],"relics":["Cracked Core","War Paint","Cables","Bronze Scales","DataDisk","PreservedInsect","Orrery","Mummified Hand","Pantograph","Oddly Smooth Stone","Bag of Preparation","Potion Belt","Nuclear Battery","MawBank"],"potions_floor_usage":[8,16,24,38,40],"damage_taken":[{"damage":0,"enemies":"Small Slimes","floor":1,"turns":3},{"damage":1,"enemies":"Cultist","floor":2,"turns":3},{"damage":7,"enemies":"Jaw Worm","floor":4,"turns":3},{"damage":9,"enemies":"Exordium Wildlife","floor":5,"turns":4},{"damage":45,"enemies":"3 Sentries","floor":6,"turns":8},{"damage":2,"enemies":"Lagavulin","floor":8,"turns":7},{"damage":10,"enemies":"Large Slime","floor":10,"turns":4},{"damage":11,"enemies":"Exordium Thugs","floor":13,"turns":4},{"damage":22,"enemies":"3 Sentries","floor":14,"turns":7},{"damage":0,"enemies":"Hexaghost","floor":16,"turns":11},{"damage":15,"enemies":"3 Byrds","floor":18,"turns":3},{"damage":0,"enemies":"Chosen","floor":21,"turns":5},{"damage":18,"enemies":"Centurion and Healer","floor":22,"turns":11},{"damage":25,"enemies":"Gremlin Leader","floor":24,"turns":8},{"damage":7,"enemies":"Slavers","floor":31,"turns":4},{"damage":42,"enemies":"Automaton","floor":33,"turns":11},{"damage":19,"enemies":"3 Darklings","floor":35,"turns":7},{"damage":10,"enemies":"3 Shapes","floor":36,"turns":5},{"damage":28,"enemies":"3 Darklings","floor":38,"turns":5},{"damage":9,"enemies":"Transient","floor":39,"turns":5},{"damage":5,"enemies":"Giant Head","floor":40,"turns":7}],"seed_played":"2014679276446781689","potions_obtained":[{"floor":1,"key":"Weak Potion"},{"floor":4,"key":"SteroidPotion"},{"floor":5,"key":"FearPotion"},{"floor":13,"key":"EssenceOfSteel"},{"floor":21,"key":"Dexterity Potion"},{"floor":33,"key":"LiquidBronze"},{"floor":35,"key":"Poison Potion"},{"floor":36,"key":"PowerPotion"}],"is_trial":false,"path_per_floor":["M","M","?","M","M","E","R","E","T","M","?","$","M","E","R","B",null,"M","?","?","M","M","R","E","R","T","R","$","?","R","E","R","B",null,"M","M","?","M","M","E"],"character_chosen":"DEFECT","items_purchased":["DataDisk","Consume","Oddly Smooth Stone"],"campfire_rested":3,"item_purchase_floors":[12,12,28],"current_hp_per_floor":[75,74,74,67,58,13,37,35,35,25,52,52,41,19,19,19,66,51,51,51,51,33,33,8,32,32,32,32,32,56,49,49,32,70,51,41,41,13,4,0],"gold":381,"neow_bonus":"TEN_PERCENT_HP_BONUS","is_prod":false,"is_daily":false,"chose_seed":false,"campfire_upgraded":4,"win_rate":0,"timestamp":1555577188,"path_taken":["M","M","?","M","M","E","R","E","T","?","?","$","M","E","R","BOSS","M","?","?","?","?","R","E","R","T","R","$","?","R","E","R","BOSS","M","M","?","?","M","E"],"build_version":"2019-01-23","purchased_purges":1,"victory":false,"max_hp_per_floor":[82,82,82,82,82,82,82,82,82,82,82,82,82,82,82,82,82,82,82,82,82,82,82,82,82,82,82,82,82,82,82,82,82,82,82,82,82,82,82,82],"card_choices":[{"not_picked":["Reprogram","Barrage"],"picked":"Defragment","floor":1},{"not_picked":["Streamline","Redo"],"picked":"Loop","floor":2},{"not_picked":["Rebound","Redo","Auto Shields"],"picked":"SKIP","floor":4},{"not_picked":["Leap","Coolheaded"],"picked":"Barrage","floor":5},{"not_picked":["Steam Power","Leap"],"picked":"Reinforced Body","floor":6},{"not_picked":["Multi-Cast","Chill"],"picked":"Hologram","floor":8},{"not_picked":["Tempest","Double Energy"],"picked":"BootSequence","floor":10},{"not_picked":["Barrage","Lockon"],"picked":"Turbo","floor":13},{"not_picked":["Chill","Sweeping Beam"],"picked":"Coolheaded","floor":14},{"not_picked":["Fission","Reboot"],"picked":"Creative AI","floor":16},{"not_picked":["Redo","Beam Cell","Rip and Tear"],"picked":"SKIP","floor":18},{"not_picked":["Loop","Redo"],"picked":"Sweeping Beam","floor":21},{"not_picked":["Hologram+1","Heatsinks+1"],"picked":"Redo+1","floor":22},{"not_picked":["Sweeping Beam+1","Hyperbeam","Rebound+1"],"picked":"SKIP","floor":24},{"not_picked":["Cold Snap+1","Gash"],"picked":"Coolheaded","floor":31},{"not_picked":["Rebound+1","Storm+1"],"picked":"Go for the Eyes","floor":35},{"not_picked":["Go for the Eyes","Barrage","Gash+1"],"picked":"SKIP","floor":36},{"not_picked":["Steam","Streamline+1"],"picked":"BootSequence+1","floor":38},{"not_picked":["Thunder Strike","Blizzard+1"],"picked":"Steam+1","floor":39}],"player_experience":453342,"relics_obtained":[{"floor":6,"key":"War Paint"},{"floor":8,"key":"Cables"},{"floor":9,"key":"Bronze Scales"},{"floor":14,"key":"PreservedInsect"},{"floor":24,"key":"Mummified Hand"},{"floor":26,"key":"Pantograph"},{"floor":31,"key":"Potion Belt"}],"event_choices":[{"cards_removed":["Strike_B"],"damage_healed":0,"gold_gain":0,"player_choice":"Purged","damage_taken":0,"max_hp_gain":0,"max_hp_loss":0,"event_name":"Purifier","floor":3,"gold_loss":0},{"damage_healed":27,"gold_gain":0,"player_choice":"Banana","damage_taken":0,"max_hp_gain":0,"max_hp_loss":0,"event_name":"Big Fish","floor":11,"gold_loss":0},{"damage_healed":0,"gold_gain":99,"player_choice":"Stole From Cult","damage_taken":0,"max_hp_gain":0,"max_hp_loss":0,"event_name":"Nest","floor":19,"gold_loss":0},{"cards_removed":["Strike_B"],"damage_healed":0,"gold_gain":0,"player_choice":"Gave Gold","damage_taken":0,"max_hp_gain":0,"max_hp_loss":0,"event_name":"Beggar","floor":20,"gold_loss":75},{"damage_healed":0,"gold_gain":0,"player_choice":"Opened","damage_taken":0,"relics_obtained":["Bag of Preparation"],"max_hp_gain":0,"max_hp_loss":0,"event_name":"The Mausoleum","floor":29,"gold_loss":0},{"damage_healed":0,"gold_gain":0,"player_choice":"Gave Potion","damage_taken":0,"relics_obtained":["MawBank"],"max_hp_gain":0,"max_hp_loss":0,"event_name":"WeMeetAgain","floor":37,"gold_loss":0}],"is_beta":false,"boss_relics":[{"not_picked":["Pandora\u0027s Box","Snecko Eye"],"picked":"Orrery"},{"not_picked":["Black Star","Busted Crown"],"picked":"Nuclear Battery"}],"items_purged_floors":[28],"is_endless":false,"potions_floor_spawned":[1,4,5,13,14,21,33,35,36],"killed_by":"Giant Head","ascension_level":9}