{"gold_per_floor":[16,32,47,47,47,77,77,95,95,95,115,115,145,45,45,45],"floor_reached":16,"playtime":565,"items_purged":["Strike_R"],"score":170,"play_id":"7d89dbac-4d48-4b3c-914e-b5a251c28f6f","local_time":"20190124231345","is_ascension_mode":true,"campfire_choices":[{"data":"Bash","floor":7,"key":"SMITH"},{"data":"1","floor":10,"key":"LIFT"},{"floor":12,"key":"REST"},{"data":"True Grit","floor":15,"key":"SMITH"}],"neow_cost":"NO_GOLD","seed_source_timestamp":1239974523684391,"circlet_count":0,"master_deck":["Strike_R","Strike_R","Strike_R","Strike_R","Defend_R","Defend_R","Defend_R+1","Defend_R","Bash+1","Twin Strike","Clothesline+1","Intimidate","Pummel","Rage","Power Through","True Grit+1"],"relics":["Burning Blood","Charon\u0027s Ashes","Girya","Du-Vu Doll"],"potions_floor_usage":[6,16],"damage_taken":[{"damage":6,"enemies":"Cultist","floor":1,"turns":4},{"damage":7,"enemies":"Jaw Worm","floor":2,"turns":3},{"damage":4,"enemies":"Small Slimes","floor":3,"turns":3},{"damage":44,"enemies":"3 Sentries","floor":6,"turns":9},{"damage":9,"enemies":"Exordium Wildlife","floor":8,"turns":5},{"damage":8,"enemies":"3 Louse","floor":11,"turns":3},{"damage":57,"enemies":"Hexaghost","floor":16,"turns":14}],"seed_played":"-2252605366930792187","potions_obtained":[{"floor":3,"key":"FearPotion"},{"floor":11,"key":"GamblersBrew"}],"is_trial":false,"path_per_floor":["M","M","M","?","$","E","R","M","T","R","M","R","?","$","R","B"],"character_chosen":"IRONCLAD","items_purchased":["True Grit"],"campfire_rested":1,"item_purchase_floors":[14],"current_hp_per_floor":[88,87,89,70,70,32,32,29,29,29,27,55,55,55,55,0],"gold":45,"neow_bonus":"TWENTY_PERCENT_HP_BONUS","is_prod":false,"is_daily":false,"chose_seed":false,"campfire_upgraded":2,"win_rate":0,"timestamp":1548339225,"path_taken":["M","?","M","?","$","E","R","M","T","R","M","R","?","?","R","BOSS"],"build_version":"2019-01-23","purchased_purges":1,"victory":false,"max_hp_per_floor":[96,96,96,96,96,96,96,96,96,96,96,96,96,96,96,96],"card_choices":[{"not_picked":["Anger","Thunderclap"],"picked":"Twin Strike","floor":1},{"not_picked":["Perfected Strike","Anger"],"picked":"Clothesline","floor":2},{"not_picked":["Shrug It Off","Iron Wave"],"picked":"Intimidate","floor":3},{"not_picked":["Double Tap","Twin Strike"],"picked":"Pummel","floor":6},{"not_picked":["Rupture","Intimidate"],"picked":"Rage","floor":8},{"not_picked":["Body Slam","Heavy Blade"],"picked":"Power Through","floor":11}],"player_experience":443932,"relics_obtained":[{"floor":6,"key":"Charon\u0027s Ashes"},{"floor":9,"key":"Girya"}],"event_choices":[{"damage_healed":0,"gold_gain":0,"player_choice":"Entered Light","damage_taken":19,"max_hp_gain":0,"max_hp_loss":0,"event_name":"Shining Light","floor":4,"gold_loss":0,"cards_upgraded":["Defend_R","Clothesline"]},{"damage_healed":0,"gold_gain":30,"player_choice":"Searched \u00272\u0027 times","damage_taken":0,"relics_obtained":["Du-Vu Doll"],"max_hp_gain":0,"max_hp_loss":0,"event_name":"Dead Adventurer","floor":13,"gold_loss":0}],"is_beta":false,"boss_relics":[],"items_purged_floors":[14],"is_endless":false,"potions_floor_spawned":[3,11],"killed_by":"Hexaghost","ascension_level":9}