{"gold_per_floor":[112,158,158,174,174,199,199,216,216,216,250,72,84,109,109,208,208,224,224,243,258,4,4,35,35,62,97,117,80,80,92,92,92],"floor_reached":33,"playtime":1862,"items_purged":["Strike_B","Strike_B"],"score":371,"play_id":"395ae142-b367-4eb8-bbea-7ab25321af85","local_time":"20181224221759","is_ascension_mode":true,"campfire_choices":[{"data":"Turbo","floor":7,"key":"SMITH"},{"data":"Dualcast","floor":10,"key":"SMITH"},{"floor":15,"key":"REST"},{"data":"Zap","floor":23,"key":"SMITH"},{"floor":25,"key":"REST"},{"floor":32,"key":"REST"}],"neow_cost":"NONE","seed_source_timestamp":174822606105385,"circlet_count":0,"master_deck":["Defend_B","Defend_B","Defend_B","Defend_B","Zap+1","Dualcast+1","Defragment","Turbo+1","FTL+1","Beam Cell+1","Thunder Strike","Redo","Reinforced Body","Capacitor","Ball Lightning","Conserve Battery","All For One","Chaos","Gash","Skim+1","Storm","Hello World","Auto Shields","Leap+1","Hologram+1"],"relics":["Cracked Core","NeowsBlessing","Omamori","Ornamental Fan","Mercury Hourglass","Dream Catcher","Pen Nib","Cursed Key","Whetstone","Shuriken","Oddly Smooth Stone","Mummified Hand","Matryoshka"],"potions_floor_usage":[16,20,24,24,33],"damage_taken":[{"damage":0,"enemies":"Cultist","floor":1,"turns":1},{"damage":0,"enemies":"2 Louse","floor":4,"turns":1},{"damage":0,"enemies":"Gremlin Nob","floor":6,"turns":1},{"damage":7,"enemies":"Small Slimes","floor":8,"turns":3},{"damage":30,"enemies":"3 Sentries","floor":11,"turns":5},{"damage":3,"enemies":"Exordium Wildlife","floor":13,"turns":4},{"damage":0,"enemies":"Gremlin Nob","floor":14,"turns":3},{"damage":23,"enemies":"Slime Boss","floor":16,"turns":8},{"damage":0,"enemies":"Spheric Guardian","floor":18,"turns":3},{"damage":10,"enemies":"Shell Parasite","floor":20,"turns":3},{"damage":24,"enemies":"Centurion and Healer","floor":21,"turns":5},{"damage":21,"enemies":"Book of Stabbing","floor":24,"turns":5},{"damage":21,"enemies":"Gremlin Leader","floor":27,"turns":6},{"damage":11,"enemies":"Snake Plant","floor":28,"turns":4},{"damage":0,"enemies":"Sentry and Sphere","floor":31,"turns":4},{"damage":39,"enemies":"Champ","floor":33,"turns":7}],"seed_played":"-932530356698177995","potions_obtained":[{"floor":1,"key":"EssenceOfSteel"},{"floor":14,"key":"Poison Potion"},{"floor":16,"key":"SpeedPotion"},{"floor":18,"key":"LiquidBronze"},{"floor":27,"key":"Ancient Potion"},{"floor":31,"key":"LiquidBronze"}],"is_trial":false,"path_per_floor":["M","T","?","M","?","E","R","M","T","R","E","$","M","E","R","B",null,"M","?","M","M","$","R","E","R","T","E","M","$","?","M","R","B"],"character_chosen":"DEFECT","items_purchased":["Redo","Reinforced Body","Whetstone","Auto Shields"],"campfire_rested":3,"item_purchase_floors":[12,12,22,29],"current_hp_per_floor":[75,75,68,68,68,68,68,61,61,61,31,31,28,28,50,27,75,75,75,65,41,41,41,20,42,42,21,10,10,10,10,32,0],"gold":92,"neow_bonus":"THREE_ENEMY_KILL","is_prod":false,"is_daily":false,"chose_seed":false,"campfire_upgraded":3,"win_rate":0,"timestamp":1545657479,"path_taken":["M","?","?","M","?","E","R","M","T","R","E","$","?","E","R","BOSS","M","?","M","M","$","R","E","R","T","E","M","$","?","?","R","BOSS"],"build_version":"2018-12-20","purchased_purges":2,"victory":false,"max_hp_per_floor":[75,75,75,75,75,75,75,75,75,75,75,75,75,75,75,75,75,75,75,75,75,75,75,75,75,75,75,75,75,75,75,75,75],"card_choices":[{"not_picked":["FTL","Steam"],"picked":"Defragment","floor":1},{"not_picked":["Stack","Chaos"],"picked":"Turbo","floor":4},{"not_picked":["Genetic Algorithm","Lockon"],"picked":"FTL","floor":6},{"not_picked":["FTL","Doom and Gloom"],"picked":"Beam Cell","floor":8},{"not_picked":["Reinforced Body","Skim"],"picked":"Thunder Strike","floor":11},{"not_picked":["Redo","Beam Cell"],"picked":"Capacitor","floor":13},{"not_picked":["Beam Cell","Genetic Algorithm"],"picked":"Ball Lightning","floor":14},{"not_picked":["Electrodynamics","Defragment"],"picked":"Conserve Battery","floor":15},{"not_picked":["Echo Form","Thunder Strike"],"picked":"All For One","floor":16},{"not_picked":["Beam Cell","Glacier","Doom and Gloom"],"picked":"SKIP","floor":18},{"not_picked":["Leap","Barrage","Stack"],"picked":"SKIP","floor":20},{"not_picked":["Rebound","Fusion"],"picked":"Chaos","floor":21},{"not_picked":["Compile Driver","Leap"],"picked":"Gash","floor":24},{"not_picked":["Gash","FTL"],"picked":"Skim+1","floor":25},{"not_picked":["Skim+1","Fusion"],"picked":"Storm","floor":27},{"not_picked":["Leap","Barrage"],"picked":"Hello World","floor":28},{"not_picked":["Go for the Eyes","Blizzard"],"picked":"Leap+1","floor":31},{"not_picked":["Consume","Undo"],"picked":"Hologram+1","floor":32}],"player_experience":185133,"relics_obtained":[{"floor":2,"key":"Omamori"},{"floor":6,"key":"Ornamental Fan"},{"floor":9,"key":"Mercury Hourglass"},{"floor":11,"key":"Dream Catcher"},{"floor":14,"key":"Pen Nib"},{"floor":24,"key":"Shuriken"},{"floor":26,"key":"Oddly Smooth Stone"},{"floor":27,"key":"Mummified Hand"}],"event_choices":[{"cards_removed":["Strike_B"],"damage_healed":0,"gold_gain":0,"player_choice":"Card Removal","damage_taken":7,"max_hp_gain":0,"max_hp_loss":0,"event_name":"Golden Wing","floor":3,"gold_loss":0},{"cards_removed":["Strike_B"],"damage_healed":0,"gold_gain":0,"player_choice":"Offered Basic","damage_taken":0,"max_hp_gain":0,"max_hp_loss":0,"event_name":"Bonfire Elementals","floor":5,"gold_loss":0},{"damage_healed":0,"gold_gain":0,"player_choice":"Ignored","damage_taken":0,"max_hp_gain":0,"max_hp_loss":0,"event_name":"Ghosts","floor":19,"gold_loss":0},{"damage_healed":0,"gold_gain":0,"player_choice":"Gave Potion","damage_taken":0,"relics_obtained":["Matryoshka"],"max_hp_gain":0,"max_hp_loss":0,"event_name":"WeMeetAgain","floor":30,"gold_loss":0}],"is_beta":false,"boss_relics":[{"not_picked":["Ectoplasm","Astrolabe"],"picked":"Cursed Key"}],"items_purged_floors":[12,22],"is_endless":false,"potions_floor_spawned":[1,14,16,18,27,31],"killed_by":"Champ","ascension_level":1}