{"gold_per_floor":[110,122,47,47,47,47,78,78,78,95,95,113,113,144,144,144],"floor_reached":16,"playtime":852,"items_purged":["Strike_R"],"score":130,"play_id":"bccc778b-bb12-4294-bba9-88ca49ae69ef","local_time":"20181231234943","is_ascension_mode":true,"campfire_choices":[{"data":"Bash","floor":6,"key":"SMITH"},{"floor":8,"key":"REST"},{"data":"True Grit","floor":11,"key":"SMITH"},{"data":"Shrug It Off","floor":13,"key":"SMITH"},{"data":"Offering","floor":15,"key":"SMITH"}],"neow_cost":"NONE","seed_source_timestamp":786140406094853,"circlet_count":0,"master_deck":["Strike_R","Strike_R","Strike_R","Strike_R","Defend_R","Defend_R","Defend_R","Bash+1","Clash","Heavy Blade","True Grit+1","Shrug It Off+1","Offering+1"],"relics":["Burning Blood","Blood Vial","Boot","Calipers","Orichalcum"],"potions_floor_usage":[14,14],"damage_taken":[{"damage":14,"enemies":"2 Louse","floor":1,"turns":3},{"damage":12,"enemies":"Jaw Worm","floor":2,"turns":2},{"damage":35,"enemies":"Lagavulin","floor":7,"turns":6},{"damage":0,"enemies":"Cultist","floor":10,"turns":2},{"damage":0,"enemies":"Large Slime","floor":12,"turns":5},{"damage":15,"enemies":"3 Sentries","floor":14,"turns":7},{"damage":83,"enemies":"Slime Boss","floor":16,"turns":10}],"seed_played":"2217570775024653383","potions_obtained":[{"floor":5,"key":"FairyPotion"},{"floor":5,"key":"FairyPotion"},{"floor":5,"key":"SmokeBomb"},{"floor":7,"key":"AttackPotion"},{"floor":10,"key":"Fire Potion"}],"is_trial":false,"path_per_floor":["M","M","$","?","?","R","E","R","T","M","R","M","R","E","R","B"],"character_chosen":"IRONCLAD","items_purchased":[],"campfire_rested":1,"item_purchase_floors":[],"current_hp_per_floor":[72,68,68,61,61,61,34,58,58,66,66,74,74,67,67,0],"gold":144,"neow_bonus":"RANDOM_COMMON_RELIC","is_prod":false,"is_daily":false,"chose_seed":false,"campfire_upgraded":4,"win_rate":0,"timestamp":1546267783,"path_taken":["M","M","$","?","?","R","E","R","T","M","R","M","R","E","R","BOSS"],"build_version":"2018-12-20","purchased_purges":1,"victory":false,"max_hp_per_floor":[80,80,80,80,80,80,80,80,80,80,80,80,80,80,80,80],"card_choices":[{"not_picked":["True Grit","Dropkick"],"picked":"Clash","floor":1},{"not_picked":["Wild Strike","Anger"],"picked":"Heavy Blade","floor":2},{"not_picked":["Shrug It Off","Thunderclap"],"picked":"True Grit","floor":7},{"not_picked":["Pummel","Anger","Twin Strike"],"picked":"SKIP","floor":10},{"not_picked":["Sword Boomerang","True Grit"],"picked":"Shrug It Off","floor":12},{"not_picked":["Bludgeon","Havoc"],"picked":"Offering","floor":14}],"player_experience":305375,"relics_obtained":[{"floor":7,"key":"Boot"},{"floor":9,"key":"Calipers"},{"floor":14,"key":"Orichalcum"}],"event_choices":[{"cards_removed":["Defend_R"],"damage_healed":0,"gold_gain":0,"player_choice":"Card Removal","damage_taken":7,"max_hp_gain":0,"max_hp_loss":0,"event_name":"Golden Wing","floor":4,"gold_loss":0},{"damage_healed":0,"gold_gain":0,"player_choice":"Got Potions","damage_taken":0,"max_hp_gain":0,"max_hp_loss":0,"event_name":"Lab","floor":5,"gold_loss":0}],"is_beta":false,"boss_relics":[],"items_purged_floors":[3],"is_endless":false,"potions_floor_spawned":[7,10,12],"killed_by":"Slime Boss","ascension_level":4}