{"gold_per_floor":[114,127,302,320,270,301,301,355,378,378,378,41,75,89,89,89],"floor_reached":16,"playtime":665,"items_purged":[],"score":108,"play_id":"f7fae50c-4985-4766-bcce-7451807249d0","local_time":"20190217152831","is_ascension_mode":false,"campfire_choices":[{"floor":7,"key":"REST"},{"floor":15,"key":"REST"}],"neow_cost":"NONE","seed_source_timestamp":181601783806239,"circlet_count":0,"master_deck":["Defend_G","Defend_G","Defend_G","Defend_G","Defend_G","Strike_G","Strike_G","Strike_G","Strike_G","Strike_G","Survivor","Neutralize","Backstab","Blade Dance","Blade Dance","Accuracy","Deflect"],"relics":["Ring of the Snake","NeowsBlessing","Potion Belt","Oddly Smooth Stone","Gremlin Horn","Pen Nib"],"potions_floor_usage":[13,16],"damage_taken":[{"damage":0,"enemies":"2 Louse","floor":1,"turns":1},{"damage":0,"enemies":"Small Slimes","floor":2,"turns":1},{"damage":0,"enemies":"Cultist","floor":4,"turns":1},{"damage":38,"enemies":"Gremlin Nob","floor":6,"turns":5},{"damage":24,"enemies":"Lagavulin","floor":13,"turns":7},{"damage":1,"enemies":"Gremlin Gang","floor":14,"turns":4},{"damage":69,"enemies":"Hexaghost","floor":16,"turns":14}],"seed_played":"986928938838428582","potions_obtained":[{"floor":1,"key":"SmokeBomb"},{"floor":4,"key":"SpeedPotion"},{"floor":13,"key":"SpeedPotion"}],"is_trial":false,"path_per_floor":["M","M","?","M","?","E","R","?","T","?","?","$","E","M","R","B"],"character_chosen":"THE_SILENT","items_purchased":["Accuracy","Gremlin Horn"],"campfire_rested":2,"item_purchase_floors":[12,12],"current_hp_per_floor":[70,70,70,70,70,32,53,53,53,70,67,67,43,42,62,0],"gold":89,"neow_bonus":"THREE_ENEMY_KILL","is_prod":false,"is_daily":false,"chose_seed":false,"campfire_upgraded":0,"win_rate":0,"timestamp":1550410111,"path_taken":["M","M","?","M","?","E","R","?","T","?","?","$","E","M","R","BOSS"],"build_version":"2019-01-23","purchased_purges":0,"victory":false,"max_hp_per_floor":[70,70,70,70,70,70,70,70,70,70,67,67,67,67,67,67],"card_choices":[{"not_picked":["Finisher","Quick Slash"],"picked":"Backstab","floor":1},{"not_picked":["Backflip","Quick Slash"],"picked":"Blade Dance","floor":2},{"not_picked":["Quick Slash","Predator","Choke"],"picked":"SKIP","floor":4},{"not_picked":["Burst","Acrobatics"],"picked":"Blade Dance","floor":6},{"not_picked":["Acrobatics","Bane"],"picked":"Deflect","floor":13},{"not_picked":["Dagger Throw","Quick Slash","Flying Knee"],"picked":"SKIP","floor":14}],"player_experience":959678,"relics_obtained":[{"floor":6,"key":"Potion Belt"},{"floor":9,"key":"Oddly Smooth Stone"},{"floor":13,"key":"Pen Nib"}],"event_choices":[{"damage_healed":0,"gold_gain":175,"player_choice":"AGREE","damage_taken":0,"max_hp_gain":0,"max_hp_loss":0,"event_name":"Liars Game","floor":3,"gold_loss":0,"cards_obtained":["Doubt"]},{"cards_removed":["Doubt"],"damage_healed":0,"gold_gain":0,"player_choice":"Card Removal","damage_taken":0,"max_hp_gain":0,"max_hp_loss":0,"event_name":"The Cleric","floor":5,"gold_loss":50},{"damage_healed":0,"gold_gain":54,"player_choice":"Gained Gold","damage_taken":0,"max_hp_gain":0,"max_hp_loss":0,"event_name":"Golden Wing","floor":8,"gold_loss":0},{"damage_healed":17,"gold_gain":0,"player_choice":"Healed and dodged fight","damage_taken":0,"max_hp_gain":0,"max_hp_loss":0,"event_name":"Mushrooms","floor":10,"gold_loss":0,"cards_obtained":["Parasite"]},{"cards_removed":["Parasite"],"damage_healed":0,"gold_gain":0,"player_choice":"Forget","damage_taken":0,"max_hp_gain":0,"max_hp_loss":0,"event_name":"Living Wall","floor":11,"gold_loss":0}],"is_beta":false,"boss_relics":[],"items_purged_floors":[],"is_endless":false,"potions_floor_spawned":[1,4,13],"killed_by":"Hexaghost","ascension_level":0}