{"gold_per_floor":[119,44,119,119,132,163,163,163,163,176,176,193,220,240,240,314,314,333,304,304,324,324,324,336,336,336,386,386,386],"floor_reached":29,"playtime":840,"items_purged":[],"score":616,"play_id":"0c2cdeb7-0acb-4268-b1e9-e91b03e53349","local_time":"20190519021123","is_ascension_mode":true,"campfire_choices":[{"data":"Streamline","floor":7,"key":"SMITH"},{"data":"Dualcast","floor":11,"key":"SMITH"},{"data":"Gash","floor":15,"key":"SMITH"},{"data":"Barrage","floor":23,"key":"SMITH"},{"floor":25,"key":"REST"}],"neow_cost":"NONE","seed_source_timestamp":21457239251200,"circlet_count":0,"master_deck":["AscendersBane","Defend_B","Defend_B","Defend_B","Zap","Dualcast+1","Streamline+1","Rebound","Glacier","Rebound","Leap","Gash+1","Electrodynamics","BootSequence+1","Capacitor+1","Undo+1","BootSequence+1","Defragment+1","Barrage+1","Ball Lightning"],"relics":["Cracked Core","NeowsBlessing","Blue Candle","CultistMask","Pear","Strawberry","Astrolabe","Du-Vu Doll"],"potions_floor_usage":[16,29],"damage_taken":[{"damage":0,"enemies":"2 Louse","floor":1,"turns":1},{"damage":0,"enemies":"Small Slimes","floor":5,"turns":1},{"damage":0,"enemies":"Lagavulin","floor":6,"turns":1},{"damage":0,"enemies":"Cultist","floor":10,"turns":4},{"damage":9,"enemies":"Red Slaver","floor":12,"turns":3},{"damage":1,"enemies":"3 Sentries","floor":13,"turns":11},{"damage":4,"enemies":"Blue Slaver","floor":14,"turns":3},{"damage":0,"enemies":"The Guardian","floor":16,"turns":11},{"damage":9,"enemies":"Spheric Guardian","floor":18,"turns":5},{"damage":13,"enemies":"2 Thieves","floor":19,"turns":5},{"damage":18,"enemies":"Snake Plant","floor":21,"turns":8},{"damage":28,"enemies":"Shelled Parasite and Fungi","floor":24,"turns":7},{"damage":26,"enemies":"Gremlin Leader","floor":29,"turns":2}],"seed_played":"4412435291293070510","potions_obtained":[{"floor":12,"key":"LiquidBronze"},{"floor":13,"key":"PowerPotion"},{"floor":19,"key":"Ancient Potion"}],"is_trial":false,"path_per_floor":["M","?","?","?","M","E","R","?","T","M","R","M","E","M","R","B",null,"M","M","?","M","?","R","M","R","T","?","?","E"],"character_chosen":"DEFECT","items_purchased":[],"campfire_rested":1,"item_purchase_floors":[],"current_hp_per_floor":[64,64,53,53,53,53,53,53,63,63,63,54,60,56,56,56,80,71,58,58,40,40,40,12,38,38,38,25,0],"gold":386,"neow_bonus":"THREE_ENEMY_KILL","is_prod":false,"is_daily":false,"chose_seed":false,"campfire_upgraded":4,"win_rate":0,"timestamp":1558199483,"path_taken":["M","?","?","?","M","E","R","?","T","?","R","M","E","M","R","BOSS","M","M","?","M","?","R","M","R","T","?","?","E"],"build_version":"2019-01-23","purchased_purges":0,"victory":false,"max_hp_per_floor":[71,71,71,71,71,71,71,71,81,81,81,81,88,88,88,88,88,88,88,88,88,88,88,88,88,88,88,88,88],"card_choices":[{"not_picked":["Turbo","Hologram"],"picked":"Streamline","floor":1},{"not_picked":["Compile Driver","Cold Snap"],"picked":"Rebound","floor":5},{"not_picked":["Turbo","Reinforced Body"],"picked":"Glacier","floor":6},{"not_picked":["Stack","Turbo"],"picked":"Rebound","floor":10},{"not_picked":["Go for the Eyes","Aggregate"],"picked":"Leap","floor":12},{"not_picked":["BootSequence","Force Field"],"picked":"Gash","floor":13},{"not_picked":["Double Energy","Heatsinks","Leap"],"picked":"SKIP","floor":14},{"not_picked":["Meteor Strike","Amplify"],"picked":"Electrodynamics","floor":16},{"not_picked":["Compile Driver","Ball Lightning"],"picked":"BootSequence+1","floor":18},{"not_picked":["Leap","Streamline","Steam"],"picked":"SKIP","floor":19},{"not_picked":["Reprogram","Static Discharge+1"],"picked":"Defragment+1","floor":21},{"not_picked":["Redo","Steam"],"picked":"Ball Lightning","floor":24}],"player_experience":5073643,"relics_obtained":[{"floor":6,"key":"Blue Candle"},{"floor":9,"key":"Pear"},{"floor":13,"key":"Strawberry"},{"floor":26,"key":"Du-Vu Doll"}],"event_choices":[{"cards_removed":["Strike_B"],"damage_healed":0,"gold_gain":0,"player_choice":"Card Removal","damage_taken":0,"max_hp_gain":0,"max_hp_loss":0,"event_name":"The Cleric","floor":2,"gold_loss":75},{"damage_healed":0,"gold_gain":75,"player_choice":"Gather Gold","damage_taken":11,"max_hp_gain":0,"max_hp_loss":0,"event_name":"World of Goop","floor":3,"gold_loss":0},{"cards_removed":["Strike_B"],"damage_healed":0,"gold_gain":0,"player_choice":"Forget","damage_taken":0,"max_hp_gain":0,"max_hp_loss":0,"event_name":"Living Wall","floor":4,"gold_loss":0},{"damage_healed":0,"gold_gain":0,"player_choice":"Trade","damage_taken":0,"relics_obtained":["CultistMask"],"max_hp_gain":0,"max_hp_loss":0,"event_name":"FaceTrader","floor":8,"gold_loss":0},{"damage_healed":0,"gold_gain":0,"player_choice":"Ignored","damage_taken":0,"max_hp_gain":0,"max_hp_loss":0,"event_name":"Vampires","floor":20,"gold_loss":0},{"damage_healed":0,"gold_gain":0,"player_choice":"Read","damage_taken":0,"max_hp_gain":0,"max_hp_loss":0,"event_name":"The Library","floor":22,"gold_loss":0,"cards_obtained":["Barrage"]},{"damage_healed":0,"gold_gain":50,"player_choice":"Stole From Cult","damage_taken":0,"max_hp_gain":0,"max_hp_loss":0,"event_name":"Nest","floor":27,"gold_loss":0},{"damage_healed":0,"gold_gain":0,"player_choice":"Damaged","damage_taken":13,"max_hp_gain":0,"max_hp_loss":0,"event_name":"Wheel of Change","floor":28,"gold_loss":0}],"is_beta":false,"boss_relics":[{"not_picked":["Pandora\u0027s Box","Snecko Eye"],"picked":"Astrolabe"}],"items_purged_floors":[],"is_endless":false,"potions_floor_spawned":[12,13,14,19,21],"killed_by":"Gremlin Leader","ascension_level":20}