{"gold_per_floor":[111,126,146,15,26,26,54,54,136,154,154,173,173,208,208,287,287,302,321,271,161,176,176,126,126,178,178,194,144,154,63,63,138,138,149,14,31,46,46,46,46,56,105,55,65,65,15,15,15,15,15],"floor_reached":52,"playtime":1859,"items_purged":["Strike_B","Strike_B","Defend_B","Defend_B","Strike_B","Defend_B","Zap","Ball Lightning"],"score":1674,"play_id":"b2f7a836-870d-4291-9099-0f1407cac503","local_time":"20190522034955","is_ascension_mode":true,"campfire_choices":[{"data":"Barrage","floor":6.0,"key":"SMITH"},{"data":"Blizzard","floor":8.0,"key":"SMITH"},{"data":"Hologram","floor":13.0,"key":"SMITH"},{"data":"Barrage","floor":15,"key":"SMITH"},{"floor":23,"key":"REST"},{"floor":27,"key":"REST"},{"data":"White Noise","floor":32,"key":"SMITH"},{"floor":40,"key":"REST"},{"data":"Biased Cognition","floor":49,"key":"SMITH"}],"neow_cost":"NONE","seed_source_timestamp":285502783250200,"circlet_count":0,"master_deck":["AscendersBane","Defend_B+1","Dualcast+1","Glacier","Barrage+1","Blizzard+1","FTL","Conserve Battery","Hologram+1","BootSequence","Barrage+1","Core Surge+1","White Noise+1","Biased Cognition+1"],"special_seed":0,"relics":["FrozenCore","NeowsBlessing","Pantograph","Tiny Chest","Smiling Mask","Strawberry","Busted Crown","Bag of Marbles","Cables"],"potions_floor_usage":[16,22,33,37,45,51],"damage_taken":[{"damage":0.0,"enemies":"2 Louse","floor":1.0,"turns":1.0},{"damage":0.0,"enemies":"Cultist","floor":2.0,"turns":1.0},{"damage":0.0,"enemies":"Small Slimes","floor":3.0,"turns":1.0},{"damage":2.0,"enemies":"Looter","floor":5.0,"turns":4.0},{"damage":9.0,"enemies":"Lagavulin","floor":7.0,"turns":6.0},{"damage":11.0,"enemies":"Large Slime","floor":10.0,"turns":6.0},{"damage":0.0,"enemies":"Blue Slaver","floor":12.0,"turns":2.0},{"damage":29,"enemies":"Gremlin Nob","floor":14,"turns":4},{"damage":20,"enemies":"The Guardian","floor":16,"turns":12},{"damage":8,"enemies":"Chosen","floor":18,"turns":6},{"damage":5,"enemies":"Shell Parasite","floor":19,"turns":7},{"damage":41,"enemies":"Cultist and Chosen","floor":22,"turns":9},{"damage":6,"enemies":"3 Cultists","floor":28,"turns":6},{"damage":10,"enemies":"Shelled Parasite and Fungi","floor":30,"turns":7},{"damage":57,"enemies":"Champ","floor":33,"turns":19},{"damage":4,"enemies":"Orb Walker","floor":35,"turns":5},{"damage":6,"enemies":"3 Shapes","floor":37,"turns":5},{"damage":29,"enemies":"3 Darklings","floor":38,"turns":5},{"damage":17,"enemies":"Sphere and 2 Shapes","floor":42,"turns":9},{"damage":2,"enemies":"Jaw Worm Horde","floor":45,"turns":4},{"damage":8,"enemies":"Donu and Deca","floor":50,"turns":14},{"damage":8,"enemies":"Awakened One","floor":51,"turns":37}],"seed_played":"-331476078111288556","potions_obtained":[{"floor":2.0,"key":"Block Potion"},{"floor":3.0,"key":"Regen Potion"},{"floor":14,"key":"LiquidBronze"},{"floor":19,"key":"Poison Potion"},{"floor":22,"key":"SpeedPotion"},{"floor":33,"key":"Energy Potion"},{"floor":35,"key":"Block Potion"},{"floor":38,"key":"FearPotion"}],"is_trial":false,"path_per_floor":["M","M","M","$","M","R","E","R","T","M","?","M","R","E","R","B",null,"M","M","$","?","M","R","$","?","T","R","M","$","M","$","R","B",null,"M","$","M","M","?","R","?","M","T","$","M","?","$","T","R","B","B",null],"character_chosen":"DEFECT","items_purchased":["Ball Lightning","White Noise","Loop"],"campfire_rested":3,"item_purchase_floors":[4,31,36],"current_hp_per_floor":[64,64,64,64,62,62,68,68,68,57,36,36,36,7,7,12,56,48,43,43,43,2,23,23,23,30,53,47,47,37,37,37,5,60,56,56,50,21,21,44,44,27,27,27,25,25,25,25,25,42,59],"gold":15,"neow_bonus":"THREE_ENEMY_KILL","is_prod":false,"is_daily":false,"chose_seed":false,"campfire_upgraded":6,"win_rate":0,"timestamp":1558464595,"path_taken":["M","M","M","$","M","R","E","R","T","M","?","M","R","E","R","BOSS","M","M","$","?","M","R","?","?","T","R","?","$","M","$","R","BOSS","M","$","M","M","?","R","?","M","T","$","M","?","$","?","R","BOSS","BOSS"],"build_version":"2019-01-23","purchased_purges":8,"victory":true,"max_hp_per_floor":[71,71,71,71,71,71,71,71,71,71,71,71,71,71,71,71,71,71,71,71,71,71,71,71,71,78,78,78,78,78,78,78,78,78,78,78,78,78,78,78,78,78,78,78,78,74,74,74,74,74,74],"card_choices":[{"not_picked":["Steam","Heatsinks"],"picked":"Glacier","floor":1.0},{"not_picked":["Double Energy","Hologram"],"picked":"Barrage","floor":2.0},{"not_picked":["Meteor Strike","Beam Cell"],"picked":"Blizzard","floor":3.0},{"not_picked":["Turbo","Compile Driver"],"picked":"FTL","floor":5.0},{"not_picked":["Genetic Algorithm","Barrage"],"picked":"Conserve Battery","floor":7.0},{"not_picked":["All For One","Static Discharge"],"picked":"Hologram","floor":10.0},{"not_picked":["Gash","Compile Driver"],"picked":"BootSequence","floor":12.0},{"not_picked":["Stack","Loop","Barrage"],"picked":"SKIP","floor":14},{"not_picked":["Stack","Loop"],"picked":"Barrage","floor":14},{"not_picked":["Reboot","Creative AI"],"picked":"Core Surge","floor":16},{"not_picked":["Hologram","Auto Shields","Turbo"],"picked":"SKIP","floor":18},{"not_picked":["Scrape+1","Leap","Sunder"],"picked":"SKIP","floor":19},{"not_picked":["Go for the Eyes","Hologram","Force Field"],"picked":"SKIP","floor":22},{"not_picked":["Ball Lightning","Static Discharge","Recycle"],"picked":"SKIP","floor":28},{"not_picked":["Leap","Compile Driver","Melter"],"picked":"SKIP","floor":30},{"not_picked":["Amplify","Machine Learning"],"picked":"Biased Cognition","floor":33},{"not_picked":["Redo"],"picked":"SKIP","floor":35},{"not_picked":["Compile Driver"],"picked":"SKIP","floor":37},{"not_picked":["Streamline"],"picked":"SKIP","floor":38},{"not_picked":["Barrage"],"picked":"SKIP","floor":42},{"not_picked":["Reinforced Body+1"],"picked":"SKIP","floor":45}],"player_experience":5105324,"relics_obtained":[{"floor":7.0,"key":"Pantograph"},{"floor":9.0,"key":"Tiny Chest"},{"floor":14,"key":"Smiling Mask"},{"floor":26,"key":"Strawberry"},{"floor":43,"key":"Bag of Marbles"},{"floor":48,"key":"Cables"}],"event_choices":[{"damage_healed":0.0,"max_hp_gain":0.0,"max_hp_loss":0.0,"gold_gain":0.0,"event_name":"Shining Light","player_choice":"Entered Light","floor":11.0,"gold_loss":0.0,"damage_taken":21.0,"cards_upgraded":["Defend_B","Dualcast"]},{"cards_removed":["Strike_B"],"damage_healed":0,"gold_gain":0,"player_choice":"Upgrade and Remove","damage_taken":0,"max_hp_gain":0,"max_hp_loss":0,"event_name":"Designer","floor":21,"gold_loss":110,"cards_upgraded":["Core Surge"]},{"damage_healed":0,"gold_gain":0,"player_choice":"Ignored","damage_taken":0,"max_hp_gain":0,"max_hp_loss":0,"event_name":"N\u0027loth","floor":25,"gold_loss":0},{"cards_removed":["Loop"],"damage_healed":0,"gold_gain":0,"player_choice":"Removed Power","damage_taken":0,"max_hp_gain":0,"max_hp_loss":0,"event_name":"Falling","floor":39,"gold_loss":0},{"damage_healed":0,"gold_gain":0,"player_choice":"Ignored","damage_taken":0,"max_hp_gain":0,"max_hp_loss":0,"event_name":"Mysterious Sphere","floor":41,"gold_loss":0},{"damage_healed":0,"gold_gain":0,"player_choice":"Max HP","damage_taken":0,"max_hp_gain":0,"max_hp_loss":4,"event_name":"Winding Halls","floor":46,"gold_loss":0}],"is_beta":false,"boss_relics":[{"not_picked":["Black Star","Ectoplasm"],"picked":"FrozenCore"},{"not_picked":["White Beast Statue","Pandora\u0027s Box"],"picked":"Busted Crown"}],"items_purged_floors":[4,20,24,29,31,36,44,47],"is_endless":false,"potions_floor_spawned":[2,3,5,14,19,22,33,35,38],"ascension_level":20}