{"gold_per_floor":[115,290,301,301,226,226,252,174,199,199,113,113,39,59,59,157,157,175,175,185,185,185,185,196,41,92,102,102],"floor_reached":28,"playtime":1217,"items_purged":["Doubt"],"score":239,"play_id":"7ebd9c1c-4bc7-497e-bdb5-c81c18a29c60","local_time":"20190226191558","is_ascension_mode":false,"campfire_choices":[{"floor":6,"key":"RECALL"},{"floor":12,"key":"REST"},{"data":"Noxious Fumes","floor":15,"key":"SMITH"},{"data":"Noxious Fumes","floor":23,"key":"SMITH"}],"neow_cost":"NONE","seed_source_timestamp":623231589012550,"circlet_count":0,"master_deck":["Defend_G","Defend_G","Defend_G+1","Defend_G","Defend_G","Strike_G","Strike_G","Strike_G","Strike_G","Strike_G","Survivor","Neutralize+1","Catalyst","Riddle With Holes","Noxious Fumes+1","Crippling Poison","Crippling Poison","Footwork","Envenom","Backstab","Bane","Finisher","Catalyst","Noxious Fumes+1"],"relics":["Ring of the Snake","NeowsBlessing","Gremlin Horn","Orrery","Smiling Mask","Anchor","Happy Flower"],"potions_floor_usage":[18,18,28,28],"damage_taken":[{"damage":0,"enemies":"Small Slimes","floor":1,"turns":1},{"damage":0,"enemies":"Jaw Worm","floor":3,"turns":1},{"damage":0,"enemies":"Gremlin Nob","floor":7,"turns":1},{"damage":0,"enemies":"2 Louse","floor":14,"turns":3},{"damage":33,"enemies":"Slime Boss","floor":16,"turns":13},{"damage":12,"enemies":"2 Thieves","floor":18,"turns":5},{"damage":7,"enemies":"3 Byrds","floor":20,"turns":4},{"damage":25,"enemies":"Cultist and Chosen","floor":24,"turns":6},{"damage":47,"enemies":"3 Cultists","floor":27,"turns":6},{"damage":6,"enemies":"Gremlin Leader","floor":28,"turns":4}],"seed_played":"-7696552060575745157","potions_obtained":[{"floor":1,"key":"Strength Potion"},{"floor":7,"key":"GamblersBrew"},{"floor":16,"key":"Dexterity Potion"},{"floor":24,"key":"PowerPotion"},{"floor":27,"key":"AttackPotion"}],"is_trial":false,"path_per_floor":["M","?","M","?","$","R","E","$","T","?","$","R","$","M","R","B",null,"M","?","M","?","T","R","M","$","T","M","E"],"character_chosen":"THE_SILENT","items_purchased":["Noxious Fumes","Crippling Poison","AttackPotion","Crippling Poison","Anchor"],"campfire_rested":1,"item_purchase_floors":[8,11,11,13,25],"current_hp_per_floor":[70,70,70,75,75,75,75,75,75,60,60,75,75,75,75,42,75,63,63,56,75,75,75,50,50,50,3,0],"gold":102,"neow_bonus":"THREE_ENEMY_KILL","is_prod":false,"is_daily":false,"chose_seed":false,"campfire_upgraded":2,"win_rate":0,"timestamp":1551201358,"path_taken":["M","?","M","?","?","R","E","$","T","?","$","R","$","M","R","BOSS","M","?","M","?","?","R","M","$","T","?","E"],"build_version":"2019-01-23","purchased_purges":1,"victory":false,"max_hp_per_floor":[70,70,70,75,75,75,75,75,75,75,75,75,75,75,75,75,75,75,75,75,75,75,75,75,75,75,75,75],"card_choices":[{"not_picked":["Leg Sweep","Deflect"],"picked":"Catalyst","floor":1},{"not_picked":["Setup","Deflect","Escape Plan"],"picked":"SKIP","floor":3},{"not_picked":["Deflect","Dagger Throw"],"picked":"Riddle With Holes","floor":7},{"not_picked":["Leg Sweep","Reflex"],"picked":"Footwork","floor":14},{"not_picked":["Night Terror","Burst"],"picked":"Envenom","floor":16},{"not_picked":["Setup","Prepared"],"picked":"Backstab","floor":17},{"not_picked":["Escape Plan","Sucker Punch"],"picked":"Bane","floor":17},{"not_picked":["Deflect","Sucker Punch"],"picked":"Finisher","floor":17},{"not_picked":["Outmaneuver+1","Blur"],"picked":"Catalyst","floor":18},{"not_picked":["Die Die Die","Sucker Punch"],"picked":"Noxious Fumes","floor":20},{"not_picked":["Dagger Throw","Underhanded Strike","Quick Slash"],"picked":"SKIP","floor":24},{"not_picked":["Outmaneuver","Acrobatics","Dodge and Roll"],"picked":"SKIP","floor":27}],"player_experience":993128,"relics_obtained":[{"floor":7,"key":"Gremlin Horn"},{"floor":22,"key":"Smiling Mask"},{"floor":26,"key":"Happy Flower"}],"event_choices":[{"damage_healed":0,"gold_gain":175,"player_choice":"AGREE","damage_taken":0,"max_hp_gain":0,"max_hp_loss":0,"event_name":"Liars Game","floor":2,"gold_loss":0,"cards_obtained":["Doubt"]},{"damage_healed":0,"gold_gain":0,"player_choice":"Donut","damage_taken":0,"max_hp_gain":5,"max_hp_loss":0,"event_name":"Big Fish","floor":4,"gold_loss":0},{"damage_healed":0,"gold_gain":0,"player_choice":"Entered Light","damage_taken":15,"max_hp_gain":0,"max_hp_loss":0,"event_name":"Shining Light","floor":10,"gold_loss":0,"cards_upgraded":["Neutralize","Defend_G"]},{"damage_healed":0,"gold_gain":0,"player_choice":"Ignored","damage_taken":0,"max_hp_gain":0,"max_hp_loss":0,"event_name":"Vampires","floor":19,"gold_loss":0},{"damage_healed":25,"gold_gain":0,"player_choice":"Heal","damage_taken":0,"max_hp_gain":0,"max_hp_loss":0,"event_name":"The Library","floor":21,"gold_loss":0}],"is_beta":false,"boss_relics":[{"not_picked":["Busted Crown","Ectoplasm"],"picked":"Orrery"}],"items_purged_floors":[5],"is_endless":false,"potions_floor_spawned":[1,7,16,24,27],"killed_by":"Gremlin Leader","ascension_level":0}