{"gold_per_floor":[110,121,134,56,75,75,0,0,0,0,34,34,61,76,76,150,150,163,163,63,73,90,90,110,129,154,154,154,172,172,172],"floor_reached":31,"playtime":1687,"items_purged":["Strike_G","Decay"],"score":549,"play_id":"67d69be6-05ab-4681-95e8-c4aad8893cdd","local_time":"20190412023645","is_ascension_mode":true,"campfire_choices":[{"data":"Noxious Fumes","floor":6,"key":"SMITH"},{"data":"Footwork","floor":8,"key":"SMITH"},{"data":"Neutralize","floor":12,"key":"SMITH"},{"data":"Dodge and Roll","floor":15,"key":"SMITH"},{"data":"Dodge and Roll","floor":23,"key":"SMITH"},{"floor":28,"key":"REST"}],"neow_cost":"NONE","seed_source_timestamp":3720846165972137,"circlet_count":0,"master_deck":["AscendersBane","Defend_G","Defend_G","Defend_G","Defend_G","Defend_G","Strike_G","Strike_G","Survivor","Neutralize+1","Deadly Poison","Footwork+1","Dodge and Roll+1","Noxious Fumes+1","Dodge and Roll+1","Escape Plan","Escape Plan","Tools of the Trade","Dodge and Roll","Prepared+1","Caltrops","Reflex","Tools of the Trade","Venomology","Deflect"],"relics":["Ring of the Snake","Centennial Puzzle","Dead Branch","Mummified Hand","Sundial","Runic Dome","Juzu Bracelet"],"potions_floor_usage":[5,18,24,29,31],"damage_taken":[{"damage":8,"enemies":"Cultist","floor":1,"turns":6},{"damage":2,"enemies":"Jaw Worm","floor":2,"turns":4},{"damage":4,"enemies":"2 Louse","floor":3,"turns":3},{"damage":2,"enemies":"Looter","floor":5,"turns":4},{"damage":13,"enemies":"3 Sentries","floor":11,"turns":8},{"damage":1,"enemies":"Lagavulin","floor":13,"turns":6},{"damage":4,"enemies":"Large Slime","floor":14,"turns":7},{"damage":0,"enemies":"The Guardian","floor":16,"turns":10},{"damage":12,"enemies":"Chosen","floor":18,"turns":6},{"damage":0,"enemies":"3 Byrds","floor":21,"turns":8},{"damage":4,"enemies":"Snecko","floor":22,"turns":8},{"damage":34,"enemies":"Cultist and Chosen","floor":24,"turns":7},{"damage":2,"enemies":"Snake Plant","floor":25,"turns":5},{"damage":11,"enemies":"Snecko","floor":29,"turns":7},{"damage":13,"enemies":"Gremlin Leader","floor":31,"turns":2}],"seed_played":"-5281794731203497975","potions_obtained":[{"floor":3,"key":"Poison Potion"},{"floor":11,"key":"Weak Potion"},{"floor":13,"key":"Weak Potion"},{"floor":24,"key":"Poison Potion"},{"floor":25,"key":"LiquidBronze"},{"floor":29,"key":"Energy Potion"}],"is_trial":false,"path_per_floor":["M","M","M","$","M","R","$","R","T","T","E","R","E","M","R","B",null,"M","?","$","M","M","R","M","M","T","?","R","M","?","E"],"character_chosen":"THE_SILENT","items_purchased":["Noxious Fumes"],"campfire_rested":1,"item_purchase_floors":[4],"current_hp_per_floor":[51,49,45,45,43,43,43,43,43,43,30,30,29,25,25,25,56,44,44,44,44,40,40,6,4,4,4,23,12,12,0],"gold":172,"neow_bonus":"RANDOM_COMMON_RELIC","is_prod":false,"is_daily":false,"chose_seed":false,"campfire_upgraded":5,"win_rate":0,"timestamp":1555004205,"path_taken":["M","?","M","?","?","R","?","R","T","?","E","R","E","?","R","BOSS","M","?","$","M","M","R","M","M","T","?","R","M","?","E"],"build_version":"2019-04-04","purchased_purges":2,"victory":false,"max_hp_per_floor":[66,66,66,66,66,66,66,66,66,66,66,66,66,66,66,66,66,66,66,66,66,66,66,66,66,66,66,66,66,66,66],"card_choices":[{"not_picked":["Endless Agony","PiercingWail"],"picked":"Deadly Poison","floor":1},{"not_picked":["Prepared","Underhanded Strike"],"picked":"Footwork","floor":2},{"not_picked":["Terror","Blade Dance"],"picked":"Dodge and Roll","floor":3},{"not_picked":["Prepared","All Out Attack"],"picked":"Dodge and Roll","floor":5},{"not_picked":["Reflex","Deadly Poison"],"picked":"Escape Plan","floor":11},{"not_picked":["All Out Attack","Tactician","Quick Slash"],"picked":"SKIP","floor":13},{"not_picked":["Terror","Prepared"],"picked":"Escape Plan","floor":14},{"not_picked":["Doppelganger","Phantasmal Killer"],"picked":"Tools of the Trade","floor":16},{"not_picked":["Underhanded Strike","Slice"],"picked":"Dodge and Roll","floor":18},{"not_picked":["Flying Knee","Deadly Poison"],"picked":"Prepared+1","floor":21},{"not_picked":["Flying Knee+1","Backstab"],"picked":"Caltrops","floor":22},{"not_picked":["Dash","Skewer+1"],"picked":"Reflex","floor":24},{"not_picked":["Finisher","Poisoned Stab","Bane"],"picked":"SKIP","floor":25},{"not_picked":["Bouncing Flask","Sucker Punch"],"picked":"Tools of the Trade","floor":29}],"player_experience":2906491,"relics_obtained":[{"floor":10,"key":"Dead Branch"},{"floor":11,"key":"Mummified Hand"},{"floor":13,"key":"Sundial"},{"floor":26,"key":"Juzu Bracelet"}],"event_choices":[{"damage_healed":0,"gold_gain":0,"player_choice":"Smashed Altar","damage_taken":0,"max_hp_gain":0,"max_hp_loss":0,"event_name":"Forgotten Altar","floor":19,"gold_loss":0,"cards_obtained":["Decay"]},{"damage_healed":0,"gold_gain":0,"player_choice":"Ignored","damage_taken":0,"max_hp_gain":0,"max_hp_loss":0,"event_name":"The Mausoleum","floor":27,"gold_loss":0},{"damage_healed":0,"gold_gain":0,"cards_transformed":["Strike_G","Strike_G"],"player_choice":"Became Test Subject","damage_taken":0,"max_hp_gain":0,"max_hp_loss":0,"event_name":"Drug Dealer","floor":30,"gold_loss":0,"cards_obtained":["Venomology","Deflect"]}],"is_beta":true,"boss_relics":[{"not_picked":["WristBlade","Snecko Eye"],"picked":"Runic Dome"}],"items_purged_floors":[7,20],"is_endless":false,"potions_floor_spawned":[3,11,13,14,24,25,29],"killed_by":"Gremlin Leader","ascension_level":17}