{"gold_per_floor":[116,133,143,163,179,179,208,208,262,293,306,306,306,326,326,397,397,408,420,420,433,443,443,462,462,462,462,481,481,498,509,509,586,586,604,604,452,463,98,98,112,112,112,125,144,144],"floor_reached":46,"playtime":3567,"items_purged":["Strike_G","Strike_G"],"score":795,"play_id":"b66558bb-c4ce-4ea1-8248-2fe6daa7d169","local_time":"20181205030621","is_ascension_mode":true,"campfire_choices":[{"data":"Cloak And Dagger","floor":6.0,"key":"SMITH"},{"data":"Cloak And Dagger","floor":8.0,"key":"SMITH"},{"floor":12.0,"key":"REST"},{"data":"Neutralize","floor":15.0,"key":"SMITH"},{"floor":23,"key":"REST"},{"data":"Footwork","floor":25,"key":"SMITH"},{"data":"Well Laid Plans","floor":27,"key":"SMITH"},{"data":"Tools of the Trade","floor":29,"key":"SMITH"},{"floor":32,"key":"REST"},{"data":"Magnetism","floor":40,"key":"SMITH"},{"data":"Envenom","floor":42,"key":"SMITH"}],"neow_cost":"NONE","seed_source_timestamp":94218186299743,"circlet_count":0,"master_deck":["AscendersBane","Defend_G","Defend_G","Defend_G","Defend_G","Defend_G","Survivor","Neutralize+1","Well Laid Plans+1","Cloak And Dagger+1","Cloak And Dagger+1","Backflip+1","Backflip+1","Endless Agony","Predator","Predator","Escape Plan","Cloak And Dagger","A Thousand Cuts","Envenom+1","Reflex+1","Flying Knee+1","Leg Sweep","Footwork+1","Backstab","Noxious Fumes","PiercingWail","Backflip+1","Flying Knee+1","Tools of the Trade+1","Deflect","Dagger Spray+1","After Image","Deflect","Thinking Ahead","Footwork","After Image","Envenom+1","Magnetism+1","Discovery","Escape Plan+1","Distraction+1"],"special_seed":0,"relics":["Lizard Tail","Prayer Wheel","Mercury Hourglass","Astrolabe","Nloth\u0027s Gift","Ginger","Sozu","Blood Vial"],"potions_floor_usage":[31,33,33],"damage_taken":[{"damage":2.0,"enemies":"Jaw Worm","floor":1.0,"turns":5.0},{"damage":0.0,"enemies":"2 Louse","floor":2.0,"turns":4.0},{"damage":2.0,"enemies":"Cultist","floor":3.0,"turns":5.0},{"damage":0.0,"enemies":"3 Louse","floor":4.0,"turns":6.0},{"damage":2.0,"enemies":"Large Slime","floor":5.0,"turns":7.0},{"damage":7.0,"enemies":"3 Sentries","floor":7.0,"turns":10.0},{"damage":38.0,"enemies":"Gremlin Nob","floor":10.0,"turns":6.0},{"damage":3.0,"enemies":"Looter","floor":11.0,"turns":3.0},{"damage":1.0,"enemies":"2 Fungi Beasts","floor":14.0,"turns":3.0},{"damage":10.0,"enemies":"The Guardian","floor":16.0,"turns":15.0},{"damage":5.0,"enemies":"Shell Parasite","floor":18.0,"turns":7.0},{"damage":15,"enemies":"2 Thieves","floor":19,"turns":5},{"damage":5,"enemies":"Snecko","floor":21,"turns":7},{"damage":7,"enemies":"3 Cultists","floor":22,"turns":6},{"damage":2,"enemies":"Shelled Parasite and Fungi","floor":24,"turns":8},{"damage":0,"enemies":"Snake Plant","floor":28,"turns":5},{"damage":8,"enemies":"3 Cultists","floor":30,"turns":5},{"damage":5,"enemies":"Chosen and Byrds","floor":31,"turns":6},{"damage":41,"enemies":"Champ","floor":33,"turns":13},{"damage":4,"enemies":"3 Shapes","floor":35,"turns":3},{"damage":2,"enemies":"Orb Walker","floor":38,"turns":4},{"damage":47,"enemies":"Transient","floor":41,"turns":5},{"damage":23,"enemies":"Jaw Worm Horde","floor":44,"turns":5},{"damage":9,"enemies":"Spire Growth","floor":45,"turns":9},{"damage":8,"enemies":"Reptomancer","floor":46,"turns":3}],"seed_played":"1193522893251612391","potions_obtained":[{"floor":2.0,"key":"FairyPotion"},{"floor":3.0,"key":"Ancient Potion"},{"floor":4.0,"key":"Fire Potion"},{"floor":10.0,"key":"SpeedPotion"},{"floor":21,"key":"Block Potion"},{"floor":31,"key":"LiquidBronze"}],"is_trial":false,"path_per_floor":["M","M","M","M","M","R","E","R","T","E","M","R","?","M","R","B",null,"M","M","?","M","M","R","M","R","T","R","M","R","M","M","R","B",null,"M","?","$","M","$","R","M","R","T","M","M","E"],"character_chosen":"THE_SILENT","items_purchased":["Footwork","Magnetism","Discovery"],"campfire_rested":3,"item_purchase_floors":[37,39,39],"current_hp_per_floor":[57,57,55,55,53,53,46,46,46,8,5,24,46,45,45,35,58,53,38,38,33,26,45,43,43,43,43,43,43,35,30,49,8,52,48,48,48,46,46,46,33,33,33,12,5,0],"gold":144,"neow_bonus":"BOSS_RELIC","is_prod":false,"is_daily":false,"chose_seed":false,"campfire_upgraded":8,"win_rate":0,"timestamp":1543946781,"path_taken":["M","M","M","M","M","R","E","R","T","E","M","R","?","M","R","BOSS","M","M","?","M","M","R","M","R","T","R","M","R","M","?","R","BOSS","M","?","$","M","$","R","M","R","T","M","M","E"],"build_version":"2018-12-4","purchased_purges":2,"victory":false,"max_hp_per_floor":[66,66,66,66,66,66,66,66,66,66,66,66,66,66,66,66,66,66,66,66,66,66,66,66,66,66,66,66,66,66,66,66,66,66,66,66,66,66,66,66,66,66,66,66,66,66],"card_choices":[{"not_picked":["Underhanded Strike","Acrobatics"],"picked":"Well Laid Plans","floor":1.0},{"not_picked":["Concentrate","Tactician"],"picked":"Cloak And Dagger","floor":2.0},{"not_picked":["Backstab","Underhanded Strike"],"picked":"Cloak And Dagger","floor":3.0},{"not_picked":["PiercingWail","Dagger Throw"],"picked":"Backflip","floor":4.0},{"not_picked":["Poisoned Stab","Slice"],"picked":"Backflip","floor":5.0},{"not_picked":["Poisoned Stab","Acrobatics"],"picked":"Endless Agony","floor":7.0},{"not_picked":["Acrobatics","Blade Dance"],"picked":"Predator","floor":10.0},{"not_picked":["Eviscerate","Deadly Poison"],"picked":"Predator","floor":11.0},{"not_picked":["Slice","Dagger Throw","Unload"],"picked":"SKIP","floor":11.0},{"not_picked":["Dodge and Roll","Bane"],"picked":"Escape Plan","floor":14.0},{"not_picked":["Skewer","Sucker Punch"],"picked":"Cloak And Dagger","floor":14.0},{"not_picked":["Die Die Die","Venomology"],"picked":"A Thousand Cuts","floor":16.0},{"not_picked":["Cloak And Dagger","Caltrops"],"picked":"Leg Sweep","floor":18.0},{"not_picked":["Eviscerate","Prepared","Deadly Poison"],"picked":"SKIP","floor":18.0},{"not_picked":["Cloak And Dagger+1","Expertise"],"picked":"Footwork","floor":19},{"not_picked":["Finisher","Poisoned Stab+1"],"picked":"Backstab","floor":19},{"not_picked":["Sucker Punch","Dash"],"picked":"Noxious Fumes","floor":21},{"not_picked":["Tactician","Bane","Dagger Spray"],"picked":"SKIP","floor":21},{"not_picked":["Poisoned Stab+1","Reflex"],"picked":"PiercingWail","floor":22},{"not_picked":["Deadly Poison","All Out Attack","Bane"],"picked":"SKIP","floor":22},{"not_picked":["Sucker Punch+1","Backstab"],"picked":"Backflip+1","floor":24},{"not_picked":["Dagger Throw","Skewer"],"picked":"Flying Knee+1","floor":24},{"not_picked":["Dagger Throw","Deflect"],"picked":"Tools of the Trade","floor":28},{"not_picked":["Dagger Spray","Underhanded Strike"],"picked":"Deflect","floor":28},{"not_picked":["Eviscerate","Poisoned Stab"],"picked":"Dagger Spray+1","floor":30},{"not_picked":["Choke","Dagger Throw","Acrobatics+1"],"picked":"SKIP","floor":30},{"not_picked":["Dodge and Roll","Poisoned Stab","Backflip"],"picked":"SKIP","floor":31},{"not_picked":["Blade Dance","Quick Slash","Unload"],"picked":"SKIP","floor":31},{"not_picked":["A Thousand Cuts","Unload"],"picked":"After Image","floor":33},{"not_picked":["Predator","PiercingWail"],"picked":"Deflect","floor":35},{"not_picked":["Bane","Flying Knee+1","Dodge and Roll"],"picked":"SKIP","floor":35},{"not_picked":["Mind Blast","Good Instincts"],"picked":"Thinking Ahead","floor":36},{"not_picked":["Dagger Spray","Dagger Throw"],"picked":"After Image","floor":38},{"not_picked":["Underhanded Strike","Deadly Poison+1"],"picked":"Envenom","floor":38},{"not_picked":["Leg Sweep","Prepared","Blade Dance"],"picked":"SKIP","floor":41},{"not_picked":["Noxious Fumes","Choke+1","Backflip"],"picked":"SKIP","floor":41},{"not_picked":["Footwork","Bane"],"picked":"Escape Plan+1","floor":44},{"not_picked":["Bane","Underhanded Strike","Dodge and Roll"],"picked":"SKIP","floor":44},{"not_picked":["Flying Knee","Outmaneuver+1"],"picked":"Distraction+1","floor":45},{"not_picked":["Quick Slash","Dodge and Roll","Crippling Poison"],"picked":"SKIP","floor":45}],"player_experience":2501270,"relics_obtained":[{"floor":7.0,"key":"Prayer Wheel"},{"floor":9.0,"key":"War Paint"},{"floor":10.0,"key":"Mercury Hourglass"},{"floor":26,"key":"Ginger"},{"floor":43,"key":"Blood Vial"}],"event_choices":[{"damage_healed":22.0,"max_hp_gain":0.0,"max_hp_loss":0.0,"gold_gain":0.0,"event_name":"Big Fish","player_choice":"Banana","floor":13.0,"gold_loss":0.0,"damage_taken":0.0},{"damage_healed":0,"gold_gain":0,"player_choice":"Traded Relic","damage_taken":0,"relics_obtained":["Nloth\u0027s Gift"],"max_hp_gain":0,"max_hp_loss":0,"event_name":"N\u0027loth","floor":20,"relics_lost":["War Paint"],"gold_loss":0},{"damage_healed":0,"gold_gain":0,"player_choice":"Memory 1","damage_taken":0,"max_hp_gain":0,"max_hp_loss":0,"event_name":"SensoryStone","floor":36,"gold_loss":0}],"is_beta":true,"boss_relics":[{"not_picked":["Black Star","Eternal Feather"],"picked":"Astrolabe"},{"not_picked":["Snecko Eye","Calling Bell"],"picked":"Sozu"}],"items_purged_floors":[37,39],"is_endless":false,"potions_floor_spawned":[2,3,4,10,21,22,24,31,44,45],"killed_by":"Reptomancer","ascension_level":15}