{"gold_per_floor":[115,115,115,130,197,223,223,223],"floor_reached":8,"playtime":221,"items_purged":[],"score":104,"play_id":"039a140f-a1fe-415f-911f-29daf633b42a","local_time":"20190516121250","is_ascension_mode":true,"campfire_choices":[{"floor":7,"key":"REST"}],"neow_cost":"NONE","seed_source_timestamp":1711729742630924,"circlet_count":0,"master_deck":["AscendersBane","Defend_G","Defend_G","Defend_G","Defend_G","Defend_G","Strike_G","Strike_G","Strike_G","Strike_G","Strike_G","Survivor","Neutralize","Backstab","Adrenaline","PiercingWail"],"relics":["Ring of the Snake","NeowsBlessing","SsserpentHead","The Courier"],"potions_floor_usage":[6,6],"damage_taken":[{"damage":0,"enemies":"2 Louse","floor":1,"turns":1},{"damage":0,"enemies":"Cultist","floor":4,"turns":1},{"damage":0,"enemies":"Jaw Worm","floor":5,"turns":1},{"damage":50,"enemies":"Gremlin Nob","floor":6,"turns":6},{"damage":52,"enemies":"Lagavulin","floor":8,"turns":10}],"seed_played":"3319767329204363561","potions_obtained":[{"floor":1,"key":"Explosive Potion"},{"floor":4,"key":"GamblersBrew"}],"is_trial":false,"path_per_floor":["M","?","?","M","M","E","R","E"],"character_chosen":"THE_SILENT","items_purchased":[],"campfire_rested":1,"item_purchase_floors":[],"current_hp_per_floor":[59,64,64,64,64,14,35,0],"gold":223,"neow_bonus":"THREE_ENEMY_KILL","is_prod":false,"is_daily":false,"chose_seed":false,"campfire_upgraded":0,"win_rate":0,"timestamp":1557976370,"path_taken":["M","?","?","M","?","E","R","E"],"build_version":"2019-05-07","purchased_purges":0,"victory":false,"max_hp_per_floor":[66,71,71,71,71,71,71,71],"card_choices":[{"not_picked":["Prepared","Bane"],"picked":"Backstab","floor":1},{"not_picked":["Flying Knee","Sucker Punch"],"picked":"Adrenaline","floor":4},{"not_picked":["Cloak And Dagger","Sucker Punch"],"picked":"PiercingWail","floor":5},{"not_picked":["Choke","Blade Dance","Concentrate"],"picked":"SKIP","floor":6}],"player_experience":3266184,"relics_obtained":[{"floor":6,"key":"The Courier"}],"event_choices":[{"damage_healed":0,"gold_gain":0,"player_choice":"Donut","damage_taken":0,"max_hp_gain":5,"max_hp_loss":0,"event_name":"Big Fish","floor":2,"gold_loss":0},{"damage_healed":0,"gold_gain":0,"player_choice":"Trade","damage_taken":0,"relics_obtained":["SsserpentHead"],"max_hp_gain":0,"max_hp_loss":0,"event_name":"FaceTrader","floor":3,"gold_loss":0}],"is_beta":true,"boss_relics":[],"items_purged_floors":[],"is_endless":false,"potions_floor_spawned":[1,4,5],"killed_by":"Lagavulin","ascension_level":17}