{"gold_per_floor":[117,117,42,42,42,42,60,135,135,163,176,176,176,211,211,289,289,299,317,317,317,328,328,354,5,5,31,31,46,46],"floor_reached":30,"playtime":1546,"items_purged":["Strike_G"],"score":553,"play_id":"18991876-6d00-43c7-b0ff-8cbce58f8d3d","local_time":"20190409042023","is_ascension_mode":true,"campfire_choices":[{"data":"Neutralize","floor":6.0,"key":"SMITH"},{"data":"Deadly Poison","floor":13.0,"key":"SMITH"},{"data":"Wraith Form v2","floor":15.0,"key":"SMITH"},{"data":"Setup","floor":23.0,"key":"SMITH"},{"data":"Chrysalis","floor":28.0,"key":"SMITH"}],"neow_cost":"NONE","seed_source_timestamp":3467685325963937,"circlet_count":0,"master_deck":["AscendersBane","Defend_G","Defend_G","Defend_G","Defend_G","Defend_G","Strike_G","Strike_G","Strike_G","Survivor","Neutralize+1","Deadly Poison+1","Bouncing Flask","Escape Plan","Wraith Form v2+1","Wraith Form v2+1","Wraith Form v2","Setup+1","Deadly Poison","Flying Knee+1","Enlightenment","Chrysalis+1","Dagger Throw+1"],"special_seed":0,"relics":["Ring of the Snake","NeowsBlessing","Paper Crane","Unceasing Top","Juzu Bracelet","Coffee Dripper","Bottled Tornado","Darkstone Periapt","Oddly Smooth Stone"],"potions_floor_usage":[30],"damage_taken":[{"damage":0.0,"enemies":"Jaw Worm","floor":1.0,"turns":1.0},{"damage":0.0,"enemies":"2 Louse","floor":7.0,"turns":1.0},{"damage":0.0,"enemies":"Gremlin Nob","floor":10.0,"turns":1.0},{"damage":3.0,"enemies":"Small Slimes","floor":11.0,"turns":4.0},{"damage":2.0,"enemies":"Lagavulin","floor":14.0,"turns":6.0},{"damage":25.0,"enemies":"Slime Boss","floor":16.0,"turns":14.0},{"damage":5.0,"enemies":"Shell Parasite","floor":18.0,"turns":6.0},{"damage":0.0,"enemies":"Spheric Guardian","floor":19.0,"turns":4.0},{"damage":11.0,"enemies":"Cultist and Chosen","floor":22.0,"turns":11.0},{"damage":7.0,"enemies":"Gremlin Leader","floor":24.0,"turns":7.0},{"damage":9.0,"enemies":"Book of Stabbing","floor":27.0,"turns":7.0},{"damage":3.0,"enemies":"Shelled Parasite and Fungi","floor":29.0,"turns":7.0},{"damage":19,"enemies":"Gremlin Leader","floor":30,"turns":5}],"seed_played":"-3446759479342893188","potions_obtained":[{"floor":7.0,"key":"Block Potion"},{"floor":11.0,"key":"SkillPotion"},{"floor":18.0,"key":"Energy Potion"},{"floor":22.0,"key":"Ancient Potion"},{"floor":29.0,"key":"AttackPotion"}],"is_trial":false,"path_per_floor":["M","?","?","?","$","R","M","?","T","E","M","?","R","E","R","B",null,"M","M","?","$","M","R","E","$","T","E","R","M","E"],"character_chosen":"THE_SILENT","items_purchased":["Enlightenment","Chrysalis"],"campfire_rested":0,"item_purchase_floors":[25,25],"current_hp_per_floor":[59,59,59,52,52,52,52,41,41,41,38,38,38,36,36,11,52,47,47,47,47,36,36,29,29,29,20,20,17,0],"gold":46,"neow_bonus":"THREE_ENEMY_KILL","is_prod":false,"is_daily":false,"chose_seed":false,"campfire_upgraded":5,"win_rate":0,"timestamp":1554751223,"path_taken":["M","?","?","?","$","R","M","?","T","E","?","?","R","E","R","BOSS","M","M","?","$","M","R","E","$","T","E","R","M","E"],"build_version":"2019-04-04","purchased_purges":1,"victory":false,"max_hp_per_floor":[66,66,66,66,66,66,66,66,66,66,66,66,66,66,66,66,66,66,66,66,66,66,66,66,66,66,66,66,66,66],"card_choices":[{"not_picked":["Flechettes","Concentrate"],"picked":"Deadly Poison","floor":1.0},{"not_picked":["Eviscerate","Slice"],"picked":"Bouncing Flask","floor":7.0},{"not_picked":["PiercingWail","Dagger Throw"],"picked":"Escape Plan","floor":10.0},{"not_picked":["Outmaneuver","Quick Slash"],"picked":"Wraith Form v2","floor":11.0},{"not_picked":["Flying Knee","Cloak And Dagger"],"picked":"Wraith Form v2","floor":14.0},{"not_picked":["Venomology","Unload"],"picked":"Wraith Form v2","floor":16.0},{"not_picked":["Riddle With Holes","Poisoned Stab","Dodge and Roll"],"picked":"SKIP","floor":18.0},{"not_picked":["Reflex+1","Expertise"],"picked":"Setup","floor":19.0},{"not_picked":["Tactician+1","Blade Dance"],"picked":"Deadly Poison","floor":22.0},{"not_picked":["Venomology","Terror"],"picked":"Flying Knee+1","floor":24.0},{"not_picked":["Sucker Punch","Dagger Spray","Envenom"],"picked":"SKIP","floor":27.0},{"not_picked":["Underhanded Strike","Deadly Poison"],"picked":"Dagger Throw+1","floor":29.0}],"player_experience":2863873,"relics_obtained":[{"floor":10.0,"key":"Unceasing Top"},{"floor":14.0,"key":"Juzu Bracelet"},{"floor":24.0,"key":"Bottled Tornado"},{"floor":26.0,"key":"Darkstone Periapt"},{"floor":27.0,"key":"Oddly Smooth Stone"}],"event_choices":[{"damage_healed":0.0,"max_hp_gain":0.0,"max_hp_loss":0.0,"gold_gain":0.0,"event_name":"Big Fish","player_choice":"Box","floor":2.0,"gold_loss":0.0,"damage_taken":0.0,"relics_obtained":["Paper Crane"],"cards_obtained":["Regret"]},{"cards_removed":["Regret"],"damage_healed":0.0,"max_hp_gain":0.0,"max_hp_loss":0.0,"gold_gain":0.0,"event_name":"The Cleric","player_choice":"Card Removal","floor":3.0,"gold_loss":75.0,"damage_taken":0.0},{"cards_removed":["Strike_G"],"damage_healed":0.0,"max_hp_gain":0.0,"max_hp_loss":0.0,"gold_gain":0.0,"event_name":"Golden Wing","player_choice":"Card Removal","floor":4.0,"gold_loss":0.0,"damage_taken":7.0},{"damage_healed":0.0,"max_hp_gain":0.0,"max_hp_loss":0.0,"gold_gain":75.0,"event_name":"World of Goop","player_choice":"Gather Gold","floor":8.0,"gold_loss":0.0,"damage_taken":11.0},{"damage_healed":0.0,"max_hp_gain":0.0,"max_hp_loss":0.0,"gold_gain":0.0,"event_name":"Living Wall","player_choice":"Grow","floor":12.0,"gold_loss":0.0,"damage_taken":0.0,"cards_upgraded":["Wraith Form v2"]},{"damage_healed":0.0,"max_hp_gain":0.0,"max_hp_loss":0.0,"gold_gain":0.0,"event_name":"Vampires","player_choice":"Ignored","floor":20.0,"gold_loss":0.0,"damage_taken":0.0}],"is_beta":true,"boss_relics":[{"not_picked":["Empty Cage","Orrery"],"picked":"Coffee Dripper"}],"items_purged_floors":[25],"is_endless":false,"potions_floor_spawned":[7,11,18,22,29],"killed_by":"Gremlin Leader","ascension_level":17}