{"gold_per_floor":[119,137,156,167,167,167,196,196,226,257,275,308,24,24,24,95,95,111,111,125,151,51,51,69,69,96,110,110,120,145,172,172,249,249,266,266,89,189,205,205,205,205,205,231,249,249,249,266,266,266,266,266,266,48,83,83],"floor_reached":57,"playtime":3023,"items_purged":["Strike_B","Pain","Rip and Tear"],"score":2611,"play_id":"62bf0b1c-015a-491a-9b8c-c3b3d004b937","local_time":"20190602022821","is_ascension_mode":true,"campfire_choices":[{"data":"Defragment","floor":6.0,"key":"SMITH"},{"floor":8.0,"key":"REST"},{"data":"Defragment","floor":15.0,"key":"SMITH"},{"floor":23.0,"key":"REST"},{"data":"Fusion","floor":25.0,"key":"SMITH"},{"floor":28.0,"key":"REST"},{"floor":32.0,"key":"REST"},{"data":"Skim","floor":40.0,"key":"SMITH"},{"data":"Hologram","floor":42.0,"key":"SMITH"},{"floor":47.0,"key":"RECALL"},{"data":"Capacitor","floor":49.0,"key":"SMITH"},{"floor":53.0,"key":"REST"}],"neow_cost":"NONE","seed_source_timestamp":533066188297000,"circlet_count":0,"master_deck":["AscendersBane","Zap","Dualcast","Conserve Battery","Defragment+1","Cold Snap","Compile Driver","Sunder","Echo Form","Defragment+1","Capacitor+1","Chill","Force Field","Echo Form","Fusion+1","Undo","Doom and Gloom","Recycle+1","Reinforced Body","Fission","Glacier","FTL+1","Meteor Strike","Electrodynamics","Hologram+1","Skim+1","Barrage+1","Compile Driver"],"special_seed":0,"relics":["Cracked Core","Dream Catcher","Tiny Chest","Ornamental Fan","Letter Opener","Blood Vial","Pandora\u0027s Box","WarpedTongs","Lantern","Bottled Lightning","Vajra","Busted Crown","Torii","Mummified Hand","Ancient Tea Set","Bag of Preparation","Bronze Scales"],"potions_floor_usage":[56],"damage_taken":[{"damage":0.0,"enemies":"2 Louse","floor":1.0,"turns":2.0},{"damage":0.0,"enemies":"Small Slimes","floor":2.0,"turns":4.0},{"damage":0.0,"enemies":"Cultist","floor":3.0,"turns":3.0},{"damage":21.0,"enemies":"Exordium Thugs","floor":4.0,"turns":5.0},{"damage":11.0,"enemies":"Lagavulin","floor":7.0,"turns":6.0},{"damage":23.0,"enemies":"Gremlin Nob","floor":10.0,"turns":4.0},{"damage":14.0,"enemies":"Exordium Wildlife","floor":11.0,"turns":4.0},{"damage":11.0,"enemies":"3 Sentries","floor":12.0,"turns":8.0},{"damage":25.0,"enemies":"The Guardian","floor":16.0,"turns":11.0},{"damage":17.0,"enemies":"Shell Parasite","floor":18.0,"turns":8.0},{"damage":13.0,"enemies":"Chosen","floor":20.0,"turns":5.0},{"damage":5.0,"enemies":"Snecko","floor":24.0,"turns":6.0},{"damage":35.0,"enemies":"Shelled Parasite and Fungi","floor":27.0,"turns":6.0},{"damage":0.0,"enemies":"Centurion and Healer","floor":29.0,"turns":7.0},{"damage":38.0,"enemies":"Slavers","floor":30.0,"turns":4.0},{"damage":25.0,"enemies":"Champ","floor":33.0,"turns":10.0},{"damage":3.0,"enemies":"3 Darklings","floor":35.0,"turns":4.0},{"damage":0.0,"enemies":"Mind Bloom Boss Battle","floor":38.0,"turns":7.0},{"damage":0.0,"enemies":"3 Shapes","floor":39.0,"turns":5.0},{"damage":0.0,"enemies":"Giant Head","floor":44.0,"turns":6.0},{"damage":0.0,"enemies":"Transient","floor":45.0,"turns":6.0},{"damage":0.0,"enemies":"Maw","floor":48.0,"turns":8.0},{"damage":24.0,"enemies":"Donu and Deca","floor":50.0,"turns":9.0},{"damage":24.0,"enemies":"Time Eater","floor":51.0,"turns":11.0},{"damage":49.0,"enemies":"Shield and Spear","floor":55.0,"turns":7.0},{"damage":14,"enemies":"The Heart","floor":56,"turns":9}],"seed_played":"119382472917605175","potions_obtained":[{"floor":1.0,"key":"SteroidPotion"},{"floor":3.0,"key":"Swift Potion"},{"floor":10.0,"key":"PowerPotion"},{"floor":11.0,"key":"Regen Potion"},{"floor":16.0,"key":"AttackPotion"},{"floor":27.0,"key":"FocusPotion"},{"floor":38.0,"key":"Energy Potion"},{"floor":44.0,"key":"SpeedPotion"},{"floor":45.0,"key":"FearPotion"}],"is_trial":false,"path_per_floor":["M","M","M","M","?","R","E","R","T","E","M","E","$","?","R","B",null,"M","?","M","T","$","R","M","R","T","M","R","M","E","T","R","B",null,"M","?","$","?","M","R","?","R","T","E","M","?","R","M","R","B","B",null,"R","$","E","B",null],"character_chosen":"DEFECT","items_purchased":["Blood Vial","Force Field","Hologram","Bag of Preparation","Block Potion"],"campfire_rested":5,"item_purchase_floors":[13,13,37,54,54],"current_hp_per_floor":[64,64,64,43,43,43,32,53,53,30,16,20,20,25,25,2,58,43,43,32,32,32,54,51,51,51,18,40,42,6,6,28,5,58,57,57,57,59,61,61,61,61,61,63,65,65,65,67,67,45,23,63,76,76,27,15],"gold":83,"neow_bonus":"REMOVE_CARD","is_prod":false,"is_daily":false,"chose_seed":false,"campfire_upgraded":6,"win_rate":0,"timestamp":1559410101,"path_taken":["M","M","M","M","?","R","E","R","T","E","M","E","$","?","R","BOSS","M","?","?","?","$","R","M","R","T","M","R","M","E","?","R","BOSS","M","?","$","?","M","R","?","R","T","E","?","?","R","M","R","BOSS","BOSS","R","$","E","BOSS"],"build_version":"2019-01-23","purchased_purges":3,"victory":true,"max_hp_per_floor":[71,71,71,71,71,71,71,71,71,71,71,71,71,76,76,76,76,76,76,76,76,76,76,76,76,76,76,76,76,76,76,76,76,76,76,76,76,76,76,76,76,76,76,76,76,76,76,76,76,76,76,76,76,76,76,76],"card_choices":[{"not_picked":["Scrape","Go for the Eyes"],"picked":"Conserve Battery","floor":1.0},{"not_picked":["Steam","Skim"],"picked":"Defragment","floor":2.0},{"not_picked":["Rebound","Undo"],"picked":"Cold Snap","floor":3.0},{"not_picked":["Go for the Eyes","Reprogram"],"picked":"Compile Driver","floor":4.0},{"not_picked":["Ball Lightning","Seek"],"picked":"Echo Form","floor":7.0},{"not_picked":["Loop","Coolheaded"],"picked":"Defragment","floor":8.0},{"not_picked":["Streamline","Go for the Eyes","Sweeping Beam"],"picked":"SKIP","floor":10.0},{"not_picked":["Recycle","Fusion"],"picked":"Capacitor","floor":11.0},{"not_picked":["Multi-Cast","BootSequence"],"picked":"Chill","floor":12.0},{"not_picked":["Creative AI","Buffer"],"picked":"Echo Form","floor":16.0},{"not_picked":["Redo+1","Hologram"],"picked":"Recycle+1","floor":18.0},{"not_picked":["Cold Snap","Stack"],"picked":"Reinforced Body","floor":20.0},{"not_picked":["Hello World","Sweeping Beam","Ball Lightning"],"picked":"SKIP","floor":24.0},{"not_picked":["Leap","Doom and Gloom"],"picked":"Fission","floor":27.0},{"not_picked":["Ball Lightning","Reinforced Body"],"picked":"Glacier","floor":28.0},{"not_picked":["Steam Power","Gash"],"picked":"FTL+1","floor":29.0},{"not_picked":["Ball Lightning","Sunder"],"picked":"Meteor Strike","floor":30.0},{"not_picked":["Buffer","Hyperbeam"],"picked":"Electrodynamics","floor":33.0},{"not_picked":["Capacitor"],"picked":"SKIP","floor":35.0},{"not_picked":[],"picked":"Skim","floor":39.0},{"not_picked":["Double Energy"],"picked":"SKIP","floor":44.0},{"not_picked":["Fusion+1"],"picked":"SKIP","floor":45.0},{"not_picked":[],"picked":"Barrage+1","floor":48.0},{"not_picked":[],"picked":"Compile Driver","floor":55.0}],"player_experience":5243822,"relics_obtained":[{"floor":7.0,"key":"Dream Catcher"},{"floor":9.0,"key":"Tiny Chest"},{"floor":10.0,"key":"Ornamental Fan"},{"floor":12.0,"key":"Letter Opener"},{"floor":26.0,"key":"Lantern"},{"floor":30.0,"key":"Bottled Lightning"},{"floor":31.0,"key":"Vajra"},{"floor":38.0,"key":"Torii"},{"floor":43.0,"key":"Mummified Hand"},{"floor":44.0,"key":"Ancient Tea Set"},{"floor":55.0,"key":"Bronze Scales"}],"event_choices":[{"damage_healed":0.0,"max_hp_gain":0.0,"max_hp_loss":0.0,"gold_gain":0.0,"cards_transformed":["Defend_B"],"event_name":"Living Wall","player_choice":"Change","floor":5.0,"gold_loss":0.0,"damage_taken":0.0,"cards_obtained":["Sunder"]},{"damage_healed":0.0,"max_hp_gain":5.0,"max_hp_loss":0.0,"gold_gain":0.0,"event_name":"Big Fish","player_choice":"Donut","floor":14.0,"gold_loss":0.0,"damage_taken":0.0},{"damage_healed":0.0,"max_hp_gain":0.0,"max_hp_loss":0.0,"gold_gain":0.0,"event_name":"Accursed Blacksmith","player_choice":"Rummage","floor":19.0,"gold_loss":0.0,"damage_taken":0.0,"relics_obtained":["WarpedTongs"],"cards_obtained":["Pain"]},{"cards_removed":["Beam Cell"],"damage_healed":0.0,"max_hp_gain":0.0,"max_hp_loss":0.0,"gold_gain":0.0,"event_name":"Falling","player_choice":"Removed Attack","floor":36.0,"gold_loss":0.0,"damage_taken":0.0},{"damage_healed":0.0,"max_hp_gain":0.0,"max_hp_loss":0.0,"gold_gain":0.0,"event_name":"MindBloom","player_choice":"Fight","floor":38.0,"gold_loss":0.0,"damage_taken":0.0},{"damage_healed":0.0,"max_hp_gain":0.0,"max_hp_loss":0.0,"gold_gain":0.0,"event_name":"SecretPortal","player_choice":"Ignored","floor":41.0,"gold_loss":0.0,"damage_taken":0.0},{"damage_healed":0.0,"max_hp_gain":0.0,"max_hp_loss":0.0,"gold_gain":0.0,"event_name":"Match and Keep!","player_choice":"0 cards matched","floor":46.0,"gold_loss":0.0,"damage_taken":0.0,"cards_obtained":[]}],"is_beta":false,"boss_relics":[{"not_picked":["Ectoplasm","Runic Pyramid"],"picked":"Pandora\u0027s Box"},{"not_picked":["Fusion Hammer","Philosopher\u0027s Stone"],"picked":"Busted Crown"}],"items_purged_floors":[13,22,37],"is_endless":false,"potions_floor_spawned":[1,3,10,11,16,27,38,44,45],"ascension_level":20}