{"gold_per_floor":[110,110,260,65,65,65,103,103,103,147,106,106,125,141,141,236,236,254,254,11,11,61,100,123,123],"floor_reached":25,"playtime":462,"items_purged":["Doubt"],"score":575,"play_id":"a7144196-4252-49fd-ab21-6f7d7cdc1a72","local_time":"20190530022405","is_ascension_mode":true,"campfire_choices":[{"data":"Chaos","floor":6.0,"key":"SMITH"},{"data":"Sunder","floor":8.0,"key":"SMITH"},{"data":"Defragment","floor":15.0,"key":"SMITH"}],"neow_cost":"NONE","seed_source_timestamp":276328883232700,"circlet_count":0,"master_deck":["AscendersBane","Defend_B","Defend_B","Defend_B","Defend_B","Zap","Dualcast","White Noise","Sunder+1","Chaos+1","Rip and Tear","Defragment+1","Doom and Gloom","Reboot","Genetic Algorithm","Bite","Bite","Bite","Bite","Bite","Apotheosis","White Noise","Force Field+1"],"special_seed":0,"relics":["Cracked Core","NeowsBlessing","Golden Idol","Juzu Bracelet","Dream Catcher","Bronze Scales","Sozu","Smiling Mask"],"potions_floor_usage":[],"damage_taken":[{"damage":0.0,"enemies":"Jaw Worm","floor":1.0,"turns":1.0},{"damage":0.0,"enemies":"Gremlin Nob","floor":7.0,"turns":1.0},{"damage":0.0,"enemies":"3 Sentries","floor":10.0,"turns":1.0},{"damage":0.0,"enemies":"2 Louse","floor":13.0,"turns":1.0},{"damage":11.0,"enemies":"Small Slimes","floor":14.0,"turns":3.0},{"damage":17.0,"enemies":"The Guardian","floor":16.0,"turns":8.0},{"damage":6.0,"enemies":"Spheric Guardian","floor":18.0,"turns":3.0},{"damage":44,"enemies":"Gremlin Leader","floor":23,"turns":6},{"damage":14,"enemies":"3 Byrds","floor":24,"turns":2},{"damage":37,"enemies":"Slavers","floor":25,"turns":2}],"seed_played":"8896621367411210858","potions_obtained":[{"floor":7.0,"key":"AttackPotion"}],"is_trial":false,"path_per_floor":["M","?","?","$","?","R","E","R","T","E","?","?","M","M","R","B",null,"M","?","$","?","?","E","M","E"],"character_chosen":"DEFECT","items_purchased":["Sunder","Chaos","Apotheosis","White Noise"],"campfire_rested":0,"item_purchase_floors":[4,4,20,20],"current_hp_per_floor":[64,40,40,40,22,22,22,22,22,22,22,45,45,34,34,17,58,52,49,49,49,49,38,26,0],"gold":123,"neow_bonus":"THREE_ENEMY_KILL","is_prod":false,"is_daily":false,"chose_seed":false,"campfire_upgraded":3,"win_rate":0,"timestamp":1559150645,"path_taken":["M","?","?","$","?","R","E","R","T","E","?","?","M","M","R","BOSS","M","?","$","?","?","E","M","E"],"build_version":"2019-01-23","purchased_purges":1,"victory":false,"max_hp_per_floor":[71,71,71,71,71,71,71,71,71,71,71,71,71,71,71,71,71,71,49,49,49,49,49,49,49],"card_choices":[{"not_picked":["Cold Snap","Compile Driver"],"picked":"White Noise","floor":1.0},{"not_picked":["Sweeping Beam","Coolheaded"],"picked":"Rip and Tear","floor":7.0},{"not_picked":["Lockon","Storm"],"picked":"Defragment","floor":10.0},{"not_picked":["Rip and Tear","Turbo"],"picked":"Doom and Gloom","floor":13.0},{"not_picked":["Storm","Steam Power","Turbo"],"picked":"SKIP","floor":14.0},{"not_picked":["Biased Cognition","Creative AI"],"picked":"Reboot","floor":16.0},{"not_picked":["Coolheaded","Compile Driver"],"picked":"Genetic Algorithm","floor":18.0},{"not_picked":["Coolheaded","Steam"],"picked":"Force Field+1","floor":23},{"not_picked":["Blizzard","Steam","Ball Lightning"],"picked":"SKIP","floor":24}],"player_experience":5201342,"relics_obtained":[{"floor":7.0,"key":"Dream Catcher"},{"floor":10.0,"key":"Bronze Scales"},{"floor":23,"key":"Smiling Mask"}],"event_choices":[{"damage_healed":0.0,"max_hp_gain":0.0,"max_hp_loss":0.0,"gold_gain":0.0,"event_name":"Golden Idol","player_choice":"Take Damage","floor":2.0,"gold_loss":0.0,"damage_taken":24.0,"relics_obtained":["Golden Idol"]},{"damage_healed":0.0,"max_hp_gain":0.0,"max_hp_loss":0.0,"gold_gain":150.0,"event_name":"Liars Game","player_choice":"AGREE","floor":3.0,"gold_loss":0.0,"damage_taken":0.0,"cards_obtained":["Doubt"]},{"damage_healed":0.0,"max_hp_gain":0.0,"max_hp_loss":0.0,"gold_gain":0.0,"event_name":"Scrap Ooze","player_choice":"Success","floor":5.0,"gold_loss":0.0,"damage_taken":18.0,"relics_obtained":["Juzu Bracelet"]},{"damage_healed":0.0,"max_hp_gain":0.0,"max_hp_loss":0.0,"gold_gain":0.0,"event_name":"World of Goop","player_choice":"Left Gold","floor":11.0,"gold_loss":41.0,"damage_taken":0.0},{"damage_healed":23.0,"max_hp_gain":0.0,"max_hp_loss":0.0,"gold_gain":0.0,"event_name":"Big Fish","player_choice":"Banana","floor":12.0,"gold_loss":0.0,"damage_taken":0.0},{"damage_healed":0.0,"max_hp_gain":0.0,"max_hp_loss":22.0,"gold_gain":0.0,"event_name":"Vampires","player_choice":"Became a vampire","floor":19.0,"gold_loss":0.0,"damage_taken":0.0,"cards_obtained":["Bite","Bite","Bite","Bite","Bite"]},{"damage_healed":0.0,"max_hp_gain":0.0,"max_hp_loss":0.0,"gold_gain":50.0,"event_name":"Nest","player_choice":"Stole From Cult","floor":22.0,"gold_loss":0.0,"damage_taken":0.0}],"is_beta":false,"boss_relics":[{"not_picked":["Tiny House","Cursed Key"],"picked":"Sozu"}],"items_purged_floors":[4],"is_endless":false,"potions_floor_spawned":[7,18],"killed_by":"Slavers","ascension_level":20}