{"gold_per_floor":[119,129,147,15,15,15,43,43,43,43,43,76,94,94,94,170,170,170,188,39,50,0,0,0,0,0,0,0,18,36,51,51,51],"floor_reached":33,"playtime":2291,"items_purged":["Strike_G","Acrobatics"],"score":472,"play_id":"95b20f73-e075-4e46-89b8-40783113c611","local_time":"20190509041300","is_ascension_mode":true,"campfire_choices":[{"data":"Footwork","floor":6.0,"key":"SMITH"},{"data":"Cloak And Dagger","floor":8.0,"key":"SMITH"},{"data":"Neutralize","floor":10.0,"key":"SMITH"},{"data":"Dagger Spray","floor":15.0,"key":"SMITH"},{"data":"Enlightenment","floor":23.0,"key":"SMITH"},{"data":"Neutralize","floor":25.0,"key":"SMITH"},{"data":"Adrenaline","floor":27,"key":"SMITH"},{"data":"Predator","floor":32,"key":"SMITH"}],"neow_cost":"NONE","seed_source_timestamp":1075925411154055,"circlet_count":0,"master_deck":["AscendersBane","Defend_G","Defend_G","Defend_G","Defend_G","Defend_G","Strike_G","Strike_G","Strike_G","Strike_G","Survivor","Neutralize+1","Cloak And Dagger+1","Leg Sweep","Predator+1","Footwork+1","Predator","Masterful Stab","Dagger Spray+1","Neutralize+1","Adrenaline+1","Enlightenment+1","PiercingWail","Dagger Spray+1","Bullet Time","Blur"],"special_seed":0,"relics":["Ring of the Snake","Regal Pillow","Sundial","Pen Nib","Smiling Mask","Strawberry","Runic Pyramid","Oddly Smooth Stone"],"potions_floor_usage":[33,33],"damage_taken":[{"damage":3.0,"enemies":"Jaw Worm","floor":1.0,"turns":5.0},{"damage":3.0,"enemies":"Small Slimes","floor":2.0,"turns":6.0},{"damage":0.0,"enemies":"2 Louse","floor":3.0,"turns":5.0},{"damage":16.0,"enemies":"Gremlin Nob","floor":7.0,"turns":5.0},{"damage":10.0,"enemies":"3 Sentries","floor":12.0,"turns":10.0},{"damage":3.0,"enemies":"Lots of Slimes","floor":13.0,"turns":12.0},{"damage":33.0,"enemies":"Slime Boss","floor":16.0,"turns":14.0},{"damage":0.0,"enemies":"2 Thieves","floor":18.0,"turns":1.0},{"damage":2.0,"enemies":"Spheric Guardian","floor":19.0,"turns":6.0},{"damage":6.0,"enemies":"Snake Plant","floor":21.0,"turns":7.0},{"damage":0,"enemies":"Centurion and Healer","floor":29,"turns":6},{"damage":0,"enemies":"Chosen and Byrds","floor":30,"turns":8},{"damage":0,"enemies":"Snecko","floor":31,"turns":6},{"damage":56,"enemies":"Champ","floor":33,"turns":13}],"seed_played":"8460635534427012062","potions_obtained":[{"floor":7.0,"key":"SteroidPotion"},{"floor":12.0,"key":"Regen Potion"},{"floor":13.0,"key":"SmokeBomb"},{"floor":19.0,"key":"PowerPotion"},{"floor":30,"key":"SkillPotion"}],"is_trial":false,"path_per_floor":["M","M","M","$","?","R","E","R","T","R","?","E","M","?","R","B",null,"M","M","$","M","$","R","T","R","T","R","$","M","M","M","R","B"],"character_chosen":"THE_SILENT","items_purchased":["Footwork","Fire Potion","Enlightenment"],"campfire_rested":0,"item_purchase_floors":[4,4,20],"current_hp_per_floor":[56,53,53,53,48,48,32,32,32,32,32,29,41,41,41,8,57,57,55,55,49,49,49,49,49,49,49,49,49,49,49,49,0],"gold":51,"neow_bonus":"RANDOM_COMMON_RELIC","is_prod":false,"is_daily":false,"chose_seed":false,"campfire_upgraded":8,"win_rate":0,"timestamp":1557342780,"path_taken":["M","M","M","$","?","R","E","R","T","R","?","E","M","?","R","BOSS","M","M","$","M","?","R","?","R","T","R","$","M","M","M","R","BOSS"],"build_version":"2019-05-07","purchased_purges":2,"victory":false,"max_hp_per_floor":[66,66,66,66,66,66,66,66,66,66,66,73,73,73,73,73,73,73,73,73,73,73,73,73,73,73,73,73,73,73,73,73,73],"card_choices":[{"not_picked":["Bane","Backflip"],"picked":"Cloak And Dagger","floor":1.0},{"not_picked":["Backstab","Dagger Throw"],"picked":"Leg Sweep","floor":2.0},{"not_picked":["Outmaneuver","Leg Sweep"],"picked":"Predator","floor":3.0},{"not_picked":["Bane","Setup"],"picked":"Predator","floor":7.0},{"not_picked":["Catalyst","Setup"],"picked":"Masterful Stab","floor":12.0},{"not_picked":["Bane","Outmaneuver"],"picked":"Acrobatics","floor":13.0},{"not_picked":["Storm of Steel","A Thousand Cuts"],"picked":"Adrenaline","floor":16.0},{"not_picked":["Poisoned Stab","All Out Attack","Blade Dance"],"picked":"SKIP","floor":19.0},{"not_picked":["Tactician","Skewer"],"picked":"PiercingWail","floor":21.0},{"not_picked":["Sucker Punch","Finisher"],"picked":"Dagger Spray+1","floor":29},{"not_picked":["Dagger Spray","Noxious Fumes"],"picked":"Bullet Time","floor":30},{"not_picked":["Cloak And Dagger","Bane"],"picked":"Blur","floor":31}],"player_experience":3161177,"relics_obtained":[{"floor":7.0,"key":"Pen Nib"},{"floor":9.0,"key":"Smiling Mask"},{"floor":12.0,"key":"Strawberry"},{"floor":24.0,"key":"Oddly Smooth Stone"}],"event_choices":[{"damage_healed":0.0,"max_hp_gain":0.0,"max_hp_loss":0.0,"gold_gain":0.0,"event_name":"Scrap Ooze","player_choice":"Success","floor":5.0,"gold_loss":0.0,"damage_taken":5.0,"relics_obtained":["Sundial"]},{"damage_healed":0.0,"max_hp_gain":0.0,"max_hp_loss":0.0,"gold_gain":0.0,"event_name":"Liars Game","player_choice":"Ignored","floor":11.0,"gold_loss":0.0,"damage_taken":0.0},{"damage_healed":0.0,"max_hp_gain":0.0,"max_hp_loss":0.0,"gold_gain":0.0,"event_name":"Match and Keep!","player_choice":"2 cards matched","floor":14.0,"gold_loss":0.0,"damage_taken":0.0,"cards_obtained":["Dagger Spray","Neutralize"]}],"is_beta":true,"boss_relics":[{"not_picked":["WristBlade","Fusion Hammer"],"picked":"Runic Pyramid"}],"items_purged_floors":[20,22],"is_endless":false,"potions_floor_spawned":[7,12,13,19,30],"killed_by":"Champ","ascension_level":17}