{"gold_per_floor":[13,33,47,47,67,67,82,117,143,182,182,207,225,61,61,157,157,182,201,201,216,216,216,216,239,263,33,33,33,33,54,54,145,208,232,9,9,9,9,49,49,49],"floor_reached":42,"playtime":1325,"items_purged":["Strike_B"],"score":997,"play_id":"e6c01f71-7d22-4375-ab66-9640c417b0d5","local_time":"20190505023255","is_ascension_mode":true,"campfire_choices":[{"data":"Dualcast","floor":6.0,"key":"SMITH"},{"floor":11.0,"key":"REST"},{"floor":15.0,"key":"REST"},{"floor":23.0,"key":"REST"},{"data":"Apotheosis","floor":29.0,"key":"SMITH"},{"data":"Echo Form","floor":32.0,"key":"SMITH"},{"data":"Fission","floor":41.0,"key":"SMITH"}],"neow_cost":"NO_GOLD","seed_source_timestamp":1206574458022900,"circlet_count":0,"master_deck":["AscendersBane","Defend_B","Defend_B","Defend_B","Zap","Dualcast+1","Biased Cognition","Genetic Algorithm","Streamline","Doom and Gloom","Genetic Algorithm","Conserve Battery","Reboot","Ball Lightning","Auto Shields","Echo Form+1","Rip and Tear","Fission+1","Ball Lightning","Conserve Battery","Turbo","Electrodynamics","Turbo+1","Apotheosis+1","Fusion","Bite","Bite","Bite","Bite","Bite","Meteor Strike","Loop+1"],"special_seed":0,"relics":["Cracked Core","Golden Idol","Kunai","Happy Flower","Potion Belt","White Beast Statue","Enchiridion","DataDisk","Tiny House","Runic Capacitor","Smiling Mask"],"potions_floor_usage":[42,42],"damage_taken":[{"damage":4.0,"enemies":"Small Slimes","floor":1.0,"turns":3.0},{"damage":6.0,"enemies":"2 Louse","floor":2.0,"turns":4.0},{"damage":3.0,"enemies":"Cultist","floor":3.0,"turns":3.0},{"damage":1.0,"enemies":"Lots of Slimes","floor":5.0,"turns":2.0},{"damage":5.0,"enemies":"Large Slime","floor":7.0,"turns":5.0},{"damage":32.0,"enemies":"Gremlin Nob","floor":8.0,"turns":4.0},{"damage":5.0,"enemies":"Lagavulin","floor":10.0,"turns":7.0},{"damage":1.0,"enemies":"2 Fungi Beasts","floor":12.0,"turns":2.0},{"damage":9.0,"enemies":"Gremlin Gang","floor":13.0,"turns":5.0},{"damage":0.0,"enemies":"The Guardian","floor":16.0,"turns":10.0},{"damage":13.0,"enemies":"Spheric Guardian","floor":18.0,"turns":5.0},{"damage":0.0,"enemies":"Chosen","floor":19.0,"turns":3.0},{"damage":0.0,"enemies":"Centurion and Healer","floor":21.0,"turns":5.0},{"damage":8.0,"enemies":"Colosseum Slavers","floor":22.0,"turns":5.0},{"damage":5.0,"enemies":"Snecko","floor":25.0,"turns":5.0},{"damage":3.0,"enemies":"Snake Plant","floor":31.0,"turns":4.0},{"damage":57.0,"enemies":"Champ","floor":33.0,"turns":13.0},{"damage":0.0,"enemies":"Orb Walker","floor":35.0,"turns":3.0},{"damage":9.0,"enemies":"Reptomancer","floor":40.0,"turns":5.0},{"damage":90,"enemies":"Giant Head","floor":42,"turns":7}],"seed_played":"-7982801706939302925","potions_obtained":[{"floor":1.0,"key":"Explosive Potion"},{"floor":2.0,"key":"Strength Potion"},{"floor":7.0,"key":"EssenceOfSteel"},{"floor":10.0,"key":"Poison Potion"},{"floor":12.0,"key":"Weak Potion"},{"floor":18.0,"key":"Energy Potion"},{"floor":19.0,"key":"GamblersBrew"},{"floor":21.0,"key":"Weak Potion"},{"floor":25.0,"key":"Poison Potion"},{"floor":31.0,"key":"SmokeBomb"},{"floor":33.0,"key":"Explosive Potion"},{"floor":34.0,"key":"PowerPotion"},{"floor":35.0,"key":"GamblersBrew"},{"floor":40.0,"key":"Fire Potion"}],"is_trial":false,"path_per_floor":["M","M","M","?","M","R","M","E","T","E","R","M","M","$","R","B",null,"M","M","?","M","?","R","?","M","T","$","?","R","$","M","R","B",null,"M","$","$","?","?","E","R","E"],"character_chosen":"DEFECT","items_purchased":["Rip and Tear","Apotheosis","Fusion","Runic Capacitor"],"campfire_rested":3,"item_purchase_floors":[14,27,27,36],"current_hp_per_floor":[60,54,51,51,50,50,45,13,13,8,27,26,17,17,36,36,57,44,44,23,23,15,34,34,29,29,29,29,29,29,36,36,25,44,48,48,48,47,47,47,47,0],"gold":49,"neow_bonus":"THREE_RARE_CARDS","is_prod":false,"is_daily":false,"chose_seed":false,"campfire_upgraded":4,"win_rate":0,"timestamp":1556991175,"path_taken":["M","M","M","?","M","R","M","E","T","E","R","M","M","$","R","BOSS","M","M","?","M","?","R","?","M","T","$","?","R","?","?","R","BOSS","M","?","$","?","?","E","R","E"],"build_version":"2019-01-23","purchased_purges":1,"victory":false,"max_hp_per_floor":[71,71,71,64,64,64,64,64,64,64,64,64,64,64,64,64,64,64,64,64,64,64,64,64,64,64,64,44,44,44,44,44,44,49,49,49,49,47,47,47,47,47],"card_choices":[{"not_picked":["Creative AI","Machine Learning"],"picked":"Biased Cognition","floor":0.0},{"not_picked":["Gash","Melter"],"picked":"Genetic Algorithm","floor":1.0},{"not_picked":["Steam","Turbo"],"picked":"Streamline","floor":2.0},{"not_picked":["Static Discharge","Streamline"],"picked":"Doom and Gloom","floor":3.0},{"not_picked":["Streamline","Beam Cell"],"picked":"Genetic Algorithm","floor":5.0},{"not_picked":["Melter","Turbo"],"picked":"Conserve Battery","floor":7.0},{"not_picked":["Leap","Conserve Battery"],"picked":"Reboot","floor":8.0},{"not_picked":["Steam","Capacitor"],"picked":"Ball Lightning","floor":10.0},{"not_picked":["Go for the Eyes","Double Energy"],"picked":"Auto Shields","floor":12.0},{"not_picked":["Capacitor","Cold Snap"],"picked":"Echo Form","floor":13.0},{"not_picked":["Thunder Strike","Multi-Cast"],"picked":"Fission","floor":16.0},{"not_picked":["Steam+1","Barrage"],"picked":"Ball Lightning","floor":18.0},{"not_picked":["Reprogram","Barrage"],"picked":"Conserve Battery","floor":19.0},{"not_picked":["Scrape","Loop"],"picked":"Turbo","floor":21.0},{"not_picked":["Compile Driver","Sweeping Beam","Leap"],"picked":"SKIP","floor":25.0},{"not_picked":["Compile Driver","Ball Lightning","Steam"],"picked":"SKIP","floor":31.0},{"not_picked":["Fission","Buffer"],"picked":"Meteor Strike","floor":33.0},{"not_picked":["Barrage+1","Conserve Battery","Turbo"],"picked":"SKIP","floor":35.0},{"not_picked":["Sunder","Reprogram+1"],"picked":"Loop+1","floor":40.0}],"player_experience":4917484,"relics_obtained":[{"floor":8.0,"key":"Kunai"},{"floor":9.0,"key":"Happy Flower"},{"floor":10.0,"key":"Potion Belt"},{"floor":20.0,"key":"Enchiridion"},{"floor":26.0,"key":"DataDisk"},{"floor":40.0,"key":"Smiling Mask"}],"event_choices":[{"damage_healed":0.0,"max_hp_gain":0.0,"max_hp_loss":7.0,"gold_gain":0.0,"event_name":"Golden Idol","player_choice":"Lose Max HP","floor":4.0,"gold_loss":0.0,"damage_taken":0.0,"relics_obtained":["Golden Idol"]},{"damage_healed":0.0,"max_hp_gain":0.0,"max_hp_loss":0.0,"gold_gain":0.0,"event_name":"Cursed Tome","player_choice":"Obtained Book","floor":20.0,"gold_loss":0.0,"damage_taken":21.0},{"damage_healed":0.0,"max_hp_gain":0.0,"max_hp_loss":0.0,"gold_gain":0.0,"event_name":"Colosseum","player_choice":"Fight","floor":22.0,"gold_loss":0.0,"damage_taken":0.0},{"damage_healed":0.0,"max_hp_gain":0.0,"max_hp_loss":0.0,"gold_gain":0.0,"event_name":"Colosseum","player_choice":"Fled From Nobs","floor":22.0,"gold_loss":0.0,"damage_taken":0.0},{"damage_healed":0.0,"max_hp_gain":0.0,"max_hp_loss":0.0,"gold_gain":0.0,"cards_transformed":["Defend_B","Strike_B"],"event_name":"Drug Dealer","player_choice":"Became Test Subject","floor":24.0,"gold_loss":0.0,"damage_taken":0.0,"cards_obtained":["Electrodynamics","Turbo"]},{"damage_healed":0.0,"max_hp_gain":0.0,"max_hp_loss":20.0,"gold_gain":0.0,"event_name":"Vampires","player_choice":"Became a vampire","floor":28.0,"gold_loss":0.0,"damage_taken":0.0,"cards_obtained":["Bite","Bite","Bite","Bite","Bite"]},{"damage_healed":0.0,"max_hp_gain":0.0,"max_hp_loss":2.0,"gold_gain":0.0,"event_name":"Winding Halls","player_choice":"Max HP","floor":38.0,"gold_loss":0.0,"damage_taken":0.0},{"damage_healed":0.0,"max_hp_gain":0.0,"max_hp_loss":0.0,"gold_gain":0.0,"event_name":"SecretPortal","player_choice":"Ignored","floor":39.0,"gold_loss":0.0,"damage_taken":0.0}],"is_beta":false,"boss_relics":[{"not_picked":["Empty Cage","Coffee Dripper"],"picked":"White Beast Statue"},{"not_picked":["Black Star","Calling Bell"],"picked":"Tiny House"}],"items_purged_floors":[14],"is_endless":false,"potions_floor_spawned":[1,2,7,10,12,18,19,21,22,25,31,33,35,40],"killed_by":"Giant Head","ascension_level":20}