{"gold_per_floor":[115,135,135,154,204,204,238,249,249,249,259,277,277,308,308,383,383,403,35,35,35,35],"floor_reached":22,"playtime":694,"items_purged":["Strike_B"],"score":349,"play_id":"17b8eb75-c407-4b74-ab64-de96ec4f667d","local_time":"20190219213950","is_ascension_mode":true,"campfire_choices":[{"data":"Rebound","floor":6,"key":"SMITH"},{"floor":10,"key":"REST"},{"data":"Chaos","floor":13,"key":"SMITH"},{"floor":15,"key":"REST"}],"neow_cost":"NONE","seed_source_timestamp":305841465064041,"circlet_count":0,"master_deck":["AscendersBane","Strike_B","Strike_B","Strike_B","Defend_B","Defend_B","Defend_B","Defend_B","Zap+1","Dualcast+1","Rebound+1","Cold Snap","Conserve Battery","Sweeping Beam","Beam Cell","Chaos+1","White Noise","BootSequence","Creative AI","Coolheaded","Auto Shields"],"relics":["Cracked Core","Centennial Puzzle","Potion Belt","Dodecahedron","Philosopher\u0027s Stone","MealTicket"],"potions_floor_usage":[11,16,16,16],"damage_taken":[{"damage":0,"enemies":"2 Louse","floor":1,"turns":2},{"damage":0,"enemies":"Cultist","floor":2,"turns":3},{"damage":5,"enemies":"Jaw Worm","floor":4,"turns":3},{"damage":23,"enemies":"Lagavulin","floor":7,"turns":8},{"damage":9,"enemies":"Red Slaver","floor":8,"turns":3},{"damage":8,"enemies":"Exordium Thugs","floor":11,"turns":3},{"damage":0,"enemies":"2 Fungi Beasts","floor":12,"turns":2},{"damage":15,"enemies":"3 Sentries","floor":14,"turns":6},{"damage":3,"enemies":"Slime Boss","floor":16,"turns":6},{"damage":20,"enemies":"Shell Parasite","floor":18,"turns":6},{"damage":47,"enemies":"3 Byrds","floor":22,"turns":3}],"seed_played":"1398569661461193053","potions_obtained":[{"floor":2,"key":"AttackPotion"},{"floor":4,"key":"Explosive Potion"},{"floor":11,"key":"Poison Potion"},{"floor":14,"key":"Poison Potion"}],"is_trial":false,"path_per_floor":["M","M","?","M","?","R","E","M","T","R","M","M","R","E","R","B",null,"M","$","?","?","M"],"character_chosen":"DEFECT","items_purchased":["Auto Shields","MealTicket"],"campfire_rested":2,"item_purchase_floors":[19,19],"current_hp_per_floor":[64,64,64,59,59,59,36,27,27,48,40,40,40,25,46,43,64,44,44,44,44,0],"gold":35,"neow_bonus":"UPGRADE_CARD","is_prod":false,"is_daily":false,"chose_seed":false,"campfire_upgraded":2,"win_rate":0,"timestamp":1550579990,"path_taken":["M","M","?","?","?","R","E","?","T","R","M","M","R","E","R","BOSS","M","$","?","?","M"],"build_version":"2019-01-23","purchased_purges":1,"victory":false,"max_hp_per_floor":[71,71,71,71,71,71,71,71,71,71,71,71,71,71,71,71,71,71,71,71,71,71],"card_choices":[{"not_picked":["White Noise","Double Energy"],"picked":"Rebound","floor":1},{"not_picked":["Steam","Compile Driver"],"picked":"Cold Snap","floor":2},{"not_picked":["Rebound","Steam"],"picked":"Conserve Battery","floor":4},{"not_picked":["Beam Cell","Melter"],"picked":"Sweeping Beam","floor":7},{"not_picked":["Double Energy","Barrage"],"picked":"Beam Cell","floor":8},{"not_picked":["Capacitor","Loop"],"picked":"Chaos","floor":11},{"not_picked":["Sweeping Beam","Turbo"],"picked":"White Noise","floor":12},{"not_picked":["Sweeping Beam","Doom and Gloom"],"picked":"BootSequence","floor":14},{"not_picked":["Biased Cognition","Echo Form"],"picked":"Creative AI","floor":16},{"not_picked":["Skim","Ball Lightning"],"picked":"Coolheaded","floor":18}],"player_experience":658049,"relics_obtained":[{"floor":7,"key":"Centennial Puzzle"},{"floor":9,"key":"Potion Belt"},{"floor":14,"key":"Dodecahedron"}],"event_choices":[{"damage_healed":0,"gold_gain":0,"player_choice":"Upgraded","damage_taken":0,"max_hp_gain":0,"max_hp_loss":0,"event_name":"Upgrade Shrine","floor":3,"gold_loss":0,"cards_upgraded":["Dualcast"]},{"damage_healed":0,"gold_gain":50,"player_choice":"Pray","damage_taken":0,"max_hp_gain":0,"max_hp_loss":0,"event_name":"Golden Shrine","floor":5,"gold_loss":0},{"damage_healed":0,"gold_gain":0,"player_choice":"Ignored","damage_taken":0,"max_hp_gain":0,"max_hp_loss":0,"event_name":"Cursed Tome","floor":20,"gold_loss":0},{"damage_healed":0,"gold_gain":0,"player_choice":"Ignored","damage_taken":0,"max_hp_gain":0,"max_hp_loss":0,"event_name":"The Mausoleum","floor":21,"gold_loss":0}],"is_beta":false,"boss_relics":[{"not_picked":["Inserter","Runic Dome"],"picked":"Philosopher\u0027s Stone"}],"items_purged_floors":[19],"is_endless":false,"potions_floor_spawned":[2,4,11,14],"killed_by":"3 Byrds","ascension_level":16}