{"gold_per_floor":[365,375,326,336,336,365,365,383,383,396,413,413,413,431,431,431],"floor_reached":16,"playtime":836,"items_purged":[],"score":177,"play_id":"fb9cef84-d968-4c4d-aae5-c51db7d3938d","local_time":"20190509183307","is_ascension_mode":true,"campfire_choices":[{"floor":7,"key":"REST"},{"floor":15,"key":"REST"}],"neow_cost":"PERCENT_DAMAGE","seed_source_timestamp":2422555414864864,"circlet_count":0,"master_deck":["AscendersBane","Strike_R","Strike_R","Strike_R","Strike_R","Defend_R","Defend_R","Defend_R","Defend_R","Bash","Seeing Red","Seeing Red","Warcry","Headbutt","Impervious","Intimidate","Shrug It Off","Sword Boomerang"],"relics":["Burning Blood","Bird Faced Urn","Champion Belt"],"potions_floor_usage":[4,6,11,12,14],"damage_taken":[{"damage":1,"enemies":"Small Slimes","floor":1,"turns":4},{"damage":9,"enemies":"Cultist","floor":2,"turns":5},{"damage":9,"enemies":"Jaw Worm","floor":4,"turns":4},{"damage":45,"enemies":"3 Sentries","floor":6,"turns":11},{"damage":16,"enemies":"Red Slaver","floor":8,"turns":4},{"damage":28,"enemies":"Exordium Thugs","floor":10,"turns":7},{"damage":2,"enemies":"2 Fungi Beasts","floor":11,"turns":5},{"damage":12,"enemies":"Blue Slaver","floor":14,"turns":4},{"damage":0,"enemies":"Hexaghost","floor":16,"turns":1}],"seed_played":"7656934396378329136","potions_obtained":[{"floor":1,"key":"Explosive Potion"},{"floor":2,"key":"Regen Potion"},{"floor":10,"key":"SpeedPotion"},{"floor":11,"key":"PowerPotion"},{"floor":12,"key":"Fruit Juice"},{"floor":12,"key":"Poison Potion"},{"floor":14,"key":"Dexterity Potion"}],"is_trial":false,"path_per_floor":["M","M","$","M","?","E","R","M","T","M","M","?","$","M","R","B"],"character_chosen":"IRONCLAD","items_purchased":["Warcry"],"campfire_rested":2,"item_purchase_floors":[3],"current_hp_per_floor":[55,52,52,61,61,22,44,34,34,12,16,21,21,15,39,39],"gold":431,"neow_bonus":"TWO_FIFTY_GOLD","is_prod":false,"is_daily":false,"chose_seed":false,"campfire_upgraded":0,"win_rate":0,"timestamp":1557415987,"path_taken":["M","M","$","M","?","E","R","M","T","?","M","?","$","M","R","BOSS"],"build_version":"2019-01-23","purchased_purges":0,"victory":false,"max_hp_per_floor":[75,75,75,75,75,75,75,75,75,75,75,80,80,80,80,80],"card_choices":[{"not_picked":["True Grit","Rampage"],"picked":"Seeing Red","floor":1},{"not_picked":["Pommel Strike","Intimidate"],"picked":"Seeing Red","floor":2},{"not_picked":["Thunderclap","Twin Strike"],"picked":"Headbutt","floor":4},{"not_picked":["Hemokinesis","Flex","Wild Strike"],"picked":"SKIP","floor":6},{"not_picked":["Armaments","Iron Wave"],"picked":"Impervious","floor":8},{"not_picked":["Evolve","Anger"],"picked":"Intimidate","floor":10},{"not_picked":["Dual Wield","Body Slam"],"picked":"Shrug It Off","floor":11},{"not_picked":["Carnage","Armaments"],"picked":"Sword Boomerang","floor":14}],"player_experience":1321111,"relics_obtained":[{"floor":6,"key":"Bird Faced Urn"},{"floor":9,"key":"Champion Belt"}],"event_choices":[{"cards_removed":["Strike_R"],"damage_healed":0,"gold_gain":0,"player_choice":"Offered Basic","damage_taken":0,"max_hp_gain":0,"max_hp_loss":0,"event_name":"Bonfire Elementals","floor":5,"gold_loss":0},{"damage_healed":0,"gold_gain":0,"player_choice":"Got Potions","damage_taken":0,"max_hp_gain":0,"max_hp_loss":0,"event_name":"Lab","floor":12,"gold_loss":0}],"is_beta":false,"boss_relics":[],"items_purged_floors":[],"is_endless":false,"potions_floor_spawned":[1,2,10,11,14],"killed_by":"Hexaghost","ascension_level":14}