{"gold_per_floor":[119,134,151,166,181,181,206,50,73,73,73,107,120,70,70,70],"floor_reached":16,"playtime":650,"items_purged":["Strike_B"],"score":179,"play_id":"692802de-e0d4-4dc3-ba67-3f007508973f","local_time":"20190514201338","is_ascension_mode":true,"campfire_choices":[{"data":"Zap","floor":6,"key":"SMITH"},{"data":"Sunder","floor":10,"key":"SMITH"},{"floor":15,"key":"REST"}],"neow_cost":"NONE","seed_source_timestamp":1556624442242878,"circlet_count":0,"master_deck":["AscendersBane","Strike_B","Strike_B","Defend_B","Defend_B","Defend_B","Defend_B","Zap+1","Dualcast","Sweeping Beam","Coolheaded","Self Repair","Go for the Eyes","Sunder+1","Capacitor+1","Barrage","Barrage"],"relics":["Cracked Core","Turnip","Art of War","PreservedInsect"],"potions_floor_usage":[4,7,12],"damage_taken":[{"damage":1,"enemies":"2 Louse","floor":1,"turns":3},{"damage":4,"enemies":"Small Slimes","floor":2,"turns":3},{"damage":7,"enemies":"Jaw Worm","floor":3,"turns":6},{"damage":8,"enemies":"2 Fungi Beasts","floor":4,"turns":4},{"damage":18,"enemies":"Blue Slaver","floor":5,"turns":5},{"damage":23,"enemies":"Lagavulin","floor":7,"turns":9},{"damage":24,"enemies":"Gremlin Nob","floor":12,"turns":4},{"damage":8,"enemies":"Looter","floor":13,"turns":2},{"damage":44,"enemies":"Hexaghost","floor":16,"turns":9}],"seed_played":"1185209087653883856","potions_obtained":[{"floor":1,"key":"Energy Potion"},{"floor":2,"key":"FearPotion"},{"floor":5,"key":"SkillPotion"},{"floor":12,"key":"Poison Potion"}],"is_trial":false,"path_per_floor":["M","M","M","M","M","R","E","$","T","R","?","E","M","?","R","B"],"character_chosen":"DEFECT","items_purchased":["Capacitor"],"campfire_rested":1,"item_purchase_floors":[8],"current_hp_per_floor":[74,70,63,62,51,51,35,35,35,35,35,18,17,17,41,0],"gold":70,"neow_bonus":"TEN_PERCENT_HP_BONUS","is_prod":false,"is_daily":false,"chose_seed":false,"campfire_upgraded":2,"win_rate":0,"timestamp":1557857618,"path_taken":["M","M","M","M","M","R","E","$","T","R","?","E","M","?","R","BOSS"],"build_version":"2019-01-23","purchased_purges":1,"victory":false,"max_hp_per_floor":[82,82,82,82,82,82,82,82,82,82,82,82,82,82,82,82],"card_choices":[{"not_picked":["White Noise","Melter"],"picked":"Sweeping Beam","floor":1},{"not_picked":["White Noise","Rip and Tear"],"picked":"Coolheaded","floor":2},{"not_picked":["FTL","Steam Power"],"picked":"Self Repair","floor":3},{"not_picked":["Streamline","Chaos"],"picked":"Go for the Eyes","floor":4},{"not_picked":["Recycle","Conserve Battery","Self Repair"],"picked":"SKIP","floor":5},{"not_picked":["Steam","Compile Driver"],"picked":"Sunder","floor":7},{"not_picked":["Conserve Battery","Aggregate"],"picked":"Barrage","floor":12},{"not_picked":["Recycle","Tempest"],"picked":"Barrage","floor":13}],"player_experience":589249,"relics_obtained":[{"floor":7,"key":"Turnip"},{"floor":9,"key":"Art of War"},{"floor":12,"key":"PreservedInsect"}],"event_choices":[{"damage_healed":0,"gold_gain":0,"player_choice":"Grow","damage_taken":0,"max_hp_gain":0,"max_hp_loss":0,"event_name":"Living Wall","floor":11,"gold_loss":0,"cards_upgraded":["Capacitor"]},{"cards_removed":["Strike_B"],"damage_healed":0,"gold_gain":0,"player_choice":"Card Removal","damage_taken":0,"max_hp_gain":0,"max_hp_loss":0,"event_name":"The Cleric","floor":14,"gold_loss":50}],"is_beta":false,"boss_relics":[],"items_purged_floors":[8],"is_endless":false,"potions_floor_spawned":[1,2,5,12],"killed_by":"Hexaghost","ascension_level":12}