{"gold_per_floor":[118,129,129,145,28,28,43,43,70,70,103,113,126,126,126,204,204,218,28,42,92,92],"floor_reached":22,"playtime":553,"items_purged":["Strike_B","Strike_B"],"score":372,"play_id":"eb526b06-d92c-4d88-9f4e-ce3023ba30e6","local_time":"20190525123422","is_ascension_mode":true,"campfire_choices":[{"data":"Loop","floor":6,"key":"SMITH"},{"data":"Sweeping Beam","floor":8,"key":"SMITH"},{"data":"Go for the Eyes","floor":15,"key":"SMITH"}],"neow_cost":"TEN_PERCENT_HP_LOSS","seed_source_timestamp":219048866159200,"circlet_count":0,"master_deck":["AscendersBane","Strike_B","Defend_B","Defend_B","Defend_B","Zap","Dualcast","Ball Lightning","Rip and Tear","Leap","Loop+1","Sweeping Beam+1","Hologram","Go for the Eyes+1","Leap","Hyperbeam","Coolheaded","Core Surge","Cold Snap","Streamline"],"relics":["Cracked Core","Bag of Marbles","Orichalcum","Kunai","The Courier","Busted Crown"],"potions_floor_usage":[11],"damage_taken":[{"damage":0,"enemies":"2 Louse","floor":1,"turns":2},{"damage":7,"enemies":"Jaw Worm","floor":2,"turns":2},{"damage":5,"enemies":"Small Slimes","floor":4,"turns":3},{"damage":6,"enemies":"Looter","floor":7,"turns":3},{"damage":11,"enemies":"3 Sentries","floor":11,"turns":4},{"damage":3,"enemies":"Lots of Slimes","floor":12,"turns":2},{"damage":0,"enemies":"Gremlin Gang","floor":13,"turns":1},{"damage":2,"enemies":"The Guardian","floor":16,"turns":11},{"damage":22,"enemies":"3 Byrds","floor":18,"turns":4},{"damage":16,"enemies":"Spheric Guardian","floor":20,"turns":4},{"damage":15,"enemies":"Shelled Parasite and Fungi","floor":22,"turns":1}],"seed_played":"8282430519747632165","potions_obtained":[{"floor":2,"key":"FearPotion"},{"floor":4,"key":"SkillPotion"}],"is_trial":false,"path_per_floor":["M","M","?","M","$","R","M","R","T","?","E","M","M","T","R","B",null,"M","$","M","?","M"],"character_chosen":"DEFECT","items_purchased":["Loop","Core Surge","Cold Snap"],"campfire_rested":0,"item_purchase_floors":[5,19,19],"current_hp_per_floor":[64,57,46,41,41,41,35,35,35,35,24,21,21,21,21,19,53,31,31,15,15,0],"gold":92,"neow_bonus":"REMOVE_TWO","is_prod":false,"is_daily":false,"chose_seed":false,"campfire_upgraded":3,"win_rate":0,"timestamp":1558755262,"path_taken":["M","M","?","M","$","R","M","R","T","?","E","M","M","?","R","BOSS","M","$","M","?","M"],"build_version":"2019-01-23","purchased_purges":2,"victory":false,"max_hp_per_floor":[64,64,64,64,64,64,64,64,64,64,64,64,64,64,64,64,64,64,64,64,64,64],"card_choices":[{"not_picked":["Consume","Self Repair"],"picked":"Ball Lightning","floor":1},{"not_picked":["Redo","Force Field"],"picked":"Rip and Tear","floor":2},{"not_picked":["Redo","Hologram"],"picked":"Leap","floor":4},{"not_picked":["Steam","Hologram"],"picked":"Sweeping Beam","floor":7},{"not_picked":["Loop","Static Discharge"],"picked":"Hologram","floor":11},{"not_picked":["Streamline","Reprogram"],"picked":"Go for the Eyes","floor":12},{"not_picked":["Rebound","Streamline"],"picked":"Leap","floor":13},{"not_picked":["Reboot","Buffer"],"picked":"Hyperbeam","floor":16},{"not_picked":[],"picked":"Coolheaded","floor":18},{"not_picked":[],"picked":"Streamline","floor":20}],"player_experience":5154427,"relics_obtained":[{"floor":9,"key":"Orichalcum"},{"floor":11,"key":"Kunai"},{"floor":14,"key":"The Courier"}],"event_choices":[{"damage_healed":0,"gold_gain":0,"player_choice":"Success","damage_taken":11,"relics_obtained":["Bag of Marbles"],"max_hp_gain":0,"max_hp_loss":0,"event_name":"Scrap Ooze","floor":3,"gold_loss":0},{"damage_healed":0,"gold_gain":0,"player_choice":"Ignored","damage_taken":0,"max_hp_gain":0,"max_hp_loss":0,"event_name":"Liars Game","floor":10,"gold_loss":0},{"damage_healed":0,"gold_gain":50,"player_choice":"Stole From Cult","damage_taken":0,"max_hp_gain":0,"max_hp_loss":0,"event_name":"Nest","floor":21,"gold_loss":0}],"is_beta":false,"boss_relics":[{"not_picked":["Orrery","Ectoplasm"],"picked":"Busted Crown"}],"items_purged_floors":[5,19],"is_endless":false,"potions_floor_spawned":[2,4],"killed_by":"Shelled Parasite and Fungi","ascension_level":20}