{"gold_per_floor":[12,12,12,22,97,97,22,22,94,94,94,94,2,21,21,124,124,138,138,138,157,176,176,188,203,229,229,249,249,265,280,280,280],"floor_reached":33,"playtime":2806,"items_purged":["Strike_G"],"score":237,"play_id":"6eaa8642-3a53-452e-9a3e-3bc92b3a2104","local_time":"20181205221534","is_ascension_mode":false,"campfire_choices":[{"data":"Neutralize","floor":6.0,"key":"SMITH"},{"data":"Choke","floor":8.0,"key":"SMITH"},{"data":"Survivor","floor":11.0,"key":"SMITH"},{"data":"Prepared","floor":12.0,"key":"SMITH"},{"floor":15.0,"key":"REST"},{"data":"Tactician","floor":23,"key":"SMITH"},{"data":"Flying Knee","floor":27,"key":"SMITH"},{"floor":32,"key":"REST"}],"neow_cost":"NO_GOLD","seed_source_timestamp":0,"circlet_count":0,"master_deck":["Defend_G+1","Defend_G+1","Defend_G+1","Defend_G+1","Strike_G+1","Strike_G+1","Strike_G+1","Strike_G+1","Survivor+1","Neutralize+1","Prepared+1","Choke+1","Endless Agony","Tactician+1","Flying Knee+1","Neutralize+1","Blade Dance","Deflect+1"],"special_seed":0,"relics":["Ring of the Snake","WingedGreaves","Gremlin Horn","Mercury Hourglass","Sozu","Ancient Tea Set"],"potions_floor_usage":[],"damage_taken":[{"damage":4.0,"enemies":"Jaw Worm","floor":1.0,"turns":6.0},{"damage":0.0,"enemies":"2 Louse","floor":4.0,"turns":3.0},{"damage":0.0,"enemies":"Small Slimes","floor":14.0,"turns":2.0},{"damage":37.0,"enemies":"The Guardian","floor":16.0,"turns":13.0},{"damage":0.0,"enemies":"3 Byrds","floor":18.0,"turns":3.0},{"damage":0,"enemies":"2 Thieves","floor":21,"turns":3},{"damage":4,"enemies":"Cultist and Chosen","floor":22,"turns":6},{"damage":8,"enemies":"Centurion and Healer","floor":24,"turns":6},{"damage":2,"enemies":"Shelled Parasite and Fungi","floor":25,"turns":7},{"damage":0,"enemies":"Snake Plant","floor":28,"turns":2},{"damage":8,"enemies":"Centurion and Healer","floor":30,"turns":4},{"damage":8,"enemies":"Shelled Parasite and Fungi","floor":31,"turns":4},{"damage":65,"enemies":"Champ","floor":33,"turns":13}],"seed_played":"3718019735243854858","potions_obtained":[],"is_trial":false,"path_per_floor":["M","?","?","M","?","R","$","R","T","?","R","R","$","M","R","B",null,"M","M","?","?","M","M","R","M","M","T","R","M","?","M","M","R","B"],"character_chosen":"THE_SILENT","items_purchased":["Endless Agony","Energy Potion"],"campfire_rested":2,"item_purchase_floors":[13,13],"current_hp_per_floor":[66,63,63,63,52,52,52,52,52,52,52,52,52,52,70,33,70,70,70,70,70,66,66,58,56,56,56,56,56,48,40,61,0],"gold":280,"neow_bonus":"ONE_RARE_RELIC","is_prod":false,"is_daily":false,"chose_seed":false,"campfire_upgraded":6,"win_rate":0,"timestamp":1544015734,"path_taken":["M","?","?","M","?","R","$","R","T","?","R","R","$","M","R","BOSS","M","?","?","?","M","R","M","M","T","R","?","?","?","M","R","BOSS"],"build_version":"2018-11-15","purchased_purges":1,"victory":false,"max_hp_per_floor":[70,70,70,70,70,70,70,70,70,70,70,70,70,70,70,70,70,70,70,70,70,70,70,70,70,70,70,70,70,70,70,70,70],"card_choices":[{"not_picked":["Acrobatics","Terror"],"picked":"Prepared","floor":1.0},{"not_picked":["Flechettes","Catalyst"],"picked":"Choke","floor":4.0},{"not_picked":["Deflect","Poisoned Stab"],"picked":"Tactician","floor":14.0},{"not_picked":["Sucker Punch","Catalyst"],"picked":"Flying Knee","floor":18},{"not_picked":["Dagger Throw","PiercingWail","Caltrops+1"],"picked":"SKIP","floor":21},{"not_picked":["Bane+1","PiercingWail","Acrobatics"],"picked":"SKIP","floor":22},{"not_picked":["Outmaneuver","Acrobatics+1","Dagger Spray"],"picked":"SKIP","floor":24},{"not_picked":["Choke","Dagger Spray+1","Cloak And Dagger"],"picked":"SKIP","floor":25},{"not_picked":["Accuracy+1","Backflip","Cloak And Dagger"],"picked":"SKIP","floor":28},{"not_picked":["PiercingWail+1","Flying Knee+1"],"picked":"Blade Dance","floor":30},{"not_picked":["Bouncing Flask","Cloak And Dagger"],"picked":"Deflect+1","floor":31}],"player_experience":106385,"relics_obtained":[{"floor":9.0,"key":"Mercury Hourglass"},{"floor":26,"key":"Ancient Tea Set"}],"event_choices":[{"damage_healed":0.0,"max_hp_gain":0.0,"max_hp_loss":0.0,"gold_gain":0.0,"event_name":"Scrap Ooze","player_choice":"Success","floor":2.0,"gold_loss":0.0,"damage_taken":3.0,"relics_obtained":["Gremlin Horn"]},{"damage_healed":0.0,"max_hp_gain":0.0,"max_hp_loss":0.0,"gold_gain":0.0,"event_name":"The Cleric","player_choice":"Leave","floor":3.0,"gold_loss":0.0,"damage_taken":0.0},{"damage_healed":0.0,"max_hp_gain":0.0,"max_hp_loss":0.0,"gold_gain":75.0,"event_name":"World of Goop","player_choice":"Gather Gold","floor":5.0,"gold_loss":0.0,"damage_taken":11.0},{"damage_healed":0.0,"max_hp_gain":0.0,"max_hp_loss":0.0,"gold_gain":0.0,"event_name":"Golden Idol","player_choice":"Ignored","floor":10.0,"gold_loss":0.0,"damage_taken":0.0},{"damage_healed":0,"gold_gain":0,"player_choice":"Simplicity","damage_taken":0,"max_hp_gain":0,"max_hp_loss":0,"event_name":"Back to Basics","floor":19,"gold_loss":0,"cards_upgraded":["Defend_G","Defend_G","Defend_G","Defend_G","Defend_G","Strike_G","Strike_G","Strike_G","Strike_G"]},{"cards_removed":["Defend_G"],"damage_healed":0,"gold_gain":0,"player_choice":"Card Removal","damage_taken":0,"max_hp_gain":0,"max_hp_loss":0,"event_name":"Wheel of Change","floor":20,"gold_loss":0},{"damage_healed":0,"gold_gain":0,"player_choice":"Copied","damage_taken":0,"max_hp_gain":0,"max_hp_loss":0,"event_name":"Duplicator","floor":29,"gold_loss":0,"cards_obtained":["Neutralize"]}],"is_beta":false,"boss_relics":[{"not_picked":["Ectoplasm","Ring of the Serpent"],"picked":"Sozu"}],"items_purged_floors":[7],"is_endless":false,"potions_floor_spawned":[21,24,25,28],"killed_by":"Champ","ascension_level":0}