{"gold_per_floor":[112,132,78,3,3,76,76,90,90,114,114,127,127,148,148,246,246,262,34,34,52,72,72,111,111,111,111,111,131,146,271,271,361,361,374,374,7,26,8,8,28,28,78,78,78,78,98,139,139,139],"floor_reached":51,"playtime":2694,"items_purged":["Strike_R","Strike_R"],"score":1357,"play_id":"04f9e8e5-2a68-4078-95ae-9b6380669c17","local_time":"20181203165148","is_ascension_mode":true,"campfire_choices":[{"floor":7,"key":"REST"},{"data":"Immolate","floor":11,"key":"SMITH"},{"data":"Armaments","floor":13,"key":"SMITH"},{"data":"Disarm","floor":15,"key":"SMITH"},{"floor":23,"key":"REST"},{"data":"True Grit","floor":25,"key":"SMITH"},{"floor":28,"key":"REST"},{"floor":32,"key":"REST"},{"floor":40,"key":"RECALL"},{"floor":42,"key":"REST"},{"floor":45,"key":"REST"},{"floor":49,"key":"REST"}],"neow_cost":"NONE","seed_source_timestamp":21164540326262,"circlet_count":0,"master_deck":["AscendersBane","Strike_R","Defend_R+1","Defend_R","Defend_R","Defend_R","Bash","Iron Wave","Iron Wave","Immolate+1","Disarm+1","Armaments+1","True Grit","Impervious","Body Slam","True Grit+1","Battle Trance","Shockwave+1","Double Tap","Battle Trance","Cleave+1","Reckless Charge+1","Brutality","Metallicize","Clothesline+1","Shrug It Off","Body Slam","Entrench"],"relics":["Burning Blood","Omamori","Gremlin Horn","Golden Idol","Tiny Chest","The Courier","Mark of Pain","Self Forming Clay","Red Skull","Paper Frog","Enchiridion","Calipers","Kunai","Fusion Hammer","Thread and Needle","Art of War","War Paint"],"potions_floor_usage":[16,24,31,33,46],"damage_taken":[{"damage":6,"enemies":"Cultist","floor":1,"turns":3},{"damage":0,"enemies":"Small Slimes","floor":2,"turns":3},{"damage":37,"enemies":"Gremlin Nob","floor":6,"turns":5},{"damage":2,"enemies":"Jaw Worm","floor":8,"turns":3},{"damage":0,"enemies":"Lots of Slimes","floor":10,"turns":1},{"damage":0,"enemies":"3 Louse","floor":12,"turns":2},{"damage":14,"enemies":"Large Slime","floor":14,"turns":6},{"damage":17,"enemies":"The Guardian","floor":16,"turns":16},{"damage":11,"enemies":"Chosen","floor":18,"turns":8},{"damage":29,"enemies":"Spheric Guardian","floor":21,"turns":6},{"damage":20,"enemies":"Snake Plant","floor":22,"turns":8},{"damage":14,"enemies":"Book of Stabbing","floor":24,"turns":9},{"damage":11,"enemies":"Centurion and Healer","floor":29,"turns":7},{"damage":7,"enemies":"Chosen and Byrds","floor":30,"turns":5},{"damage":0,"enemies":"Colosseum Slavers","floor":31,"turns":1},{"damage":27,"enemies":"Colosseum Nobs","floor":31,"turns":3},{"damage":25,"enemies":"Collector","floor":33,"turns":10},{"damage":7,"enemies":"3 Darklings","floor":35,"turns":4},{"damage":3,"enemies":"Orb Walker","floor":38,"turns":5},{"damage":12,"enemies":"4 Shapes","floor":41,"turns":2},{"damage":2,"enemies":"Transient","floor":46,"turns":3},{"damage":8,"enemies":"Sphere and 2 Shapes","floor":47,"turns":6},{"damage":3,"enemies":"Giant Head","floor":48,"turns":7},{"damage":12,"enemies":"Time Eater","floor":50,"turns":13}],"seed_played":"3329923713168345480","potions_obtained":[{"floor":1,"key":"Explosive Potion"},{"floor":10,"key":"Regen Potion"},{"floor":16,"key":"Explosive Potion"},{"floor":21,"key":"SmokeBomb"},{"floor":24,"key":"PowerPotion"},{"floor":31,"key":"Dexterity Potion"},{"floor":41,"key":"Regen Potion"},{"floor":47,"key":"Fire Potion"}],"is_trial":false,"path_per_floor":["M","M","?","$","?","E","R","M","T","M","R","M","R","M","R","B",null,"M","$","?","M","M","R","E","R","T","?","R","M","M","?","R","B",null,"M","?","$","M","$","R","M","R","T","?","R","M","M","E","R","B",null],"character_chosen":"IRONCLAD","items_purchased":["Self Forming Clay","True Grit","Thread and Needle","Metallicize","Shrug It Off"],"campfire_rested":7,"item_purchase_floors":[19,19,37,37,39],"current_hp_per_floor":[68,74,74,74,48,17,39,43,43,49,49,55,55,47,47,36,65,60,60,60,37,23,45,52,52,52,31,53,48,47,32,54,35,65,64,75,75,75,75,75,69,75,75,75,75,75,73,75,75,69],"gold":139,"neow_bonus":"RANDOM_COMMON_RELIC","is_prod":false,"is_daily":false,"chose_seed":false,"campfire_upgraded":4,"win_rate":0,"timestamp":1543823508,"path_taken":["M","M","?","?","?","E","R","M","T","M","R","M","R","M","R","BOSS","M","$","?","M","?","R","E","R","T","?","R","M","M","?","R","BOSS","M","?","?","?","$","R","M","R","T","?","R","M","M","E","R","BOSS"],"build_version":"2018-11-15","purchased_purges":2,"victory":true,"max_hp_per_floor":[75,75,75,75,75,75,75,75,75,75,75,75,75,75,75,75,75,75,75,75,75,75,75,75,75,75,75,75,75,75,75,75,75,75,75,75,75,75,75,75,75,75,75,75,75,75,75,75,75,75],"card_choices":[{"not_picked":["Second Wind","Thunderclap"],"picked":"Iron Wave","floor":1},{"not_picked":["Havoc","Headbutt"],"picked":"Iron Wave","floor":2},{"not_picked":["Anger","Thunderclap"],"picked":"Immolate","floor":6},{"not_picked":["Havoc","Perfected Strike","Anger"],"picked":"SKIP","floor":8},{"not_picked":["Flex","Perfected Strike"],"picked":"Disarm","floor":10},{"not_picked":["Infernal Blade","Perfected Strike"],"picked":"Armaments","floor":12},{"not_picked":["Clothesline","Body Slam"],"picked":"True Grit","floor":14},{"not_picked":["Bludgeon","Immolate"],"picked":"Impervious","floor":16},{"not_picked":["Shrug It Off","Sword Boomerang"],"picked":"Body Slam","floor":18},{"not_picked":["Twin Strike","Anger"],"picked":"Battle Trance","floor":21},{"not_picked":["Havoc","Reckless Charge"],"picked":"Shockwave","floor":22},{"not_picked":["Warcry","Twin Strike"],"picked":"Double Tap","floor":24},{"not_picked":["Reckless Charge","Rupture"],"picked":"Battle Trance","floor":29},{"not_picked":["Heavy Blade","Armaments"],"picked":"Cleave+1","floor":30},{"not_picked":["Clash","Heavy Blade"],"picked":"Reckless Charge+1","floor":31},{"not_picked":["Fiend Fire","Demon Form"],"picked":"Brutality","floor":33},{"not_picked":["Sword Boomerang","Carnage","Clash"],"picked":"SKIP","floor":35},{"not_picked":["Ghostly Armor","Spot Weakness"],"picked":"Clothesline+1","floor":38},{"not_picked":["Clash","True Grit","Perfected Strike"],"picked":"SKIP","floor":41},{"not_picked":["Thunderclap","Anger"],"picked":"Body Slam","floor":47},{"not_picked":["Pommel Strike","Headbutt"],"picked":"Entrench","floor":48}],"player_experience":2493085,"relics_obtained":[{"floor":6,"key":"Tiny Chest"},{"floor":9,"key":"The Courier"},{"floor":24,"key":"Red Skull"},{"floor":26,"key":"Paper Frog"},{"floor":27,"key":"Enchiridion"},{"floor":31,"key":"Calipers"},{"floor":31,"key":"Kunai"},{"floor":43,"key":"Art of War"},{"floor":48,"key":"War Paint"}],"event_choices":[{"damage_healed":0,"gold_gain":0,"player_choice":"Paid Gold","damage_taken":0,"relics_obtained":["Gremlin Horn"],"max_hp_gain":0,"max_hp_loss":0,"event_name":"WeMeetAgain","floor":3,"gold_loss":54},{"damage_healed":0,"gold_gain":0,"player_choice":"Take Damage","damage_taken":26,"relics_obtained":["Golden Idol"],"max_hp_gain":0,"max_hp_loss":0,"event_name":"Golden Idol","floor":5,"gold_loss":0},{"cards_removed":["Strike_R"],"damage_healed":0,"gold_gain":0,"player_choice":"Purged","damage_taken":0,"max_hp_gain":0,"max_hp_loss":0,"event_name":"Purifier","floor":20,"gold_loss":0},{"damage_healed":0,"gold_gain":0,"player_choice":"Obtained Book","damage_taken":21,"max_hp_gain":0,"max_hp_loss":0,"event_name":"Cursed Tome","floor":27,"gold_loss":0},{"damage_healed":0,"gold_gain":0,"player_choice":"Fight","damage_taken":0,"max_hp_gain":0,"max_hp_loss":0,"event_name":"Colosseum","floor":31,"gold_loss":0},{"damage_healed":0,"gold_gain":0,"player_choice":"Fought Nobs","damage_taken":0,"max_hp_gain":0,"max_hp_loss":0,"event_name":"Colosseum","floor":31,"gold_loss":0},{"damage_healed":11,"gold_gain":0,"player_choice":"Full Heal","damage_taken":0,"max_hp_gain":0,"max_hp_loss":0,"event_name":"Wheel of Change","floor":36,"gold_loss":0},{"cards_removed":["Strike_R"],"damage_healed":0,"gold_gain":0,"player_choice":"Offered Basic","damage_taken":0,"max_hp_gain":0,"max_hp_loss":0,"event_name":"Bonfire Elementals","floor":44,"gold_loss":0}],"is_beta":true,"boss_relics":[{"not_picked":["Lizard Tail","Velvet Choker"],"picked":"Mark of Pain"},{"not_picked":["Tiny House","White Beast Statue"],"picked":"Fusion Hammer"}],"items_purged_floors":[4,37],"is_endless":false,"potions_floor_spawned":[1,10,14,16,21,24,31,31,41,47,48],"ascension_level":15}