{"gold_per_floor":[115,40,40,51,51,51,76,76,122,139,139,64,92,106,106,177,177,177,177,3,3,3,3,3,3,3,3,3,3,3,3,3,3],"floor_reached":33,"playtime":1350,"items_purged":["Strike_R"],"score":501,"play_id":"f9780261-fab3-41b8-ba24-cee7049628ea","local_time":"20190326120016","is_ascension_mode":true,"campfire_choices":[{"data":"True Grit","floor":6.0,"key":"SMITH"},{"data":"Bash","floor":8.0,"key":"SMITH"},{"data":"Sword Boomerang","floor":11.0,"key":"SMITH"},{"floor":15.0,"key":"REST"},{"data":"Sword Boomerang","floor":23.0,"key":"SMITH"},{"data":"Flame Barrier","floor":25.0,"key":"SMITH"},{"data":"Battle Trance","floor":28.0,"key":"SMITH"},{"floor":32.0,"key":"REST"}],"neow_cost":"PERCENT_DAMAGE","seed_source_timestamp":2286024529469886,"circlet_count":0,"master_deck":["AscendersBane","Strike_R","Strike_R","Defend_R","Defend_R","Defend_R","Defend_R","Bash+1","True Grit+1","Spot Weakness","Sword Boomerang+1","Sword Boomerang+1","Battle Trance+1","Immolate","Thunderclap","Flame Barrier+1","Reaper","Shame"],"special_seed":0,"relics":["Burning Blood","Champion Belt","Centennial Puzzle","Bronze Scales","Peace Pipe","Ectoplasm","Regal Pillow","Pantograph","Singing Bowl","Question Card","Nilry\u0027s Codex"],"potions_floor_usage":[33],"damage_taken":[{"damage":5.0,"enemies":"2 Louse","floor":1.0,"turns":4.0},{"damage":4.0,"enemies":"Jaw Worm","floor":4.0,"turns":5.0},{"damage":32.0,"enemies":"3 Sentries","floor":7.0,"turns":8.0},{"damage":0.0,"enemies":"Cultist","floor":10.0,"turns":3.0},{"damage":18.0,"enemies":"Gremlin Nob","floor":13.0,"turns":4.0},{"damage":7.0,"enemies":"Exordium Thugs","floor":14.0,"turns":4.0},{"damage":24.0,"enemies":"Hexaghost","floor":16.0,"turns":9.0},{"damage":0.0,"enemies":"3 Byrds","floor":18.0,"turns":3.0},{"damage":7.0,"enemies":"Shell Parasite","floor":19.0,"turns":3.0},{"damage":7.0,"enemies":"Snecko","floor":22.0,"turns":5.0},{"damage":25.0,"enemies":"Shelled Parasite and Fungi","floor":24.0,"turns":5.0},{"damage":32.0,"enemies":"Slavers","floor":27.0,"turns":3.0},{"damage":88,"enemies":"Automaton","floor":33,"turns":8}],"seed_played":"-770650218048707591","potions_obtained":[{"floor":4.0,"key":"Swift Potion"},{"floor":14.0,"key":"SpeedPotion"},{"floor":27.0,"key":"Fire Potion"}],"is_trial":false,"path_per_floor":["M","?","?","M","$","R","E","R","T","M","R","$","E","M","R","B",null,"M","M","$","?","M","R","M","R","T","E","R","$","?","?","R","B"],"character_chosen":"IRONCLAD","items_purchased":["Reaper"],"campfire_rested":2,"item_purchase_floors":[20],"current_hp_per_floor":[51,51,51,53,53,53,27,27,27,33,33,33,21,20,42,24,62,68,67,67,67,75,75,56,56,56,33,33,33,33,12,50,0],"gold":3,"neow_bonus":"ONE_RARE_RELIC","is_prod":false,"is_daily":false,"chose_seed":false,"campfire_upgraded":6,"win_rate":0,"timestamp":1553569216,"path_taken":["M","?","?","M","$","R","E","R","T","?","R","?","E","M","R","BOSS","M","M","$","?","?","R","M","R","T","E","R","$","?","?","R","BOSS"],"build_version":"2019-03-15","purchased_purges":1,"victory":false,"max_hp_per_floor":[75,75,75,75,75,75,75,75,75,75,75,75,75,75,75,75,75,75,75,75,75,75,75,75,75,75,77,77,77,77,77,77,77],"card_choices":[{"not_picked":["Armaments","Combust"],"picked":"True Grit","floor":1.0},{"not_picked":["Body Slam","Anger"],"picked":"Sword Boomerang","floor":4.0},{"not_picked":["Dark Embrace","Rampage"],"picked":"Sword Boomerang","floor":7.0},{"not_picked":["Sword Boomerang","Armaments"],"picked":"Twin Strike","floor":10.0},{"not_picked":["Pommel Strike","Armaments"],"picked":"Battle Trance","floor":13.0},{"not_picked":["Armaments","Body Slam","Twin Strike"],"picked":"SKIP","floor":14.0},{"not_picked":["Berserk","Juggernaut"],"picked":"Immolate","floor":16.0},{"not_picked":["Sword Boomerang+1","Perfected Strike"],"picked":"Thunderclap","floor":18.0},{"not_picked":["True Grit","Cleave"],"picked":"Flame Barrier","floor":19.0},{"not_picked":["Sword Boomerang","Perfected Strike","Wild Strike"],"picked":"SKIP","floor":22.0},{"not_picked":["Armaments","Flex","Carnage"],"picked":"SKIP","floor":24.0},{"not_picked":["Clash","Rage","Twin Strike"],"picked":"Singing Bowl","floor":27.0}],"player_experience":2740951,"relics_obtained":[{"floor":7.0,"key":"Centennial Puzzle"},{"floor":9.0,"key":"Bronze Scales"},{"floor":13.0,"key":"Peace Pipe"},{"floor":26.0,"key":"Pantograph"},{"floor":27.0,"key":"Singing Bowl"},{"floor":31.0,"key":"Nilry\u0027s Codex"}],"event_choices":[{"cards_removed":["Strike_R"],"damage_healed":0.0,"max_hp_gain":0.0,"max_hp_loss":0.0,"gold_gain":0.0,"event_name":"The Cleric","player_choice":"Card Removal","floor":2.0,"gold_loss":75.0,"damage_taken":0.0},{"damage_healed":0.0,"max_hp_gain":0.0,"max_hp_loss":0.0,"gold_gain":0.0,"cards_transformed":["Strike_R"],"event_name":"Living Wall","player_choice":"Change","floor":3.0,"gold_loss":0.0,"damage_taken":0.0,"cards_obtained":["Spot Weakness"]},{"cards_removed":["Twin Strike"],"damage_healed":0.0,"max_hp_gain":0.0,"max_hp_loss":0.0,"gold_gain":0.0,"event_name":"WeMeetAgain","player_choice":"Gave Card","floor":21.0,"gold_loss":0.0,"damage_taken":0.0,"relics_obtained":["Regal Pillow"]},{"damage_healed":0.0,"max_hp_gain":0.0,"max_hp_loss":0.0,"gold_gain":0.0,"event_name":"Addict","player_choice":"Stole Relic","floor":30.0,"gold_loss":0.0,"damage_taken":0.0,"relics_obtained":["Question Card"],"cards_obtained":["Shame"]},{"damage_healed":0.0,"max_hp_gain":0.0,"max_hp_loss":0.0,"gold_gain":0.0,"event_name":"Cursed Tome","player_choice":"Obtained Book","floor":31.0,"gold_loss":0.0,"damage_taken":21.0}],"is_beta":true,"boss_relics":[{"not_picked":["Tiny House","Runic Dome"],"picked":"Ectoplasm"}],"items_purged_floors":[12],"is_endless":false,"potions_floor_spawned":[4,14,18,27],"killed_by":"Automaton","ascension_level":17}