{"gold_per_floor":[113,133,133,93,109,141,141,141],"floor_reached":8,"playtime":354,"items_purged":[],"score":112,"play_id":"c3c9e4cd-f70b-4d1b-9a8b-59c0c909f031","local_time":"20190529173422","is_ascension_mode":true,"campfire_choices":[],"neow_cost":"NONE","seed_source_timestamp":270147771511974,"circlet_count":0,"master_deck":["AscendersBane","Strike_R","Strike_R","Strike_R","Strike_R","Defend_R","Defend_R","Defend_R","Defend_R","Bash","Headbutt","Entrench+1","Shockwave","Feel No Pain","Inflame"],"relics":["Burning Blood","Meat on the Bone"],"potions_floor_usage":[6,8],"damage_taken":[{"damage":9,"enemies":"Small Slimes","floor":1,"turns":4},{"damage":2,"enemies":"Cultist","floor":2,"turns":4},{"damage":6,"enemies":"Jaw Worm","floor":5,"turns":4},{"damage":36,"enemies":"Gremlin Nob","floor":6,"turns":5},{"damage":0,"enemies":"Gremlin Gang","floor":8,"turns":2}],"seed_played":"8459520531166060203","potions_obtained":[{"floor":0,"key":"Regen Potion"},{"floor":0,"key":"SkillPotion"},{"floor":0,"key":"Block Potion"},{"floor":6,"key":"SpeedPotion"}],"is_trial":false,"path_per_floor":["M","M","?","$","M","E","?","M"],"character_chosen":"IRONCLAD","items_purchased":["Shockwave"],"campfire_rested":0,"item_purchase_floors":[4],"current_hp_per_floor":[65,69,69,69,69,39,39,39],"gold":141,"neow_bonus":"THREE_SMALL_POTIONS","is_prod":false,"is_daily":false,"chose_seed":false,"campfire_upgraded":0,"win_rate":0,"timestamp":1559140462,"path_taken":["M","M","?","$","?","E","?","M"],"build_version":"2019-01-23","purchased_purges":0,"victory":false,"max_hp_per_floor":[75,75,75,75,75,75,75,75],"card_choices":[{"not_picked":["Iron Wave","Clothesline"],"picked":"Headbutt","floor":1},{"not_picked":["Reaper","Twin Strike"],"picked":"Entrench","floor":2},{"not_picked":["Pummel","Entrench"],"picked":"Feel No Pain","floor":5},{"not_picked":["Heavy Blade","Thunderclap"],"picked":"Inflame","floor":6}],"player_experience":1423869,"relics_obtained":[{"floor":6,"key":"Meat on the Bone"}],"event_choices":[{"cards_removed":["Strike_R"],"damage_healed":0,"gold_gain":0,"player_choice":"Offered Basic","damage_taken":0,"max_hp_gain":0,"max_hp_loss":0,"event_name":"Bonfire Elementals","floor":3,"gold_loss":0},{"damage_healed":0,"gold_gain":0,"player_choice":"Grow","damage_taken":0,"max_hp_gain":0,"max_hp_loss":0,"event_name":"Living Wall","floor":7,"gold_loss":0,"cards_upgraded":["Entrench"]}],"is_beta":false,"boss_relics":[],"items_purged_floors":[],"is_endless":false,"potions_floor_spawned":[1,2,5,6],"killed_by":"Gremlin Gang","ascension_level":20}