{"gold_per_floor":[119,137,137,149,36,36,67,78,78,98,133,83,83,93,93,164,164,179,179,193,43,143,143,143,163,163,163,183,98,133,148,148,223,223,243,263,33,0,0,0,17,36,113,113,138,138,163,163,163,163],"floor_reached":51,"playtime":2862,"items_purged":["Strike_R"],"score":1247,"play_id":"0caa52ef-0532-432c-addb-5cf32f65085c","local_time":"20190209001605","is_ascension_mode":true,"campfire_choices":[{"data":"Rampage","floor":6.0,"key":"SMITH"},{"data":"Armaments","floor":13.0,"key":"SMITH"},{"data":"Infernal Blade","floor":15.0,"key":"SMITH"},{"floor":23.0,"key":"REST"},{"floor":32.0,"key":"REST"},{"floor":40,"key":"REST"},{"floor":44,"key":"REST"},{"floor":46,"key":"RECALL"},{"floor":49,"key":"REST"}],"neow_cost":"PERCENT_DAMAGE","seed_source_timestamp":2537301384572755,"circlet_count":0,"master_deck":["AscendersBane","Defend_R","Bash+1","Rampage+1","Headbutt+1","Armaments+1","Ghostly Armor","Bludgeon","Shrug It Off","Shrug It Off","Inflame","Infernal Blade+1","Dark Embrace","Corruption+1","Juggernaut+1","Clothesline+1","Disarm","Flame Barrier","True Grit","Rampage","Seeing Red+1","Power Through+1","Shrug It Off+1","Shrug It Off+1","Barricade+1","Blood for Blood+1","Seeing Red+1","Sentinel+1","Shrug It Off+1","Sentinel+1","Bloodletting+1","True Grit+1","Impervious+1","Evolve"],"special_seed":0,"relics":["Burning Blood","Du-Vu Doll","Incense Burner","Charon\u0027s Ashes","Astrolabe","Whetstone","Champion Belt","The Courier","Toxic Egg 2","Molten Egg 2","Boot","Fusion Hammer","Red Mask","Mercury Hourglass","Turnip","Mummified Hand"],"potions_floor_usage":[41,50],"damage_taken":[{"damage":13.0,"enemies":"Small Slimes","floor":1.0,"turns":5.0},{"damage":5.0,"enemies":"Cultist","floor":2.0,"turns":4.0},{"damage":1.0,"enemies":"2 Louse","floor":4.0,"turns":3.0},{"damage":33.0,"enemies":"Lagavulin","floor":7.0,"turns":7.0},{"damage":6.0,"enemies":"Looter","floor":8.0,"turns":3.0},{"damage":9.0,"enemies":"Large Slime","floor":10.0,"turns":9.0},{"damage":16.0,"enemies":"3 Sentries","floor":11.0,"turns":6.0},{"damage":2.0,"enemies":"Red Slaver","floor":14.0,"turns":4.0},{"damage":33.0,"enemies":"Hexaghost","floor":16.0,"turns":10.0},{"damage":6.0,"enemies":"2 Thieves","floor":18.0,"turns":5.0},{"damage":1.0,"enemies":"Spheric Guardian","floor":20.0,"turns":3.0},{"damage":14.0,"enemies":"Colosseum Slavers","floor":22.0,"turns":4.0},{"damage":46.0,"enemies":"Colosseum Nobs","floor":22.0,"turns":6.0},{"damage":12.0,"enemies":"3 Cultists","floor":25.0,"turns":5.0},{"damage":0.0,"enemies":"Snecko","floor":28.0,"turns":5.0},{"damage":18.0,"enemies":"Slavers","floor":30.0,"turns":5.0},{"damage":10.0,"enemies":"Sentry and Sphere","floor":31.0,"turns":6.0},{"damage":78.0,"enemies":"Collector","floor":33.0,"turns":10.0},{"damage":12.0,"enemies":"3 Darklings","floor":35.0,"turns":5.0},{"damage":20,"enemies":"Orb Walker","floor":36,"turns":4},{"damage":14,"enemies":"Transient","floor":41,"turns":5},{"damage":0,"enemies":"4 Shapes","floor":42,"turns":4},{"damage":4,"enemies":"Nemesis","floor":45,"turns":5},{"damage":18,"enemies":"Giant Head","floor":47,"turns":5},{"damage":10,"enemies":"Awakened One","floor":50,"turns":9}],"seed_played":"8968489999533439301","potions_obtained":[{"floor":2.0,"key":"Strength Potion"},{"floor":4.0,"key":"Fruit Juice"},{"floor":10.0,"key":"Energy Potion"},{"floor":11.0,"key":"GamblersBrew"},{"floor":18.0,"key":"Dexterity Potion"},{"floor":22.0,"key":"SpeedPotion"},{"floor":30.0,"key":"EssenceOfSteel"},{"floor":42,"key":"SteroidPotion"},{"floor":45,"key":"FearPotion"}],"is_trial":false,"path_per_floor":["M","M","?","M","$","R","E","M","T","M","E","?","R","M","R","B",null,"M","$","M","$","?","R","?","M","T","?","M","?","E","M","R","B",null,"M","M","$","?","$","R","M","M","T","R","E","R","E","?","R","B",null],"character_chosen":"IRONCLAD","items_purchased":["Ghostly Armor","Whetstone","Seeing Red+1","Sentinel+1","Shrug It Off+1","Sentinel+1","Energy Potion"],"campfire_rested":5,"item_purchase_floors":[5,21,37,37,37,37,37],"current_hp_per_floor":[60,61,61,71,71,71,44,44,44,41,31,31,31,35,35,8,78,78,78,83,83,35,65,65,59,59,59,65,65,53,49,79,7,78,72,58,58,58,58,88,80,86,86,101,101,101,89,89,101,97],"gold":163,"neow_bonus":"TWENTY_PERCENT_HP_BONUS","is_prod":false,"is_daily":false,"chose_seed":false,"campfire_upgraded":3,"win_rate":0,"timestamp":1549638965,"path_taken":["M","M","?","?","$","R","E","M","T","M","E","?","R","M","R","BOSS","M","$","M","$","?","R","?","?","T","?","M","?","E","M","R","BOSS","M","M","$","?","$","R","M","M","T","R","E","R","E","?","R","BOSS"],"build_version":"2019-01-23","purchased_purges":1,"victory":true,"max_hp_per_floor":[96,96,96,101,101,101,101,101,101,101,101,101,101,101,101,101,101,101,101,101,101,101,101,101,101,101,101,101,101,101,101,101,101,101,101,101,101,101,101,101,101,101,101,101,101,101,101,101,101,101],"card_choices":[{"not_picked":["Sword Boomerang","Second Wind"],"picked":"Rampage","floor":1.0},{"not_picked":["Anger","Intimidate"],"picked":"Headbutt","floor":2.0},{"not_picked":["Warcry","Heavy Blade"],"picked":"Armaments","floor":4.0},{"not_picked":["Carnage","Anger"],"picked":"Bludgeon","floor":7.0},{"not_picked":["Dropkick","Bloodletting"],"picked":"Shrug It Off","floor":8.0},{"not_picked":["Warcry","Sword Boomerang"],"picked":"Shrug It Off","floor":10.0},{"not_picked":["Reaper","Sword Boomerang"],"picked":"Inflame","floor":11.0},{"not_picked":["Wild Strike","Pommel Strike"],"picked":"Infernal Blade","floor":14.0},{"not_picked":["Berserk","Fiend Fire"],"picked":"Dark Embrace","floor":16.0},{"not_picked":["Pummel","Cleave"],"picked":"Disarm","floor":18.0},{"not_picked":["Armaments","Searing Blow"],"picked":"Flame Barrier","floor":20.0},{"not_picked":["Fire Breathing","Clash"],"picked":"True Grit","floor":22.0},{"not_picked":["True Grit","Dropkick","Armaments"],"picked":"SKIP","floor":25.0},{"not_picked":["Sever Soul","Clash+1"],"picked":"Power Through+1","floor":28.0},{"not_picked":["Pommel Strike+1","Berserk"],"picked":"Shrug It Off+1","floor":30.0},{"not_picked":["Headbutt+1","Metallicize"],"picked":"Shrug It Off+1","floor":31.0},{"not_picked":["Brutality","Berserk"],"picked":"Barricade","floor":33.0},{"not_picked":["Flex+1","Sword Boomerang+1","Iron Wave+1"],"picked":"SKIP","floor":35.0},{"not_picked":["Cleave+1","Sever Soul+1"],"picked":"Blood for Blood+1","floor":36},{"not_picked":["Second Wind+1","Iron Wave+1"],"picked":"Bloodletting+1","floor":41},{"not_picked":["Hemokinesis+1","Combust"],"picked":"True Grit+1","floor":42},{"not_picked":["Ghostly Armor+1","Uppercut+1"],"picked":"Impervious+1","floor":45},{"not_picked":["Inflame+1","Infernal Blade+1"],"picked":"Evolve","floor":47}],"player_experience":576522,"relics_obtained":[{"floor":7.0,"key":"Du-Vu Doll"},{"floor":9.0,"key":"Incense Burner"},{"floor":11.0,"key":"Charon\u0027s Ashes"},{"floor":22.0,"key":"Champion Belt"},{"floor":22.0,"key":"The Courier"},{"floor":26.0,"key":"Toxic Egg 2"},{"floor":30.0,"key":"Boot"},{"floor":43,"key":"Mercury Hourglass"},{"floor":45,"key":"Turnip"},{"floor":47,"key":"Mummified Hand"}],"event_choices":[{"cards_removed":["Strike_R"],"damage_healed":0.0,"max_hp_gain":0.0,"max_hp_loss":0.0,"gold_gain":0.0,"event_name":"Purifier","player_choice":"Purged","floor":3.0,"gold_loss":0.0,"damage_taken":0.0},{"cards_removed":["Strike_R"],"damage_healed":0.0,"max_hp_gain":0.0,"max_hp_loss":0.0,"gold_gain":0.0,"event_name":"The Cleric","player_choice":"Card Removal","floor":12.0,"gold_loss":50.0,"damage_taken":0.0},{"damage_healed":0.0,"max_hp_gain":0.0,"max_hp_loss":0.0,"gold_gain":0.0,"event_name":"Colosseum","player_choice":"Fight","floor":22.0,"gold_loss":0.0,"damage_taken":0.0},{"damage_healed":0.0,"max_hp_gain":0.0,"max_hp_loss":0.0,"gold_gain":0.0,"event_name":"Colosseum","player_choice":"Fought Nobs","floor":22.0,"gold_loss":0.0,"damage_taken":0.0},{"damage_healed":0.0,"max_hp_gain":0.0,"max_hp_loss":0.0,"gold_gain":0.0,"cards_transformed":["Defend_R"],"event_name":"Transmorgrifier","player_choice":"Transformed","floor":24.0,"gold_loss":0.0,"damage_taken":0.0,"cards_obtained":["Cleave"]},{"damage_healed":0.0,"max_hp_gain":0.0,"max_hp_loss":0.0,"gold_gain":0.0,"cards_transformed":["Cleave","Defend_R"],"event_name":"Drug Dealer","player_choice":"Became Test Subject","floor":27.0,"gold_loss":0.0,"damage_taken":0.0,"cards_obtained":["Rampage","Seeing Red"]},{"damage_healed":0.0,"max_hp_gain":0.0,"max_hp_loss":0.0,"gold_gain":0.0,"event_name":"Addict","player_choice":"Obtained Relic","floor":29.0,"gold_loss":85.0,"damage_taken":0.0,"relics_obtained":["Molten Egg 2"]},{"damage_healed":0,"gold_gain":0,"player_choice":"Paid","damage_taken":0,"relics_obtained":["Red Mask"],"max_hp_gain":0,"max_hp_loss":0,"event_name":"Tomb of Lord Red Mask","floor":38,"gold_loss":33},{"damage_healed":0,"gold_gain":0,"player_choice":"Forge","damage_taken":0,"max_hp_gain":0,"max_hp_loss":0,"event_name":"Accursed Blacksmith","floor":48,"gold_loss":0,"cards_upgraded":["Barricade"]}],"is_beta":false,"boss_relics":[{"not_picked":["Lizard Tail","Pandora\u0027s Box"],"picked":"Astrolabe"},{"not_picked":["Calling Bell","White Beast Statue"],"picked":"Fusion Hammer"}],"items_purged_floors":[5],"is_endless":false,"potions_floor_spawned":[2,4,10,11,18,22,22,30,42,45],"ascension_level":13}