{"gold_per_floor":[115,115,115,126,146,146,180,192,192,192,207,207,217,292,292,367,367,380,398,398,65,80,80,90,121,121,140,140,167,167,202,202,275,275,291,291,310,310,310,310,359,359,359,384,404,434,434,449,449,449,449,449,1,31,31],"floor_reached":56,"playtime":2813,"items_purged":["Defend_R","Defend_R"],"score":2108,"play_id":"85003f9b-ff15-4567-aa67-b078fd4810a6","local_time":"20190311120141","is_ascension_mode":true,"campfire_choices":[{"data":"Body Slam","floor":6.0,"key":"SMITH"},{"floor":10.0,"key":"DIG"},{"floor":12.0,"key":"DIG"},{"floor":15.0,"key":"DIG"},{"floor":23.0,"key":"DIG"},{"floor":28.0,"key":"DIG"},{"floor":30.0,"key":"DIG"},{"data":"Limit Break","floor":32.0,"key":"SMITH"},{"floor":40.0,"key":"DIG"},{"floor":42.0,"key":"RECALL"},{"floor":47.0,"key":"DIG"},{"floor":49.0,"key":"DIG"},{"floor":52.0,"key":"DIG"}],"neow_cost":"NONE","seed_source_timestamp":0,"circlet_count":0,"master_deck":["AscendersBane","Defend_R","Defend_R","Bash+1","Blind","Twin Strike","Cleave","Body Slam+1","Rampage","Cleave","Battle Trance","Limit Break+1","Iron Wave","Bite","Bite","Bite","Bite","Bite","Double Tap+1","Whirlwind","Dropkick","Disarm+1","Disarm+1","Flex+1","Double Tap+1","Evolve","Madness+1","Madness+1","Whirlwind+1","Burning Pact+1","Shrug It Off+1","Dropkick","Finesse+1","Dual Wield+1","Limit Break+1"],"special_seed":0,"relics":["Burning Blood","Incense Burner","Shovel","StoneCalendar","Magic Flower","Bag of Preparation","Mercury Hourglass","Coffee Dripper","Toxic Egg 2","Anchor","Pen Nib","Kunai","Shuriken","WingedGreaves","Dodecahedron","Sozu","Question Card","Du-Vu Doll","FossilizedHelix","Happy Flower","Unceasing Top","Pear","Centennial Puzzle","Ornamental Fan","Chemical X","Calipers"],"potions_floor_usage":[],"damage_taken":[{"damage":0.0,"enemies":"Cultist","floor":1.0,"turns":4.0},{"damage":2.0,"enemies":"Jaw Worm","floor":4.0,"turns":4.0},{"damage":1.0,"enemies":"2 Louse","floor":5.0,"turns":3.0},{"damage":26.0,"enemies":"Gremlin Nob","floor":7.0,"turns":4.0},{"damage":8.0,"enemies":"Exordium Wildlife","floor":8.0,"turns":4.0},{"damage":15.0,"enemies":"Exordium Thugs","floor":11.0,"turns":4.0},{"damage":1.0,"enemies":"2 Fungi Beasts","floor":13.0,"turns":3.0},{"damage":32.0,"enemies":"The Guardian","floor":16.0,"turns":9.0},{"damage":7.0,"enemies":"Chosen","floor":18.0,"turns":4.0},{"damage":15.0,"enemies":"Shell Parasite","floor":19.0,"turns":4.0},{"damage":26.0,"enemies":"Centurion and Healer","floor":22.0,"turns":7.0},{"damage":8.0,"enemies":"Snake Plant","floor":24.0,"turns":3.0},{"damage":6.0,"enemies":"Gremlin Leader","floor":25.0,"turns":6.0},{"damage":6.0,"enemies":"3 Cultists","floor":27.0,"turns":3.0},{"damage":26.0,"enemies":"Book of Stabbing","floor":29.0,"turns":6.0},{"damage":26.0,"enemies":"Slavers","floor":31.0,"turns":3.0},{"damage":14.0,"enemies":"Champ","floor":33.0,"turns":7.0},{"damage":9.0,"enemies":"Orb Walker","floor":35.0,"turns":4.0},{"damage":6.0,"enemies":"3 Darklings","floor":37.0,"turns":3.0},{"damage":16.0,"enemies":"2 Orb Walkers","floor":41.0,"turns":3.0},{"damage":11.0,"enemies":"Reptomancer","floor":44.0,"turns":5.0},{"damage":11.0,"enemies":"Writhing Mass","floor":45.0,"turns":6.0},{"damage":0.0,"enemies":"Nemesis","floor":46.0,"turns":5.0},{"damage":0.0,"enemies":"Maw","floor":48.0,"turns":4.0},{"damage":36.0,"enemies":"Donu and Deca","floor":50.0,"turns":5.0},{"damage":0.0,"enemies":"Shield and Spear","floor":54.0,"turns":2.0},{"damage":44,"enemies":"The Heart","floor":55,"turns":6}],"seed_played":"3298294372048721396","potions_obtained":[{"floor":7.0,"key":"Weak Potion"},{"floor":13.0,"key":"PowerPotion"},{"floor":16.0,"key":"EssenceOfSteel"},{"floor":22.0,"key":"Dexterity Potion"},{"floor":25.0,"key":"EntropicBrew"},{"floor":29.0,"key":"SpeedPotion"}],"is_trial":false,"path_per_floor":["M","?","?","M","M","R","E","M","T","R","M","R","M","?","R","B",null,"M","M","?","$","M","R","M","E","T","M","R","E","R","E","R","B",null,"M","?","M","?","?","R","?","R","T","E","M","E","R","M","R","B",null,"R","$","E","B",null],"character_chosen":"IRONCLAD","items_purchased":["Toxic Egg 2","Chemical X","Finesse+1","Dual Wield+1"],"campfire_rested":0,"item_purchase_floors":[21,53,53,53],"current_hp_per_floor":[74,56,56,60,65,65,45,43,43,43,37,37,45,34,34,11,59,61,55,52,52,52,52,52,52,52,52,52,44,44,36,36,52,52,52,43,52,52,52,52,48,48,48,52,52,52,62,62,62,41,57,57,57,62,39],"gold":31,"neow_bonus":"RANDOM_COLORLESS","is_prod":false,"is_daily":false,"chose_seed":false,"campfire_upgraded":2,"win_rate":0,"timestamp":1552273301,"path_taken":["M","?","?","M","?","R","E","M","T","R","M","R","M","?","R","BOSS","M","M","?","$","M","R","M","E","T","M","R","E","R","E","R","BOSS","M","?","M","?","?","R","?","R","T","E","?","E","R","M","R","BOSS","R","$","E","BOSS"],"build_version":"2019-02-06","purchased_purges":2,"victory":true,"max_hp_per_floor":[75,75,75,75,75,75,75,75,75,75,75,75,75,75,75,75,75,75,75,52,52,52,52,52,52,52,52,52,52,52,52,52,52,52,52,52,52,52,52,52,52,52,52,52,52,52,62,62,62,62,62,62,62,62,62],"card_choices":[{"not_picked":["Warcry","Armaments"],"picked":"Twin Strike","floor":1.0},{"not_picked":["Corruption","Wild Strike"],"picked":"Cleave","floor":4.0},{"not_picked":["Flex","Clash"],"picked":"Body Slam","floor":5.0},{"not_picked":["Shrug It Off","Cleave"],"picked":"Rampage","floor":7.0},{"not_picked":["Heavy Blade","Reckless Charge"],"picked":"Cleave","floor":8.0},{"not_picked":["Sword Boomerang","Disarm"],"picked":"Battle Trance","floor":11.0},{"not_picked":["Body Slam","Warcry","Power Through"],"picked":"SKIP","floor":13.0},{"not_picked":["Exhume","Berserk"],"picked":"Limit Break","floor":16.0},{"not_picked":["Anger","Body Slam"],"picked":"Iron Wave","floor":18.0},{"not_picked":["Reckless Charge","Sword Boomerang"],"picked":"Flex","floor":19.0},{"not_picked":["Iron Wave","Bloodletting+1"],"picked":"Double Tap+1","floor":22.0},{"not_picked":["Headbutt","Feel No Pain"],"picked":"Whirlwind","floor":24.0},{"not_picked":["Uppercut","Blood for Blood"],"picked":"Dropkick","floor":25.0},{"not_picked":["Wild Strike+1","Sentinel+1"],"picked":"Disarm+1","floor":27.0},{"not_picked":["Uppercut","Sever Soul"],"picked":"Disarm+1","floor":29.0},{"not_picked":["Combust","Heavy Blade"],"picked":"Flex+1","floor":31.0},{"not_picked":["Impervious+1","Bludgeon"],"picked":"Double Tap+1","floor":33.0},{"not_picked":["Power Through+1","Rupture"],"picked":"Evolve","floor":35.0},{"not_picked":["Uppercut","Infernal Blade+1"],"picked":"Whirlwind+1","floor":37.0},{"not_picked":["Heavy Blade","Cleave","Flex+1"],"picked":"Burning Pact+1","floor":41.0},{"not_picked":["Warcry+1","Thunderclap+1","Infernal Blade+1"],"picked":"Shrug It Off+1","floor":44.0},{"not_picked":["Juggernaut","Warcry+1","Thunderclap"],"picked":"Dropkick","floor":45.0},{"not_picked":["Clash+1","Infernal Blade+1","Body Slam","Feel No Pain"],"picked":"SKIP","floor":46.0},{"not_picked":["Clothesline","Body Slam+1","Cleave","Warcry+1"],"picked":"SKIP","floor":48.0},{"not_picked":["Armaments+1","Iron Wave","Pommel Strike"],"picked":"Limit Break+1","floor":54.0}],"player_experience":2663926,"relics_obtained":[{"floor":7.0,"key":"Shovel"},{"floor":9.0,"key":"StoneCalendar"},{"floor":10.0,"key":"Magic Flower"},{"floor":12.0,"key":"Bag of Preparation"},{"floor":15.0,"key":"Mercury Hourglass"},{"floor":23.0,"key":"Anchor"},{"floor":25.0,"key":"Pen Nib"},{"floor":28.0,"key":"Kunai"},{"floor":29.0,"key":"Shuriken"},{"floor":30.0,"key":"WingedGreaves"},{"floor":31.0,"key":"Dodecahedron"},{"floor":40.0,"key":"Question Card"},{"floor":41.0,"key":"Du-Vu Doll"},{"floor":43.0,"key":"FossilizedHelix"},{"floor":44.0,"key":"Happy Flower"},{"floor":46.0,"key":"Unceasing Top"},{"floor":47.0,"key":"Pear"},{"floor":49.0,"key":"Centennial Puzzle"},{"floor":52.0,"key":"Ornamental Fan"},{"floor":54.0,"key":"Calipers"}],"event_choices":[{"damage_healed":0.0,"max_hp_gain":0.0,"max_hp_loss":0.0,"gold_gain":0.0,"event_name":"Scrap Ooze","player_choice":"Success","floor":2.0,"gold_loss":0.0,"damage_taken":18.0,"relics_obtained":["Incense Burner"]},{"damage_healed":0.0,"max_hp_gain":0.0,"max_hp_loss":0.0,"gold_gain":0.0,"event_name":"Upgrade Shrine","player_choice":"Upgraded","floor":3.0,"gold_loss":0.0,"damage_taken":0.0,"cards_upgraded":["Bash"]},{"damage_healed":0.0,"max_hp_gain":0.0,"max_hp_loss":0.0,"gold_gain":75.0,"event_name":"World of Goop","player_choice":"Gather Gold","floor":14.0,"gold_loss":0.0,"damage_taken":11.0},{"damage_healed":0.0,"max_hp_gain":0.0,"max_hp_loss":23.0,"gold_gain":0.0,"event_name":"Vampires","player_choice":"Became a vampire","floor":20.0,"gold_loss":0.0,"damage_taken":0.0,"cards_obtained":["Bite","Bite","Bite","Bite","Bite"]},{"damage_healed":0.0,"max_hp_gain":0.0,"max_hp_loss":0.0,"gold_gain":0.0,"event_name":"Winding Halls","player_choice":"Embrace Madness","floor":36.0,"gold_loss":0.0,"damage_taken":9.0,"cards_obtained":["Madness","Madness"]},{"cards_removed":["Flex"],"damage_healed":0.0,"max_hp_gain":0.0,"max_hp_loss":0.0,"gold_gain":0.0,"event_name":"Falling","player_choice":"Removed Skill","floor":38.0,"gold_loss":0.0,"damage_taken":0.0},{"damage_healed":0.0,"max_hp_gain":0.0,"max_hp_loss":0.0,"gold_gain":0.0,"event_name":"Tomb of Lord Red Mask","player_choice":"Ignored","floor":39.0,"gold_loss":0.0,"damage_taken":0.0},{"damage_healed":0.0,"max_hp_gain":0.0,"max_hp_loss":0.0,"gold_gain":0.0,"event_name":"Mysterious Sphere","player_choice":"Fight","floor":41.0,"gold_loss":0.0,"damage_taken":0.0}],"is_beta":true,"boss_relics":[{"not_picked":["Runic Dome","Cursed Key"],"picked":"Coffee Dripper"},{"not_picked":["Black Star","Snecko Eye"],"picked":"Sozu"}],"items_purged_floors":[21,53],"is_endless":false,"potions_floor_spawned":[7,13,16,22,25,29,31,35,44,45],"ascension_level":15}