{"gold_per_floor":[119,119,130,55,55,55,86,109,109,160,172,222,234,246,258,363,375,406,468,498,435,447,459,489,501,513,525,132,150,184,184,184,280,280,304,304,354,354,419,458,458,492,570,570,570,570,595,17,17,17,17,17,17,58,58],"floor_reached":56,"playtime":4154,"items_purged":["Strike_B","Defend_B"],"score":2165,"play_id":"1d2ca5e2-618e-4301-90fb-249de60e9d68","local_time":"20190430180817","is_ascension_mode":true,"campfire_choices":[{"data":"Dualcast","floor":6.0,"key":"SMITH"},{"floor":13.0,"key":"REST"},{"data":"Hologram","floor":15.0,"key":"SMITH"},{"data":"Defragment","floor":23.0,"key":"SMITH"},{"data":"Go for the Eyes","floor":25.0,"key":"SMITH"},{"data":"Hologram","floor":27.0,"key":"SMITH"},{"data":"Buffer","floor":32.0,"key":"SMITH"},{"floor":41.0,"key":"REST"},{"floor":44.0,"key":"REST"},{"floor":46.0,"key":"REST"},{"floor":49.0,"key":"RECALL"},{"floor":52.0,"key":"REST"}],"neow_cost":"NONE","seed_source_timestamp":346394790571458,"circlet_count":0,"master_deck":["AscendersBane","Zap","Dualcast+1","Glacier","Ball Lightning","Hologram+1","Leap","Go for the Eyes+1","Hologram+1","Electrodynamics","Defragment+1","Hologram","Creative AI","Buffer+1","Darkness","Core Surge","Cold Snap","Apotheosis","Enlightenment","Dark Shackles","Glacier","Barrage+1","Fission","Compile Driver","Defragment","Seek"],"special_seed":0,"relics":["Cracked Core","NeowsBlessing","Golden Idol","Bottled Flame","MawBank","Torii","Juzu Bracelet","Inserter","Anchor","Emotion Chip","Dodecahedron","Fusion Hammer","Du-Vu Doll","Blue Candle","Art of War","Ornamental Fan","Pear","Bottled Lightning"],"potions_floor_usage":[55],"damage_taken":[{"damage":0.0,"enemies":"Jaw Worm","floor":1.0,"turns":1.0},{"damage":0.0,"enemies":"Cultist","floor":3.0,"turns":1.0},{"damage":0.0,"enemies":"3 Sentries","floor":7.0,"turns":1.0},{"damage":7.0,"enemies":"2 Louse","floor":8.0,"turns":2.0},{"damage":22.0,"enemies":"Lagavulin","floor":10.0,"turns":8.0},{"damage":27.0,"enemies":"3 Sentries","floor":12.0,"turns":10.0},{"damage":23.0,"enemies":"The Guardian","floor":16.0,"turns":23.0},{"damage":16.0,"enemies":"3 Byrds","floor":18.0,"turns":3.0},{"damage":9.0,"enemies":"Spheric Guardian","floor":20.0,"turns":4.0},{"damage":1.0,"enemies":"Centurion and Healer","floor":24.0,"turns":8.0},{"damage":1.0,"enemies":"Cultist and Chosen","floor":29.0,"turns":8.0},{"damage":10.0,"enemies":"Slavers","floor":30.0,"turns":6.0},{"damage":0.0,"enemies":"Champ","floor":33.0,"turns":22.0},{"damage":1.0,"enemies":"Orb Walker","floor":35.0,"turns":4.0},{"damage":3.0,"enemies":"2 Orb Walkers","floor":39.0,"turns":7.0},{"damage":15.0,"enemies":"Nemesis","floor":40.0,"turns":11.0},{"damage":30.0,"enemies":"Reptomancer","floor":42.0,"turns":8.0},{"damage":0.0,"enemies":"3 Darklings","floor":47.0,"turns":5.0},{"damage":1.0,"enemies":"Donu and Deca","floor":50.0,"turns":12.0},{"damage":8.0,"enemies":"Shield and Spear","floor":54.0,"turns":6.0},{"damage":28,"enemies":"The Heart","floor":55,"turns":11}],"seed_played":"1889782981581075762","potions_obtained":[{"floor":3.0,"key":"Weak Potion"},{"floor":10.0,"key":"FearPotion"},{"floor":24.0,"key":"AttackPotion"},{"floor":29.0,"key":"SkillPotion"},{"floor":33.0,"key":"SkillPotion"},{"floor":40.0,"key":"SpeedPotion"}],"is_trial":false,"path_per_floor":["M","?","M","?","?","R","E","M","T","E","$","E","R","T","R","B",null,"M","?","M","?","?","R","M","R","T","R","$","M","E","?","R","B",null,"M","?","?","?","?","E","R","E","T","R","?","R","M","$","R","B",null,"R","$","E","B",null],"character_chosen":"DEFECT","items_purchased":["Emotion Chip","Defragment","LiquidBronze","Swift Potion","Pear"],"campfire_rested":5,"item_purchase_floors":[28,48,48,48,48],"current_hp_per_floor":[64,64,64,64,64,64,64,57,57,35,35,8,27,27,27,4,49,33,33,24,24,64,64,63,63,63,63,63,62,52,52,52,52,61,60,50,50,50,47,32,51,21,21,40,40,59,59,69,69,68,73,74,74,66,38],"gold":58,"neow_bonus":"THREE_ENEMY_KILL","is_prod":false,"is_daily":false,"chose_seed":false,"campfire_upgraded":6,"win_rate":0,"timestamp":1556615297,"path_taken":["M","?","?","?","?","R","E","M","T","E","?","E","R","?","R","BOSS","M","?","M","?","?","R","M","R","T","R","$","M","E","?","R","BOSS","M","?","?","?","?","E","R","E","T","R","?","R","M","$","R","BOSS","R","$","E","BOSS"],"build_version":"2019-04-23","purchased_purges":2,"victory":true,"max_hp_per_floor":[71,71,71,71,64,64,64,64,64,64,64,64,64,64,64,64,64,64,64,64,64,64,64,64,64,64,64,64,64,64,64,64,64,64,64,64,64,64,64,64,64,64,64,64,64,64,64,74,74,74,74,74,74,74,74],"card_choices":[{"not_picked":["Compile Driver","Fusion"],"picked":"Glacier","floor":1.0},{"not_picked":["Rebound","Lockon"],"picked":"Ball Lightning","floor":3.0},{"not_picked":["Coolheaded","Barrage"],"picked":"Hologram","floor":7.0},{"not_picked":["Steam","Static Discharge"],"picked":"Leap","floor":8.0},{"not_picked":["Skim","Fusion"],"picked":"Go for the Eyes","floor":10.0},{"not_picked":["Fusion","Go for the Eyes"],"picked":"Hologram","floor":12.0},{"not_picked":["Reboot","Seek"],"picked":"Electrodynamics","floor":16.0},{"not_picked":["Gash","Loop"],"picked":"Defragment","floor":18.0},{"not_picked":["Gash","Leap"],"picked":"Reprogram","floor":20.0},{"not_picked":["Stack","Redo","Turbo"],"picked":"SKIP","floor":24.0},{"not_picked":["Sweeping Beam","All For One"],"picked":"Hologram","floor":29.0},{"not_picked":["Barrage","Melter"],"picked":"Creative AI","floor":30.0},{"not_picked":["Thunder Strike","Amplify"],"picked":"Core Surge","floor":33.0},{"not_picked":["BootSequence","Steam Power"],"picked":"Cold Snap","floor":35.0},{"not_picked":["Trip","Discovery"],"picked":"Apotheosis","floor":36.0},{"not_picked":["Good Instincts","Trip"],"picked":"Enlightenment","floor":36.0},{"not_picked":["Dramatic Entrance","Violence"],"picked":"Dark Shackles","floor":36.0},{"not_picked":["Sunder+1","Storm+1"],"picked":"Glacier","floor":39.0},{"not_picked":["Capacitor","Redo"],"picked":"Barrage+1","floor":40.0},{"not_picked":["Storm","Hologram"],"picked":"Fission","floor":42.0},{"not_picked":["Beam Cell","Leap"],"picked":"Compile Driver","floor":47.0},{"not_picked":["Redo+1","Sweeping Beam"],"picked":"Seek","floor":54.0}],"player_experience":3111033,"relics_obtained":[{"floor":7.0,"key":"Bottled Flame"},{"floor":9.0,"key":"MawBank"},{"floor":10.0,"key":"Torii"},{"floor":12.0,"key":"Juzu Bracelet"},{"floor":26.0,"key":"Anchor"},{"floor":30.0,"key":"Dodecahedron"},{"floor":39.0,"key":"Du-Vu Doll"},{"floor":40.0,"key":"Blue Candle"},{"floor":42.0,"key":"Art of War"},{"floor":43.0,"key":"Ornamental Fan"},{"floor":54.0,"key":"Bottled Lightning"}],"event_choices":[{"cards_removed":["Strike_B"],"damage_healed":0.0,"max_hp_gain":0.0,"max_hp_loss":0.0,"gold_gain":0.0,"event_name":"Purifier","player_choice":"Purged","floor":2.0,"gold_loss":0.0,"damage_taken":0.0},{"cards_removed":["Strike_B"],"damage_healed":0.0,"max_hp_gain":0.0,"max_hp_loss":0.0,"gold_gain":0.0,"event_name":"The Cleric","player_choice":"Card Removal","floor":4.0,"gold_loss":75.0,"damage_taken":0.0},{"damage_healed":0.0,"max_hp_gain":0.0,"max_hp_loss":7.0,"gold_gain":0.0,"event_name":"Golden Idol","player_choice":"Lose Max HP","floor":5.0,"gold_loss":0.0,"damage_taken":0.0,"relics_obtained":["Golden Idol"]},{"damage_healed":0.0,"max_hp_gain":0.0,"max_hp_loss":0.0,"gold_gain":50.0,"event_name":"Nest","player_choice":"Stole From Cult","floor":19.0,"gold_loss":0.0,"damage_taken":0.0},{"cards_removed":["Strike_B"],"damage_healed":0.0,"max_hp_gain":0.0,"max_hp_loss":0.0,"gold_gain":0.0,"event_name":"Beggar","player_choice":"Gave Gold","floor":21.0,"gold_loss":75.0,"damage_taken":0.0},{"cards_removed":["Reprogram"],"damage_healed":40.0,"max_hp_gain":0.0,"max_hp_loss":0.0,"gold_gain":0.0,"event_name":"Bonfire Elementals","player_choice":"Offered Uncommon","floor":22.0,"gold_loss":0.0,"damage_taken":0.0},{"damage_healed":0.0,"max_hp_gain":0.0,"max_hp_loss":0.0,"gold_gain":0.0,"cards_transformed":["Defend_B","Defend_B"],"event_name":"Drug Dealer","player_choice":"Became Test Subject","floor":31.0,"gold_loss":0.0,"damage_taken":0.0,"cards_obtained":["Buffer","Darkness"]},{"damage_healed":0.0,"max_hp_gain":0.0,"max_hp_loss":0.0,"gold_gain":0.0,"event_name":"SensoryStone","player_choice":"Memory 3","floor":36.0,"gold_loss":0.0,"damage_taken":10.0},{"damage_healed":0.0,"max_hp_gain":0.0,"max_hp_loss":0.0,"gold_gain":50.0,"event_name":"Golden Shrine","player_choice":"Pray","floor":37.0,"gold_loss":0.0,"damage_taken":0.0},{"damage_healed":0.0,"max_hp_gain":0.0,"max_hp_loss":0.0,"gold_gain":0.0,"event_name":"Tomb of Lord Red Mask","player_choice":"Ignored","floor":38.0,"gold_loss":0.0,"damage_taken":0.0},{"damage_healed":0.0,"max_hp_gain":0.0,"max_hp_loss":0.0,"gold_gain":0.0,"event_name":"Mysterious Sphere","player_choice":"Fight","floor":39.0,"gold_loss":0.0,"damage_taken":0.0},{"cards_removed":["Defend_B"],"damage_healed":0.0,"max_hp_gain":0.0,"max_hp_loss":0.0,"gold_gain":0.0,"event_name":"Purifier","player_choice":"Purged","floor":45.0,"gold_loss":0.0,"damage_taken":0.0}],"is_beta":true,"boss_relics":[{"not_picked":["Nuclear Battery","Snecko Eye"],"picked":"Inserter"},{"not_picked":["Busted Crown","Coffee Dripper"],"picked":"Fusion Hammer"}],"items_purged_floors":[28,48],"is_endless":false,"potions_floor_spawned":[3,10,24,29,30,33,35,40],"ascension_level":17}