{"gold_per_floor":[16,16,16,26,39,39,57,87,134,145,158,191,191,260,260,336,336,347,360,410,460,510,510,526,526,574,604,604,637,153,478,478,555,555,575,589,739,756,773,803,803,838,838,888,951,495,545,310,310,310],"floor_reached":51,"playtime":4585,"items_purged":["Strike_R+1","Strike_R+1","Strike_R+1"],"score":1422,"play_id":"229679ca-c32d-4f54-93e9-38a1c7561165","local_time":"20190326004317","is_ascension_mode":true,"campfire_choices":[{"data":"Bash","floor":6,"key":"SMITH"},{"data":"Uppercut","floor":13,"key":"SMITH"},{"data":"Secret Technique","floor":15,"key":"SMITH"},{"data":"Dual Wield","floor":23,"key":"SMITH"},{"data":"Bandage Up","floor":25,"key":"SMITH"},{"data":"Offering","floor":28,"key":"SMITH"},{"data":"True Grit","floor":32,"key":"SMITH"},{"data":"Inflame","floor":41,"key":"SMITH"},{"data":"Entrench","floor":49,"key":"SMITH"}],"neow_cost":"NO_GOLD","seed_source_timestamp":2242349558277322,"circlet_count":0,"master_deck":["AscendersBane","Strike_R+1","Strike_R+1","Defend_R+1","Defend_R+1","Defend_R+1","Defend_R+1","Bash+1","Bandage Up+1","Secret Technique+1","Dropkick","Ghostly Armor","Intimidate","Inflame","Uppercut+1","Shockwave","Pommel Strike","Inflame+1","Dual Wield+1","Offering+1","Disarm","Flex+1","Heavy Blade+1","True Grit+1","Finesse","Offering","Shockwave+1","True Grit+1","Entrench+1","Rage","Madness","Purity","Shrug It Off"],"relics":["Burning Blood","SsserpentHead","Pantograph","PreservedInsect","Coffee Dripper","Letter Opener","Lantern","Pen Nib","Red Skull","Membership Card","Oddly Smooth Stone","Omamori","Runic Pyramid","Calipers","Happy Flower","Kunai","Bird Faced Urn","Shuriken","Self Forming Clay","TheAbacus","Strawberry"],"potions_floor_usage":[8,11,12,19,33,42,45,50],"damage_taken":[{"damage":19,"enemies":"Jaw Worm","floor":1,"turns":4},{"damage":2,"enemies":"Cultist","floor":4,"turns":4},{"damage":2,"enemies":"Small Slimes","floor":5,"turns":4},{"damage":2,"enemies":"2 Fungi Beasts","floor":7,"turns":4},{"damage":34,"enemies":"Gremlin Nob","floor":8,"turns":6},{"damage":8,"enemies":"Blue Slaver","floor":10,"turns":4},{"damage":15,"enemies":"Large Slime","floor":11,"turns":7},{"damage":15,"enemies":"Lagavulin","floor":12,"turns":7},{"damage":4,"enemies":"Red Slaver","floor":14,"turns":4},{"damage":36,"enemies":"The Guardian","floor":16,"turns":13},{"damage":29,"enemies":"Shell Parasite","floor":18,"turns":5},{"damage":14,"enemies":"Chosen","floor":19,"turns":5},{"damage":10,"enemies":"Snake Plant","floor":24,"turns":4},{"damage":6,"enemies":"Gremlin Leader","floor":27,"turns":2},{"damage":22,"enemies":"Book of Stabbing","floor":29,"turns":4},{"damage":27,"enemies":"Collector","floor":33,"turns":6},{"damage":4,"enemies":"3 Shapes","floor":35,"turns":8},{"damage":23,"enemies":"3 Darklings","floor":36,"turns":6},{"damage":8,"enemies":"Mind Bloom Boss Battle","floor":37,"turns":7},{"damage":34,"enemies":"Writhing Mass","floor":38,"turns":7},{"damage":21,"enemies":"Transient","floor":39,"turns":6},{"damage":18,"enemies":"Reptomancer","floor":40,"turns":6},{"damage":16,"enemies":"Nemesis","floor":42,"turns":3},{"damage":26,"enemies":"Spire Growth","floor":45,"turns":7},{"damage":53,"enemies":"Donu and Deca","floor":50,"turns":18}],"seed_played":"-4770801619899568573","potions_obtained":[{"floor":1,"key":"Weak Potion"},{"floor":8,"key":"AttackPotion"},{"floor":10,"key":"BloodPotion"},{"floor":11,"key":"Swift Potion"},{"floor":18,"key":"Strength Potion"},{"floor":27,"key":"Strength Potion"},{"floor":33,"key":"BloodPotion"},{"floor":35,"key":"SpeedPotion"},{"floor":39,"key":"PowerPotion"},{"floor":45,"key":"Fruit Juice"}],"is_trial":false,"path_per_floor":["M","?","?","M","M","R","M","E","T","M","M","E","R","M","R","B",null,"M","M","?","?","T","R","M","R","T","E","R","E","$","?","R","B",null,"M","M","?","M","M","E","R","E","T","?","M","$","?","$","R","B",null],"character_chosen":"IRONCLAD","items_purchased":["Membership Card","Oddly Smooth Stone","Omamori","True Grit","Finesse","Shuriken","Rage","Self Forming Clay","Madness","TheAbacus","Strawberry","Purity","PowerPotion","Shrug It Off"],"campfire_rested":0,"item_purchase_floors":[30,30,30,30,30,46,46,46,46,46,48,48,48,48],"current_hp_per_floor":[59,59,59,67,75,75,75,51,51,53,55,50,50,56,56,49,69,50,46,46,46,46,46,46,46,46,52,52,42,42,42,42,52,69,75,64,75,53,44,38,38,34,34,34,37,37,37,44,44,64],"gold":310,"neow_bonus":"RANDOM_COLORLESS_2","is_prod":false,"is_daily":false,"chose_seed":false,"campfire_upgraded":9,"win_rate":0,"timestamp":1553528597,"path_taken":["M","?","?","M","M","R","M","E","T","M","M","E","R","?","R","BOSS","M","M","?","?","?","R","M","R","T","E","R","E","$","?","R","BOSS","M","M","?","M","M","E","R","E","T","?","?","?","?","$","R","BOSS"],"build_version":"2019-03-15","purchased_purges":3,"victory":true,"max_hp_per_floor":[75,75,75,75,75,75,75,75,75,75,75,75,75,75,75,75,75,75,75,75,75,75,75,75,75,75,75,75,75,75,75,75,75,75,75,75,75,75,75,75,75,75,75,75,80,80,80,87,87,87],"card_choices":[{"not_picked":["Headbutt","Burning Pact"],"picked":"Dropkick","floor":1},{"not_picked":["Wild Strike","Body Slam"],"picked":"Ghostly Armor","floor":4},{"not_picked":["Shrug It Off","Carnage"],"picked":"Intimidate","floor":5},{"not_picked":["Shockwave","Wild Strike"],"picked":"Inflame","floor":7},{"not_picked":["Rage","Pummel"],"picked":"Uppercut","floor":8},{"not_picked":["Heavy Blade","Twin Strike"],"picked":"Shockwave","floor":10},{"not_picked":["Flex","Anger"],"picked":"Pommel Strike","floor":11},{"not_picked":["Entrench","Clash"],"picked":"Inflame","floor":12},{"not_picked":["Cleave","Shockwave"],"picked":"Dual Wield","floor":14},{"not_picked":["Demon Form","Dark Embrace"],"picked":"Offering","floor":16},{"not_picked":["Perfected Strike","Clash"],"picked":"Disarm","floor":18},{"not_picked":["Fire Breathing+1","Clothesline"],"picked":"Flex+1","floor":19},{"not_picked":["Anger","Thunderclap","Bloodletting"],"picked":"SKIP","floor":24},{"not_picked":["Intimidate","Spot Weakness"],"picked":"Heavy Blade+1","floor":27},{"not_picked":["Thunderclap","Searing Blow","Heavy Blade"],"picked":"SKIP","floor":29},{"not_picked":["Bludgeon","Barricade"],"picked":"Offering","floor":33},{"not_picked":["Clothesline+1","Perfected Strike","Seeing Red"],"picked":"SKIP","floor":35},{"not_picked":["Power Through+1","Anger","Warcry"],"picked":"SKIP","floor":36},{"not_picked":["Pommel Strike","Brutality"],"picked":"Shockwave+1","floor":37},{"not_picked":["Rage","Flex+1"],"picked":"True Grit+1","floor":38},{"not_picked":["Thunderclap","Searing Blow+1","Ghostly Armor"],"picked":"SKIP","floor":39},{"not_picked":["Warcry","Armaments","Shrug It Off"],"picked":"SKIP","floor":40},{"not_picked":["True Grit","Havoc","Cleave+1"],"picked":"SKIP","floor":42},{"not_picked":["Shrug It Off","Warcry+1"],"picked":"Entrench","floor":45}],"player_experience":2732067,"relics_obtained":[{"floor":8,"key":"Pantograph"},{"floor":12,"key":"PreservedInsect"},{"floor":22,"key":"Letter Opener"},{"floor":26,"key":"Lantern"},{"floor":27,"key":"Pen Nib"},{"floor":29,"key":"Red Skull"},{"floor":37,"key":"Calipers"},{"floor":40,"key":"Happy Flower"},{"floor":42,"key":"Kunai"},{"floor":43,"key":"Bird Faced Urn"}],"event_choices":[{"damage_healed":0,"gold_gain":0,"player_choice":"Leave","damage_taken":0,"max_hp_gain":0,"max_hp_loss":0,"event_name":"The Cleric","floor":2,"gold_loss":0},{"damage_healed":0,"gold_gain":0,"player_choice":"Trade","damage_taken":0,"relics_obtained":["SsserpentHead"],"max_hp_gain":0,"max_hp_loss":0,"event_name":"FaceTrader","floor":3,"gold_loss":0},{"damage_healed":0,"gold_gain":0,"player_choice":"Ignored","damage_taken":0,"max_hp_gain":0,"max_hp_loss":0,"event_name":"The Mausoleum","floor":20,"gold_loss":0},{"damage_healed":0,"gold_gain":0,"player_choice":"Simplicity","damage_taken":0,"max_hp_gain":0,"max_hp_loss":0,"event_name":"Back to Basics","floor":21,"gold_loss":0,"cards_upgraded":["Strike_R","Strike_R","Strike_R","Strike_R","Strike_R","Defend_R","Defend_R","Defend_R","Defend_R"]},{"damage_healed":0,"gold_gain":275,"player_choice":"Desecrate","damage_taken":0,"max_hp_gain":0,"max_hp_loss":0,"event_name":"Golden Shrine","floor":31,"gold_loss":0,"cards_obtained":["Regret"]},{"damage_healed":0,"gold_gain":0,"player_choice":"Fight","damage_taken":0,"max_hp_gain":0,"max_hp_loss":0,"event_name":"MindBloom","floor":37,"gold_loss":0},{"damage_healed":0,"gold_gain":0,"player_choice":"0 cards matched","damage_taken":0,"max_hp_gain":0,"max_hp_loss":0,"event_name":"Match and Keep!","floor":44,"gold_loss":0,"cards_obtained":[]},{"damage_healed":0,"gold_gain":0,"player_choice":"Ignored","damage_taken":0,"max_hp_gain":0,"max_hp_loss":0,"event_name":"The Moai Head","floor":47,"gold_loss":0}],"is_beta":true,"boss_relics":[{"not_picked":["Astrolabe","Calling Bell"],"picked":"Coffee Dripper"},{"not_picked":["Fusion Hammer","Mark of Pain"],"picked":"Runic Pyramid"}],"items_purged_floors":[30,46,48],"is_endless":false,"potions_floor_spawned":[1,8,10,11,18,27,33,35,39,40,45],"ascension_level":17}