{"gold_per_floor":[112,14,14,14,89,89,100,125,125,75,75,95,95,124,124,226,226,239,58,78,98,13,13,40,40,40,40,69,82,117,129,129,129],"floor_reached":33,"playtime":2783,"items_purged":["Defend_R","Strike_R"],"score":353,"play_id":"3366ecb8-2d7a-4ba2-a8ed-203621eadbe2","local_time":"20181213001620","is_ascension_mode":true,"campfire_choices":[{"data":"Bash","floor":6,"key":"SMITH"},{"data":"Bash","floor":11,"key":"SMITH"},{"data":"Twin Strike","floor":13,"key":"SMITH"},{"data":"Armaments","floor":15,"key":"SMITH"},{"data":"Flex","floor":23,"key":"SMITH"},{"data":"Demon Form","floor":25,"key":"SMITH"},{"data":"Metallicize","floor":27,"key":"SMITH"},{"floor":32,"key":"REST"}],"neow_cost":"NONE","seed_source_timestamp":200835050267264,"circlet_count":0,"master_deck":["Strike_R","Strike_R","Strike_R","Defend_R","Defend_R","Defend_R","Bash+1","Twin Strike+1","Anger","Bash+1","Juggernaut","Iron Wave","Disarm","Cleave","Armaments+1","Demon Form+1","Clash","Metallicize+1","Flex+1","Anger+1","Sword Boomerang+1","Limit Break+1","Pummel+1","Clash+1"],"relics":["Burning Blood","NeowsBlessing","Self Forming Clay","Paper Frog","Pocketwatch","White Beast Statue","Red Skull","Molten Egg 2","Toxic Egg 2","Bag of Preparation","Unceasing Top"],"potions_floor_usage":[16,16,18,21,24,28,29,30,30,33,33],"damage_taken":[{"damage":0,"enemies":"Small Slimes","floor":1,"turns":1},{"damage":0,"enemies":"Cultist","floor":7,"turns":1},{"damage":0,"enemies":"Gremlin Nob","floor":8,"turns":1},{"damage":0,"enemies":"2 Louse","floor":12,"turns":3},{"damage":28,"enemies":"3 Sentries","floor":14,"turns":5},{"damage":9,"enemies":"The Guardian","floor":16,"turns":9},{"damage":3,"enemies":"Shell Parasite","floor":18,"turns":6},{"damage":20,"enemies":"2 Thieves","floor":20,"turns":4},{"damage":22,"enemies":"Sentry and Sphere","floor":21,"turns":6},{"damage":4,"enemies":"Gremlin Leader","floor":24,"turns":7},{"damage":18,"enemies":"Book of Stabbing","floor":28,"turns":5},{"damage":0,"enemies":"Cultist and Chosen","floor":29,"turns":4},{"damage":43,"enemies":"Gremlin Leader","floor":30,"turns":5},{"damage":0,"enemies":"Snecko","floor":31,"turns":2},{"damage":72,"enemies":"Collector","floor":33,"turns":7}],"seed_played":"-3676792701426253901","potions_obtained":[{"floor":7,"key":"Weak Potion"},{"floor":14,"key":"Regen Potion"},{"floor":16,"key":"Block Potion"},{"floor":18,"key":"BloodPotion"},{"floor":20,"key":"SteroidPotion"},{"floor":21,"key":"Swift Potion"},{"floor":24,"key":"SteroidPotion"},{"floor":28,"key":"LiquidBronze"},{"floor":29,"key":"GamblersBrew"},{"floor":30,"key":"AttackPotion"},{"floor":31,"key":"Regen Potion"}],"is_trial":false,"path_per_floor":["M","$","?","$","?","R","M","E","T","?","R","M","R","E","R","B",null,"M","$","M","M","?","R","E","R","T","R","E","M","E","M","R","B"],"character_chosen":"IRONCLAD","items_purchased":["Anger","Metallicize"],"campfire_rested":1,"item_purchase_floors":[2,19],"current_hp_per_floor":[80,80,80,80,69,69,75,80,80,80,80,80,80,58,58,70,80,80,80,66,50,50,50,52,52,52,52,48,54,17,23,47,0],"gold":129,"neow_bonus":"THREE_ENEMY_KILL","is_prod":false,"is_daily":false,"chose_seed":false,"campfire_upgraded":7,"win_rate":0,"timestamp":1544627780,"path_taken":["M","$","?","?","?","R","M","E","T","?","R","M","R","E","R","BOSS","M","$","M","M","?","R","E","R","T","R","E","M","E","M","R","BOSS"],"build_version":"2018-12-06","purchased_purges":2,"victory":false,"max_hp_per_floor":[80,80,80,80,80,80,80,80,80,80,80,80,80,80,80,80,80,80,80,80,80,80,80,80,80,80,80,80,80,80,80,80,80],"card_choices":[{"not_picked":["Armaments","Heavy Blade"],"picked":"Twin Strike","floor":1},{"not_picked":["Thunderclap","True Grit"],"picked":"Iron Wave","floor":7},{"not_picked":["Sever Soul","True Grit"],"picked":"Disarm","floor":8},{"not_picked":["Twin Strike","Power Through"],"picked":"Cleave","floor":12},{"not_picked":["Dual Wield","Whirlwind"],"picked":"Armaments","floor":14},{"not_picked":["Fiend Fire","Reaper"],"picked":"Demon Form","floor":16},{"not_picked":["Entrench","Thunderclap"],"picked":"Clash","floor":18},{"not_picked":["Sentinel","Power Through"],"picked":"Flex","floor":20},{"not_picked":["Pommel Strike+1","Sword Boomerang"],"picked":"Anger+1","floor":21},{"not_picked":["Armaments+1","Searing Blow"],"picked":"Sword Boomerang","floor":24},{"not_picked":["Headbutt+1","Clothesline+1"],"picked":"Limit Break+1","floor":28},{"not_picked":["Wild Strike+1","Twin Strike+1","True Grit+1"],"picked":"SKIP","floor":29},{"not_picked":["Anger+1","Rupture+1"],"picked":"Pummel+1","floor":30},{"not_picked":["Anger+1","Havoc+1"],"picked":"Clash+1","floor":31}],"player_experience":169764,"relics_obtained":[{"floor":8,"key":"Self Forming Clay"},{"floor":9,"key":"Paper Frog"},{"floor":14,"key":"Pocketwatch"},{"floor":24,"key":"Molten Egg 2"},{"floor":26,"key":"Toxic Egg 2"},{"floor":28,"key":"Bag of Preparation"},{"floor":30,"key":"Unceasing Top"}],"event_choices":[{"damage_healed":0,"gold_gain":0,"player_choice":"2 cards matched","damage_taken":0,"max_hp_gain":0,"max_hp_loss":0,"event_name":"Match and Keep!","floor":3,"gold_loss":0,"cards_obtained":["Bash","Juggernaut"]},{"damage_healed":0,"gold_gain":75,"player_choice":"Gather Gold","damage_taken":11,"max_hp_gain":0,"max_hp_loss":0,"event_name":"World of Goop","floor":5,"gold_loss":0},{"cards_removed":["Strike_R"],"damage_healed":0,"gold_gain":0,"player_choice":"Card Removal","damage_taken":0,"max_hp_gain":0,"max_hp_loss":0,"event_name":"The Cleric","floor":10,"gold_loss":50},{"damage_healed":0,"gold_gain":0,"player_choice":"Obtained Relic","damage_taken":0,"relics_obtained":["Red Skull"],"max_hp_gain":0,"max_hp_loss":0,"event_name":"Addict","floor":22,"gold_loss":85}],"is_beta":false,"boss_relics":[{"not_picked":["Runic Cube","Snecko Eye"],"picked":"White Beast Statue"}],"items_purged_floors":[2,19],"is_endless":false,"potions_floor_spawned":[7,14,16,18,20,21,24,28,29,30,31],"killed_by":"Collector","ascension_level":1}