{"gold_per_floor":[109,109,109,109,129,129,159,187,213,213,228,243,80,94,94,168,168,188,188,188,208,208,238,238,250,275,275,294,294,56,76,76,152,152,167,0,0,100,100,100,130,104,130,163,176,189,189,236,236,236],"floor_reached":51,"playtime":3107,"items_purged":["Strike_G","Writhe"],"score":1451,"play_id":"f7a695e7-c210-49ad-a033-49de27df689b","local_time":"20190220231802","is_ascension_mode":true,"campfire_choices":[{"floor":6.0,"key":"REST"},{"data":"Neutralize","floor":10.0,"key":"SMITH"},{"data":"Bouncing Flask","floor":15.0,"key":"SMITH"},{"data":"Footwork","floor":24,"key":"SMITH"},{"data":"Footwork","floor":27,"key":"SMITH"},{"floor":32,"key":"REST"},{"data":"Well Laid Plans","floor":40,"key":"SMITH"},{"data":"Defend_G","floor":47,"key":"SMITH"},{"floor":49,"key":"REST"}],"neow_cost":"NONE","seed_source_timestamp":395513077638714,"circlet_count":0,"master_deck":["AscendersBane","Defend_G","Defend_G+1","Defend_G+1","Defend_G+1","Defend_G+1","Survivor+1","Neutralize+1","Bouncing Flask+1","Footwork+1","Backflip+1","Adrenaline+1","Blur+1","Footwork+1","Night Terror+1","Phantasmal Killer+1","Noxious Fumes+1","Corpse Explosion+1","Escape Plan+1","Grand Finale+1","Venomology+1","Prepared+1","Backflip+1","Well Laid Plans+1","Prepared+1","Dodge and Roll+1","Madness+1","Dodge and Roll+1"],"special_seed":0,"relics":["Ring of the Snake","Potion Belt","Ancient Tea Set","Toxic Egg 2","Bag of Preparation","Astrolabe","Turnip","Bronze Scales","War Paint","Busted Crown","Bag of Marbles","Prayer Wheel","Dodecahedron","Whetstone","Dream Catcher","Juzu Bracelet","Nunchaku"],"potions_floor_usage":[16,21,23,25,28,28,33,33,38,38,38,38,41,41,41,41,41,44,44,44,45,46,48,50],"damage_taken":[{"damage":0.0,"enemies":"Cultist","floor":1.0,"turns":4.0},{"damage":1.0,"enemies":"Small Slimes","floor":5.0,"turns":3.0},{"damage":3.0,"enemies":"3 Sentries","floor":8.0,"turns":10.0},{"damage":0.0,"enemies":"2 Louse","floor":11.0,"turns":2.0},{"damage":2.0,"enemies":"2 Fungi Beasts","floor":12.0,"turns":3.0},{"damage":0.0,"enemies":"Large Slime","floor":14.0,"turns":9.0},{"damage":26,"enemies":"Slime Boss","floor":16,"turns":6},{"damage":0,"enemies":"Chosen","floor":18,"turns":5},{"damage":0,"enemies":"3 Byrds","floor":21,"turns":1},{"damage":13,"enemies":"Gremlin Leader","floor":23,"turns":9},{"damage":0,"enemies":"Shelled Parasite and Fungi","floor":25,"turns":4},{"damage":2,"enemies":"Snecko","floor":28,"turns":6},{"damage":3,"enemies":"Snake Plant","floor":31,"turns":3},{"damage":0,"enemies":"Collector","floor":33,"turns":7},{"damage":6,"enemies":"3 Shapes","floor":35,"turns":3},{"damage":0,"enemies":"Mind Bloom Boss Battle","floor":38,"turns":5},{"damage":0,"enemies":"Giant Head","floor":41,"turns":11},{"damage":10,"enemies":"Reptomancer","floor":44,"turns":8},{"damage":0,"enemies":"Orb Walker","floor":45,"turns":5},{"damage":0,"enemies":"Sphere and 2 Shapes","floor":46,"turns":6},{"damage":0,"enemies":"2 Orb Walkers","floor":48,"turns":5},{"damage":18,"enemies":"Donu and Deca","floor":50,"turns":7}],"seed_played":"-4693386442075317291","potions_obtained":[{"floor":1.0,"key":"Dexterity Potion"},{"floor":5.0,"key":"Swift Potion"},{"floor":11.0,"key":"SteroidPotion"},{"floor":12.0,"key":"LiquidBronze"},{"floor":16,"key":"Dexterity Potion"},{"floor":18,"key":"Strength Potion"},{"floor":25,"key":"Fire Potion"},{"floor":28,"key":"Fire Potion"},{"floor":31,"key":"EssenceOfSteel"},{"floor":38,"key":"Swift Potion"},{"floor":41,"key":"AttackPotion"},{"floor":45,"key":"Energy Potion"}],"is_trial":false,"path_per_floor":["M","?","?","?","M","R","?","E","T","R","M","M","$","M","R","B",null,"M","?","?","M","?","E","R","M","T","R","M","?","$","M","R","B",null,"M","$","?","?","T","R","E","$","T","E","M","M","R","?","R","B",null],"character_chosen":"THE_SILENT","items_purchased":["Blur+1","Backflip+1","Well Laid Plans","Bag of Marbles","Dodge and Roll+1"],"campfire_rested":3,"item_purchase_floors":[13,30,30,36,42],"current_hp_per_floor":[59,52,47,27,26,45,45,42,42,42,42,40,40,40,40,14,53,53,53,53,53,53,40,40,40,40,40,38,38,38,35,54,54,63,57,57,57,57,57,57,57,57,57,47,61,61,61,61,66,48],"gold":236,"neow_bonus":"RANDOM_COMMON_RELIC","is_prod":false,"is_daily":false,"chose_seed":false,"campfire_upgraded":6,"win_rate":0,"timestamp":1550672282,"path_taken":["M","?","?","?","M","R","?","E","T","R","M","M","$","M","R","BOSS","M","?","?","M","?","E","R","M","T","R","?","?","$","M","R","BOSS","M","$","?","?","?","R","E","$","T","E","M","M","R","?","R","BOSS"],"build_version":"2019-01-23","purchased_purges":2,"victory":true,"max_hp_per_floor":[66,66,66,66,66,66,66,66,66,66,66,66,66,66,66,66,66,66,66,66,66,66,66,66,66,66,66,66,66,66,66,66,66,66,66,66,66,66,66,66,66,66,66,66,66,66,66,66,66,66],"card_choices":[{"not_picked":["Flying Knee","Endless Agony"],"picked":"Riddle With Holes","floor":1.0},{"not_picked":["Riddle With Holes","Flechettes"],"picked":"Bouncing Flask","floor":5.0},{"not_picked":["Backflip","Riddle With Holes"],"picked":"Footwork","floor":8.0},{"not_picked":["Choke","Cloak And Dagger+1"],"picked":"Backflip+1","floor":11.0},{"not_picked":["Deadly Poison+1","Dodge and Roll+1"],"picked":"Adrenaline+1","floor":12.0},{"not_picked":["Cloak And Dagger+1","Deadly Poison+1"],"picked":"Footwork","floor":14.0},{"not_picked":["Storm of Steel+1","Unload"],"picked":"Night Terror+1","floor":16},{"not_picked":["Prepared+1","Dagger Throw+1"],"picked":"Escape Plan+1","floor":18},{"not_picked":["Bane","Underhanded Strike","Calculated Gamble+1"],"picked":"SKIP","floor":21},{"not_picked":["Bane","Flying Knee+1"],"picked":"Venomology+1","floor":23},{"not_picked":["Underhanded Strike","Calculated Gamble+1"],"picked":"Prepared+1","floor":25},{"not_picked":["Quick Slash","Poisoned Stab","Slice"],"picked":"SKIP","floor":28},{"not_picked":["Backstab","Deadly Poison+1"],"picked":"Prepared+1","floor":31},{"not_picked":[],"picked":"Dodge and Roll+1","floor":35},{"not_picked":[],"picked":"Madness+1","floor":37},{"not_picked":["Blade Dance+1"],"picked":"SKIP","floor":41},{"not_picked":["Skewer"],"picked":"SKIP","floor":44},{"not_picked":["Poisoned Stab"],"picked":"SKIP","floor":45},{"not_picked":["Expertise+1"],"picked":"SKIP","floor":45},{"not_picked":["Acrobatics+1"],"picked":"SKIP","floor":46},{"not_picked":["Blade Dance+1"],"picked":"SKIP","floor":46}],"player_experience":665010,"relics_obtained":[{"floor":8.0,"key":"Toxic Egg 2"},{"floor":9.0,"key":"Bag of Preparation"},{"floor":23,"key":"Turnip"},{"floor":26,"key":"Bronze Scales"},{"floor":38,"key":"Prayer Wheel"},{"floor":39,"key":"Dodecahedron"},{"floor":41,"key":"Whetstone"},{"floor":43,"key":"Dream Catcher"},{"floor":44,"key":"Juzu Bracelet"},{"floor":48,"key":"Nunchaku"}],"event_choices":[{"cards_removed":["Strike_G"],"damage_healed":0.0,"max_hp_gain":0.0,"max_hp_loss":0.0,"gold_gain":0.0,"event_name":"Golden Wing","player_choice":"Card Removal","floor":2.0,"gold_loss":0.0,"damage_taken":7.0},{"damage_healed":0.0,"max_hp_gain":0.0,"max_hp_loss":0.0,"gold_gain":0.0,"event_name":"Scrap Ooze","player_choice":"Success","floor":3.0,"gold_loss":0.0,"damage_taken":5.0,"relics_obtained":["Ancient Tea Set"]},{"damage_healed":0.0,"max_hp_gain":0.0,"max_hp_loss":0.0,"gold_gain":0.0,"event_name":"Shining Light","player_choice":"Entered Light","floor":4.0,"gold_loss":0.0,"damage_taken":20.0,"cards_upgraded":["Defend_G","Defend_G"]},{"damage_healed":0.0,"max_hp_gain":0.0,"max_hp_loss":0.0,"gold_gain":30.0,"event_name":"Dead Adventurer","player_choice":"Searched \u00272\u0027 times","floor":7.0,"gold_loss":0.0,"damage_taken":0.0},{"damage_healed":0,"gold_gain":0,"player_choice":"Ignored","damage_taken":0,"max_hp_gain":0,"max_hp_loss":0,"event_name":"Ghosts","floor":19,"gold_loss":0},{"damage_healed":0,"gold_gain":0,"player_choice":"Ignored","damage_taken":0,"max_hp_gain":0,"max_hp_loss":0,"event_name":"Vampires","floor":20,"gold_loss":0},{"damage_healed":0,"gold_gain":0,"cards_transformed":["Riddle With Holes"],"player_choice":"Transformed","damage_taken":0,"max_hp_gain":0,"max_hp_loss":0,"event_name":"Transmorgrifier","floor":22,"gold_loss":0,"cards_obtained":["Grand Finale"]},{"damage_healed":0,"gold_gain":0,"player_choice":"Opened","damage_taken":0,"relics_obtained":["War Paint"],"max_hp_gain":0,"max_hp_loss":0,"event_name":"The Mausoleum","floor":29,"gold_loss":0,"cards_obtained":["Writhe"]},{"damage_healed":0,"gold_gain":0,"player_choice":"Memory 1","damage_taken":0,"max_hp_gain":0,"max_hp_loss":0,"event_name":"SensoryStone","floor":37,"gold_loss":0},{"damage_healed":0,"gold_gain":0,"player_choice":"Fight","damage_taken":0,"max_hp_gain":0,"max_hp_loss":0,"event_name":"MindBloom","floor":38,"gold_loss":0},{"damage_healed":0,"gold_gain":0,"player_choice":"Fight","damage_taken":0,"max_hp_gain":0,"max_hp_loss":0,"event_name":"Mysterious Sphere","floor":48,"gold_loss":0}],"is_beta":false,"boss_relics":[{"not_picked":["Runic Pyramid","Tiny House"],"picked":"Astrolabe"},{"not_picked":["Snecko Eye","Black Star"],"picked":"Busted Crown"}],"items_purged_floors":[13,30],"is_endless":false,"potions_floor_spawned":[1,5,11,12,16,18,25,28,31,38,41,45],"ascension_level":17}