{"gold_per_floor":[361,361,375,345,25,53,65,85,85,85,100,115,142,160,160,235,235,235,185,85,85,85,85,85,85,85,85,1,1,1,1,1,1,1,1,1,1,1,1,1,1,1,1,1,1,1,1,1,1,1],"floor_reached":50,"playtime":3168,"items_purged":[],"score":957,"play_id":"05a4744f-2b67-4f6e-a9cd-97448b69558e","local_time":"20190405133459","is_ascension_mode":true,"campfire_choices":[{"data":"Self Repair","floor":10.0,"key":"SMITH"},{"data":"Capacitor","floor":15.0,"key":"SMITH"},{"data":"Seek","floor":23.0,"key":"SMITH"},{"data":"Go for the Eyes","floor":25.0,"key":"SMITH"},{"data":"Zap","floor":27.0,"key":"SMITH"},{"floor":32.0,"key":"REST"},{"data":"Loop","floor":40.0,"key":"SMITH"},{"data":"White Noise","floor":42.0,"key":"SMITH"},{"data":"White Noise","floor":45.0,"key":"SMITH"},{"data":"Static Discharge","floor":47.0,"key":"SMITH"},{"data":"Conserve Battery","floor":49,"key":"SMITH"}],"neow_cost":"PERCENT_DAMAGE","seed_source_timestamp":3153873216082555,"circlet_count":0,"master_deck":["AscendersBane","Strike_B","Strike_B","Strike_B","Strike_B","Defend_B","Defend_B","Defend_B","Defend_B","Zap+1","Cold Snap","White Noise+1","Cold Snap","Self Repair+1","Capacitor+1","Go for the Eyes+1","Cold Snap","Melter","White Noise+1","Loop+1","Seek+1","Leap","Static Discharge+1","Conserve Battery+1","Steam Power+1","Self Repair","Meteor Strike","Compile Driver","Echo Form","Compile Driver+1","Panache","Metamorphosis","Stack+1","Parasite","Static Discharge+1"],"special_seed":0,"relics":["Cracked Core","OrangePellets","Art of War","Anchor","Mummified Hand","Ectoplasm","Kunai","Coffee Dripper","Mercury Hourglass","Pantograph","Sundial"],"potions_floor_usage":[],"damage_taken":[{"damage":6.0,"enemies":"2 Louse","floor":1.0,"turns":3.0},{"damage":0.0,"enemies":"Cultist","floor":3.0,"turns":4.0},{"damage":25.0,"enemies":"Gremlin Nob","floor":6.0,"turns":6.0},{"damage":0.0,"enemies":"Small Slimes","floor":7.0,"turns":4.0},{"damage":2.0,"enemies":"Exordium Thugs","floor":8.0,"turns":4.0},{"damage":9.0,"enemies":"Exordium Wildlife","floor":11.0,"turns":3.0},{"damage":1.0,"enemies":"Blue Slaver","floor":12.0,"turns":4.0},{"damage":12.0,"enemies":"3 Sentries","floor":13.0,"turns":11.0},{"damage":0.0,"enemies":"Large Slime","floor":14.0,"turns":5.0},{"damage":22.0,"enemies":"Hexaghost","floor":16.0,"turns":8.0},{"damage":5.0,"enemies":"Shell Parasite","floor":18.0,"turns":6.0},{"damage":20.0,"enemies":"2 Thieves","floor":20.0,"turns":4.0},{"damage":6.0,"enemies":"Snake Plant","floor":21.0,"turns":7.0},{"damage":7.0,"enemies":"Cultist and Chosen","floor":22.0,"turns":8.0},{"damage":61.0,"enemies":"Slavers","floor":24.0,"turns":5.0},{"damage":0.0,"enemies":"3 Cultists","floor":29.0,"turns":7.0},{"damage":22.0,"enemies":"Centurion and Healer","floor":31.0,"turns":8.0},{"damage":3.0,"enemies":"Champ","floor":33.0,"turns":11.0},{"damage":19.0,"enemies":"Orb Walker","floor":35.0,"turns":4.0},{"damage":0.0,"enemies":"3 Shapes","floor":36.0,"turns":7.0},{"damage":11.0,"enemies":"Spire Growth","floor":38.0,"turns":5.0},{"damage":41.0,"enemies":"Giant Head","floor":46.0,"turns":9.0},{"damage":12,"enemies":"Writhing Mass","floor":48,"turns":6},{"damage":0,"enemies":"Awakened One","floor":50,"turns":1}],"seed_played":"-8308755236853100896","potions_obtained":[{"floor":4.0,"key":"GamblersBrew"},{"floor":4.0,"key":"Dexterity Potion"},{"floor":6.0,"key":"Fire Potion"},{"floor":13.0,"key":"FearPotion"},{"floor":16.0,"key":"Energy Potion"},{"floor":24.0,"key":"Poison Potion"},{"floor":31.0,"key":"EssenceOfSteel"},{"floor":33.0,"key":"Dexterity Potion"}],"is_trial":false,"path_per_floor":["M","$","M","?","$","E","M","M","T","R","M","M","E","M","R","B",null,"M","?","M","M","M","R","E","R","T","R","$","M","$","M","R","B",null,"M","M","?","M","?","R","T","R","T","$","R","E","R","M","R","B"],"character_chosen":"DEFECT","items_purchased":["OrangePellets","Cold Snap","Self Repair","Self Repair"],"campfire_rested":1,"item_purchase_floors":[5,5,5,28],"current_hp_per_floor":[40,40,40,40,40,22,29,27,27,27,28,37,35,45,45,33,62,67,67,57,61,64,64,13,13,13,13,13,30,30,25,46,60,68,71,71,71,71,61,61,61,61,61,61,61,37,37,42,42,67],"gold":1,"neow_bonus":"TWO_FIFTY_GOLD","is_prod":false,"is_daily":false,"chose_seed":false,"campfire_upgraded":10,"win_rate":0,"timestamp":1554438899,"path_taken":["M","$","M","?","$","E","M","M","T","R","M","?","E","M","R","BOSS","M","?","M","M","M","R","E","R","T","R","$","M","?","M","R","BOSS","M","M","?","M","?","R","?","R","T","$","R","E","R","M","R","BOSS"],"build_version":"2019-03-15","purchased_purges":0,"victory":false,"max_hp_per_floor":[71,71,71,71,71,71,71,71,71,71,71,71,71,71,71,71,71,71,71,71,71,71,71,71,71,71,71,71,71,71,71,71,71,71,71,71,71,71,71,71,71,71,71,71,71,71,71,71,71,71],"card_choices":[{"not_picked":["Compile Driver","Hello World"],"picked":"Cold Snap","floor":1.0},{"not_picked":["Go for the Eyes","Heatsinks"],"picked":"White Noise","floor":3.0},{"not_picked":["Ball Lightning","Gash"],"picked":"Capacitor","floor":6.0},{"not_picked":["Sweeping Beam","Doom and Gloom"],"picked":"Go for the Eyes","floor":7.0},{"not_picked":["Stack","Barrage"],"picked":"Cold Snap","floor":8.0},{"not_picked":["Go for the Eyes","Hello World"],"picked":"Melter","floor":11.0},{"not_picked":["Conserve Battery","Seek"],"picked":"White Noise","floor":12.0},{"not_picked":["Ball Lightning","Leap"],"picked":"Loop","floor":13.0},{"not_picked":["Beam Cell","Barrage","Doom and Gloom"],"picked":"SKIP","floor":14.0},{"not_picked":["Hyperbeam","Fission"],"picked":"Seek","floor":16.0},{"not_picked":["Go for the Eyes","Cold Snap"],"picked":"Leap","floor":18.0},{"not_picked":["Compile Driver","Steam"],"picked":"Static Discharge","floor":20.0},{"not_picked":["Reprogram","Aggregate","Redo"],"picked":"SKIP","floor":21.0},{"not_picked":["Streamline","Cold Snap"],"picked":"Conserve Battery","floor":22.0},{"not_picked":["Stack","Redo"],"picked":"Steam Power+1","floor":24.0},{"not_picked":["Leap+1","Gash"],"picked":"Meteor Strike","floor":29.0},{"not_picked":["Ball Lightning","Auto Shields"],"picked":"Compile Driver","floor":31.0},{"not_picked":["Thunder Strike","Reboot"],"picked":"Echo Form","floor":33.0},{"not_picked":["Stack","Redo"],"picked":"Compile Driver+1","floor":35.0},{"not_picked":["Cold Snap","Fusion","Turbo"],"picked":"SKIP","floor":36.0},{"not_picked":["Blizzard","Consume","Coolheaded"],"picked":"SKIP","floor":38.0},{"not_picked":["Good Instincts","Mind Blast"],"picked":"Panache","floor":39.0},{"not_picked":["Jack Of All Trades","The Bomb"],"picked":"Metamorphosis","floor":39.0},{"not_picked":["Steam","BootSequence"],"picked":"Stack+1","floor":46.0},{"not_picked":["Turbo","Redo"],"picked":"Static Discharge+1","floor":48}],"player_experience":2830725,"relics_obtained":[{"floor":6.0,"key":"Art of War"},{"floor":9.0,"key":"Anchor"},{"floor":13.0,"key":"Mummified Hand"},{"floor":24.0,"key":"Kunai"},{"floor":41.0,"key":"Mercury Hourglass"},{"floor":43.0,"key":"Pantograph"},{"floor":46.0,"key":"Sundial"}],"event_choices":[{"damage_healed":0.0,"max_hp_gain":0.0,"max_hp_loss":0.0,"gold_gain":0.0,"event_name":"The Woman in Blue","player_choice":"Bought 2 Potions","floor":4.0,"gold_loss":0.0,"damage_taken":0.0},{"damage_healed":0.0,"max_hp_gain":0.0,"max_hp_loss":0.0,"gold_gain":100.0,"event_name":"The Joust","player_choice":"Bet on Murderer","floor":19.0,"gold_loss":50.0,"damage_taken":0.0},{"cards_removed":["Dualcast"],"damage_healed":0.0,"max_hp_gain":0.0,"max_hp_loss":0.0,"gold_gain":0.0,"event_name":"Falling","player_choice":"Removed Skill","floor":37.0,"gold_loss":0.0,"damage_taken":0.0},{"damage_healed":0.0,"max_hp_gain":0.0,"max_hp_loss":0.0,"gold_gain":0.0,"event_name":"SensoryStone","player_choice":"Memory 3","floor":39.0,"gold_loss":0.0,"damage_taken":10.0}],"is_beta":true,"boss_relics":[{"not_picked":["Black Star","Snecko Eye"],"picked":"Ectoplasm"},{"not_picked":["Fusion Hammer","Tiny House"],"picked":"Coffee Dripper"}],"items_purged_floors":[],"is_endless":false,"potions_floor_spawned":[6,8,11,13,16,21,24,31,33,36,48],"killed_by":"Awakened One","ascension_level":17}