{"gold_per_floor":[114,131,147,222,65,65,92,102,127,154,154,154,154,213,213,292,292,306,319,209,228,10,44,44,64,64,64,25,25,52,52,52,128,128,140,159,60,1059,1076,1076,32,47,120,120,66,82,99,116,116,116,116],"floor_reached":52,"playtime":2339,"items_purged":["Defend_B","Normality"],"score":1900,"play_id":"b40fd66a-f5c1-4b2c-9b18-216da0145caa","local_time":"20190513023141","is_ascension_mode":true,"campfire_choices":[{"data":"Conserve Battery","floor":6.0,"key":"SMITH"},{"data":"Loop","floor":12.0,"key":"SMITH"},{"data":"Lockon","floor":15.0,"key":"SMITH"},{"floor":24.0,"key":"REST"},{"floor":27.0,"key":"REST"},{"floor":32,"key":"REST"},{"data":"Defragment","floor":40,"key":"SMITH"},{"floor":44,"key":"REST"},{"floor":49,"key":"REST"}],"neow_cost":"TEN_PERCENT_HP_LOSS","seed_source_timestamp":633294558858500,"circlet_count":0,"master_deck":["AscendersBane","Defend_B+1","Zap","Dualcast","Ball Lightning","Biased Cognition+1","Genetic Algorithm+1","Hologram","Conserve Battery+1","Auto Shields","Genetic Algorithm+1","Loop+1","Lockon+1","Creative AI","Reprogram+1","Undo","Self Repair","BootSequence","Defragment+1","Bite","Bite","Bite","Reinforced Body","Decay","Conserve Battery+1","Secret Weapon+1","FTL+1","Mayhem+1","Reinforced Body+1","Cold Snap+1","Panacea","Normality","Skim","Echo Form","Capacitor","Coolheaded","Sunder+1","Stack"],"special_seed":0,"relics":["Cracked Core","Emotion Chip","Juzu Bracelet","Oddly Smooth Stone","War Paint","Velvet Choker","Lee\u0027s Waffle","Dream Catcher","Shuriken","Astrolabe","Ancient Tea Set","Torii","Frozen Eye","Bottled Lightning"],"potions_floor_usage":[30,36,50,50],"damage_taken":[{"damage":1.0,"enemies":"2 Louse","floor":1.0,"turns":2.0},{"damage":7.0,"enemies":"Jaw Worm","floor":2.0,"turns":3.0},{"damage":1.0,"enemies":"Small Slimes","floor":3.0,"turns":3.0},{"damage":8.0,"enemies":"Gremlin Nob","floor":7.0,"turns":3.0},{"damage":9.0,"enemies":"Exordium Thugs","floor":8.0,"turns":4.0},{"damage":2.0,"enemies":"3 Sentries","floor":10.0,"turns":5.0},{"damage":19.0,"enemies":"Lagavulin Event","floor":14.0,"turns":4.0},{"damage":0.0,"enemies":"Slime Boss","floor":16.0,"turns":3.0},{"damage":19.0,"enemies":"Spheric Guardian","floor":18.0,"turns":4.0},{"damage":9.0,"enemies":"Chosen","floor":19.0,"turns":5.0},{"damage":5.0,"enemies":"Snake Plant","floor":21.0,"turns":4.0},{"damage":63.0,"enemies":"Slavers","floor":23.0,"turns":6.0},{"damage":18.0,"enemies":"Cultist and Chosen","floor":25.0,"turns":6.0},{"damage":46,"enemies":"Book of Stabbing","floor":30,"turns":5},{"damage":35,"enemies":"Champ","floor":33,"turns":12},{"damage":0,"enemies":"Orb Walker","floor":35,"turns":4},{"damage":22,"enemies":"3 Shapes","floor":36,"turns":5},{"damage":19,"enemies":"Sphere and 2 Shapes","floor":39,"turns":6},{"damage":38,"enemies":"Spire Growth","floor":42,"turns":8},{"damage":19,"enemies":"Jaw Worm Horde","floor":46,"turns":8},{"damage":22,"enemies":"Maw","floor":47,"turns":11},{"damage":20,"enemies":"4 Shapes","floor":48,"turns":5},{"damage":32,"enemies":"Time Eater","floor":50,"turns":28},{"damage":39,"enemies":"Donu and Deca","floor":51,"turns":15}],"seed_played":"-869730444882239935","potions_obtained":[{"floor":7.0,"key":"AttackPotion"},{"floor":8.0,"key":"FocusPotion"},{"floor":10.0,"key":"SpeedPotion"},{"floor":16.0,"key":"Dexterity Potion"},{"floor":25.0,"key":"Strength Potion"},{"floor":33,"key":"SkillPotion"},{"floor":47,"key":"Ancient Potion"}],"is_trial":false,"path_per_floor":["M","M","M","?","$","R","E","M","T","E","?","R","?","?","R","B",null,"M","M","?","M","$","E","R","M","T","R","$","?","E","?","R","B",null,"M","M","$","?","M","R","$","M","T","R","$","M","M","M","R","B","B",null],"character_chosen":"DEFECT","items_purchased":["Hologram","Conserve Battery","Lee\u0027s Waffle","Defragment","Panacea","Echo Form","Ancient Tea Set","Torii","SpeedPotion","PowerPotion","Frozen Eye","Coolheaded"],"campfire_rested":5,"item_purchase_floors":[5,5,22,28,37,41,41,41,41,41,41,45],"current_hp_per_floor":[63,56,55,44,44,44,36,27,27,25,25,25,25,8,8,10,51,34,27,27,24,71,8,29,20,20,41,41,41,12,12,33,20,58,71,53,53,53,47,47,47,33,33,54,54,60,61,48,69,64,46],"gold":116,"neow_bonus":"ONE_RARE_RELIC","is_prod":false,"is_daily":false,"chose_seed":false,"campfire_upgraded":4,"win_rate":0,"timestamp":1557682301,"path_taken":["M","M","M","?","?","R","E","M","T","E","?","R","?","?","R","BOSS","M","M","?","M","$","E","R","M","T","R","$","?","E","?","R","BOSS","M","M","$","?","M","R","$","M","T","R","?","M","M","M","R","BOSS","BOSS"],"build_version":"2019-01-23","purchased_purges":2,"victory":true,"max_hp_per_floor":[64,64,64,64,64,64,64,64,64,64,64,64,64,64,64,64,64,64,64,64,64,71,71,71,71,71,71,71,71,71,71,71,71,71,71,71,71,71,71,71,71,71,71,71,71,71,71,71,71,71,71],"card_choices":[{"not_picked":["Rebound","Lockon"],"picked":"Ball Lightning","floor":1.0},{"not_picked":["Ball Lightning","Sweeping Beam"],"picked":"Biased Cognition","floor":2.0},{"not_picked":["Gash","Beam Cell"],"picked":"Genetic Algorithm","floor":3.0},{"not_picked":["Steam","Blizzard"],"picked":"Auto Shields","floor":7.0},{"not_picked":["Gash","Go for the Eyes"],"picked":"Genetic Algorithm","floor":8.0},{"not_picked":["Barrage","Multi-Cast"],"picked":"Loop","floor":10.0},{"not_picked":["Hologram","Redo"],"picked":"Lockon","floor":14.0},{"not_picked":["Reboot","Thunder Strike"],"picked":"Creative AI","floor":16.0},{"not_picked":["Conserve Battery","Hologram","Storm"],"picked":"SKIP","floor":18.0},{"not_picked":["Capacitor","Doom and Gloom"],"picked":"Reprogram+1","floor":19.0},{"not_picked":["Compile Driver","Double Energy"],"picked":"Undo","floor":21.0},{"not_picked":["Barrage+1","Steam Power","Compile Driver"],"picked":"SKIP","floor":23.0},{"not_picked":["Conserve Battery","Redo"],"picked":"Self Repair","floor":24.0},{"not_picked":["Fusion","Redo","Compile Driver"],"picked":"SKIP","floor":25.0},{"not_picked":["Rebound","Streamline+1"],"picked":"BootSequence","floor":27.0},{"not_picked":["Redo","Barrage"],"picked":"Reinforced Body","floor":30},{"not_picked":["Blizzard","Chill"],"picked":"Conserve Battery+1","floor":32},{"not_picked":["Go for the Eyes","Hologram"],"picked":"Reinforced Body+1","floor":35},{"not_picked":["Leap","Rip and Tear+1"],"picked":"Cold Snap+1","floor":36},{"not_picked":["Gash","Redo"],"picked":"Skim","floor":39},{"not_picked":["Beam Cell","Reprogram","Heatsinks"],"picked":"SKIP","floor":42},{"not_picked":["Compile Driver","Cold Snap"],"picked":"Capacitor","floor":44},{"not_picked":["Auto Shields","Lockon","Storm"],"picked":"SKIP","floor":46},{"not_picked":["Beam Cell","Tempest"],"picked":"Sunder+1","floor":47},{"not_picked":["Melter+1","Double Energy","Barrage"],"picked":"SKIP","floor":48},{"not_picked":["Ball Lightning","Fission"],"picked":"Stack","floor":49}],"player_experience":5006728,"relics_obtained":[{"floor":7.0,"key":"Juzu Bracelet"},{"floor":9.0,"key":"Oddly Smooth Stone"},{"floor":10.0,"key":"Blood Vial"},{"floor":14.0,"key":"War Paint"},{"floor":23.0,"key":"Dream Catcher"},{"floor":30,"key":"Shuriken"},{"floor":43,"key":"Bottled Lightning"}],"event_choices":[{"damage_healed":0.0,"max_hp_gain":0.0,"max_hp_loss":0.0,"gold_gain":75.0,"event_name":"World of Goop","player_choice":"Gather Gold","floor":4.0,"gold_loss":0.0,"damage_taken":11.0},{"cards_removed":["Strike_B"],"damage_healed":0.0,"max_hp_gain":0.0,"max_hp_loss":0.0,"gold_gain":0.0,"event_name":"Living Wall","player_choice":"Forget","floor":11.0,"gold_loss":0.0,"damage_taken":0.0},{"damage_healed":0.0,"max_hp_gain":0.0,"max_hp_loss":0.0,"gold_gain":0.0,"event_name":"Upgrade Shrine","player_choice":"Upgraded","floor":13.0,"gold_loss":0.0,"damage_taken":0.0,"cards_upgraded":["Biased Cognition"]},{"damage_healed":0.0,"max_hp_gain":0.0,"max_hp_loss":0.0,"gold_gain":0.0,"event_name":"Dead Adventurer","player_choice":"Searched \u00271\u0027 times","floor":14.0,"gold_loss":0.0,"damage_taken":0.0},{"cards_removed":["Defend_B"],"damage_healed":0.0,"max_hp_gain":0.0,"max_hp_loss":0.0,"gold_gain":0.0,"event_name":"Designer","player_choice":"Upgrade and Remove","floor":20.0,"gold_loss":110.0,"damage_taken":0.0,"cards_upgraded":["Genetic Algorithm"]},{"damage_healed":0.0,"max_hp_gain":0.0,"max_hp_loss":0.0,"gold_gain":0.0,"event_name":"Vampires","player_choice":"Became a vampire (Vial)","floor":29.0,"relics_lost":["Blood Vial"],"gold_loss":0.0,"damage_taken":0.0,"cards_obtained":["Bite","Bite","Bite","Bite","Bite"]},{"damage_healed":0,"gold_gain":0,"player_choice":"Smashed Altar","damage_taken":0,"max_hp_gain":0,"max_hp_loss":0,"event_name":"Forgotten Altar","floor":31,"gold_loss":0,"cards_obtained":["Decay"]},{"damage_healed":0,"gold_gain":999,"player_choice":"Gold","damage_taken":0,"max_hp_gain":0,"max_hp_loss":0,"event_name":"MindBloom","floor":38,"gold_loss":0,"cards_obtained":["Normality","Normality"]}],"is_beta":false,"boss_relics":[{"not_picked":["Inserter","Busted Crown"],"picked":"Velvet Choker"},{"not_picked":["Philosopher\u0027s Stone","Black Star"],"picked":"Astrolabe"}],"items_purged_floors":[5,41],"is_endless":false,"potions_floor_spawned":[7,8,10,16,21,25,33,46,47],"ascension_level":20}