{"gold_per_floor":[110,121,138,156,166,197,211,211,211,226,69,69,83,103,103,198,198,209,219,319,73,85,85,116,116,116,146,71,87,100,111,111,213,213,230,11,26,36,36],"floor_reached":39,"playtime":4285,"items_purged":["Strike_R","Strike_R","Strike_R"],"score":711,"play_id":"eaca9eef-1143-4a72-9cee-d3dbce0526b6","local_time":"20190206193302","is_ascension_mode":true,"campfire_choices":[{"data":"Infernal Blade","floor":8.0,"key":"SMITH"},{"data":"True Grit","floor":12.0,"key":"SMITH"},{"data":"Armaments","floor":15.0,"key":"SMITH"},{"floor":23.0,"key":"REST"},{"floor":25.0,"key":"REST"},{"floor":32,"key":"REST"}],"neow_cost":"NONE","seed_source_timestamp":2346168014015636,"circlet_count":0,"master_deck":["AscendersBane","Strike_R","Defend_R","Defend_R","Defend_R","Defend_R","Bash+1","Cleave","Thunderclap","Anger","Armaments+1","Carnage","Infernal Blade+1","Clothesline","Pummel","Disarm","True Grit+1","Rage","Feed","Ghostly Armor","Impervious+1","Entrench+1","Shrug It Off+1","Flex+1","Infernal Blade+1","Warcry+1"],"special_seed":0,"relics":["Black Blood","Gremlin Horn","Shuriken","Odd Mushroom","Fusion Hammer","Oddly Smooth Stone","Singing Bowl","Bird Faced Urn","Toxic Egg 2"],"potions_floor_usage":[29,33,33,39],"damage_taken":[{"damage":1.0,"enemies":"Cultist","floor":1.0,"turns":4.0},{"damage":7.0,"enemies":"Jaw Worm","floor":2.0,"turns":3.0},{"damage":7.0,"enemies":"Small Slimes","floor":3.0,"turns":3.0},{"damage":13.0,"enemies":"2 Fungi Beasts","floor":4.0,"turns":4.0},{"damage":10.0,"enemies":"Red Slaver","floor":5.0,"turns":4.0},{"damage":20.0,"enemies":"Gremlin Nob","floor":6.0,"turns":4.0},{"damage":6.0,"enemies":"Looter","floor":7.0,"turns":3.0},{"damage":0.0,"enemies":"2 Fungi Beasts","floor":10.0,"turns":2.0},{"damage":11.0,"enemies":"Blue Slaver","floor":13.0,"turns":3.0},{"damage":6.0,"enemies":"The Mushroom Lair","floor":14.0,"turns":3.0},{"damage":23.0,"enemies":"Hexaghost","floor":16.0,"turns":13.0},{"damage":26.0,"enemies":"Spheric Guardian","floor":18.0,"turns":6.0},{"damage":5.0,"enemies":"Shell Parasite","floor":19.0,"turns":5.0},{"damage":2.0,"enemies":"3 Cultists","floor":22.0,"turns":4.0},{"damage":15.0,"enemies":"Slavers","floor":24.0,"turns":5.0},{"damage":52.0,"enemies":"Book of Stabbing","floor":27.0,"turns":7.0},{"damage":1,"enemies":"Cultist and Chosen","floor":29,"turns":6},{"damage":12,"enemies":"Snake Plant","floor":30,"turns":6},{"damage":10,"enemies":"Chosen and Byrds","floor":31,"turns":8},{"damage":23,"enemies":"Collector","floor":33,"turns":15},{"damage":55,"enemies":"3 Darklings","floor":35,"turns":15},{"damage":10,"enemies":"Orb Walker","floor":37,"turns":4},{"damage":30,"enemies":"4 Shapes","floor":38,"turns":12},{"damage":35,"enemies":"Maw","floor":39,"turns":7}],"seed_played":"-7480701814777036142","potions_obtained":[{"floor":1.0,"key":"Block Potion"},{"floor":7.0,"key":"SteroidPotion"},{"floor":10.0,"key":"LiquidBronze"},{"floor":22.0,"key":"PowerPotion"},{"floor":27.0,"key":"SteroidPotion"},{"floor":29,"key":"AttackPotion"},{"floor":31,"key":"Dexterity Potion"},{"floor":37,"key":"Dexterity Potion"}],"is_trial":false,"path_per_floor":["M","M","M","M","M","E","M","R","T","M","$","R","M","?","R","B",null,"M","M","?","$","M","R","E","R","T","E","?","M","M","M","R","B",null,"M","$","M","M","M"],"character_chosen":"IRONCLAD","items_purchased":["Disarm","True Grit","Oddly Smooth Stone","Flex+1","Infernal Blade+1"],"campfire_rested":3,"item_purchase_floors":[11,11,21,36,36],"current_hp_per_floor":[77,76,75,68,64,50,50,50,50,56,56,56,51,51,51,34,69,49,50,50,50,57,81,74,85,85,39,39,47,43,42,69,54,85,42,42,45,27,0],"gold":36,"neow_bonus":"UPGRADE_CARD","is_prod":false,"is_daily":false,"chose_seed":false,"campfire_upgraded":3,"win_rate":0,"timestamp":1549449182,"path_taken":["M","M","M","M","M","E","M","R","T","?","$","R","M","?","R","BOSS","M","M","?","$","?","R","E","R","T","E","?","M","M","M","R","BOSS","M","$","M","M","M"],"build_version":"2019-01-23","purchased_purges":3,"victory":false,"max_hp_per_floor":[80,80,80,80,80,80,80,80,80,80,80,80,80,80,80,80,80,80,80,80,80,83,83,85,85,85,85,85,88,90,93,93,95,95,97,97,100,102,102],"card_choices":[{"not_picked":["Hemokinesis","Iron Wave"],"picked":"Cleave","floor":1.0},{"not_picked":["Metallicize","Flame Barrier"],"picked":"Thunderclap","floor":2.0},{"not_picked":["Havoc","Pummel"],"picked":"Anger","floor":3.0},{"not_picked":["Body Slam","Thunderclap"],"picked":"Armaments","floor":4.0},{"not_picked":["Warcry","Flame Barrier"],"picked":"Carnage","floor":5.0},{"not_picked":["Twin Strike","Feel No Pain"],"picked":"Infernal Blade","floor":6.0},{"not_picked":["Flex","Dual Wield"],"picked":"Clothesline","floor":7.0},{"not_picked":["Armaments","Thunderclap"],"picked":"Pummel","floor":10.0},{"not_picked":["Armaments","Sword Boomerang"],"picked":"Rage","floor":13.0},{"not_picked":["Limit Break","Exhume"],"picked":"Feed","floor":16.0},{"not_picked":["Clothesline","Corruption+1","Iron Wave"],"picked":"SKIP","floor":18.0},{"not_picked":["Burning Pact","Feel No Pain","Flame Barrier"],"picked":"SKIP","floor":19.0},{"not_picked":["Anger","Perfected Strike"],"picked":"Ghostly Armor","floor":22.0},{"not_picked":["Barricade","Metallicize","Headbutt"],"picked":"Singing Bowl","floor":24.0},{"not_picked":["Sever Soul","Clash"],"picked":"Impervious","floor":27.0},{"not_picked":["Anger","Wild Strike"],"picked":"Entrench+1","floor":29},{"not_picked":["Entrench+1","Iron Wave","Pommel Strike"],"picked":"Singing Bowl","floor":30},{"not_picked":["Corruption","Thunderclap"],"picked":"Shrug It Off+1","floor":31},{"not_picked":["Fiend Fire","Juggernaut","Brutality"],"picked":"Singing Bowl","floor":33},{"not_picked":["Wild Strike","Reckless Charge","True Grit+1"],"picked":"Singing Bowl","floor":35},{"not_picked":["Iron Wave","Thunderclap"],"picked":"Warcry+1","floor":37},{"not_picked":["Warcry+1","Flex+1","Body Slam"],"picked":"Singing Bowl","floor":38}],"player_experience":547163,"relics_obtained":[{"floor":6.0,"key":"Gremlin Horn"},{"floor":9.0,"key":"Shuriken"},{"floor":14.0,"key":"Odd Mushroom"},{"floor":24.0,"key":"Singing Bowl"},{"floor":26.0,"key":"Bird Faced Urn"},{"floor":27.0,"key":"Toxic Egg 2"}],"event_choices":[{"damage_healed":0.0,"max_hp_gain":0.0,"max_hp_loss":0.0,"gold_gain":0.0,"event_name":"Mushrooms","player_choice":"Fought Mushrooms","floor":14.0,"gold_loss":0.0,"damage_taken":0.0},{"damage_healed":0.0,"max_hp_gain":0.0,"max_hp_loss":0.0,"gold_gain":100.0,"event_name":"Golden Shrine","player_choice":"Pray","floor":20.0,"gold_loss":0.0,"damage_taken":0.0},{"cards_removed":["Strike_R"],"damage_healed":0.0,"max_hp_gain":0.0,"max_hp_loss":0.0,"gold_gain":0.0,"event_name":"Beggar","player_choice":"Gave Gold","floor":28.0,"gold_loss":75.0,"damage_taken":0.0}],"is_beta":false,"boss_relics":[{"not_picked":["Busted Crown","Coffee Dripper"],"picked":"Fusion Hammer"},{"not_picked":["Calling Bell","Lizard Tail"],"picked":"Black Blood"}],"items_purged_floors":[11,21,36],"is_endless":false,"potions_floor_spawned":[1,7,10,13,16,22,27,29,31,37],"killed_by":"Maw","ascension_level":12}