{"gold_per_floor":[112,262,262,276,35,60,60,90,116,116,129,148,148,183,183,254,254,268,188,133,33,33,33,67,67,118,133,152,183,1,1,1,76,76,89,89,103,123,140,171,171,205,205,222,222,172,207,552,552,552,552,552,552,29,64,64],"floor_reached":57,"playtime":2377,"items_purged":["Doubt","Strike_B","Defend_B","Defend_B","Zap"],"score":3168,"play_id":"3a2782ac-1983-4164-9ef7-f27f8c4764fa","local_time":"20190322010229","is_ascension_mode":true,"campfire_choices":[{"data":"Recycle","floor":7.0,"key":"SMITH"},{"floor":10.0,"key":"REST"},{"data":"Coolheaded","floor":13.0,"key":"SMITH"},{"data":"Skim","floor":15.0,"key":"SMITH"},{"data":"Rainbow","floor":23.0,"key":"SMITH"},{"floor":25,"key":"REST"},{"floor":32,"key":"DIG"},{"floor":41,"key":"RECALL"},{"floor":45,"key":"DIG"},{"floor":49,"key":"REST"},{"floor":53,"key":"REST"}],"neow_cost":"NONE","seed_source_timestamp":693565439113400,"circlet_count":0,"master_deck":["AscendersBane","Defend_B+1","Dualcast","Rainbow+1","White Noise+1","Rainbow+1","Recycle+1","Coolheaded+1","Skim+1","Rainbow+1","Scrape+1","Rainbow+1","Consume+1","Force Field+1","Creative AI","Compile Driver+1","Creative AI","Defragment"],"special_seed":0,"relics":["Astrolabe","DataDisk","Shovel","Orichalcum","The Courier","Snecko Eye","Tiny Chest","Ice Cream","Smiling Mask","Omamori","Runic Capacitor","Oddly Smooth Stone","Busted Crown","WarpedTongs","Sundial","War Paint","Pear","Dodecahedron","Old Coin","TheAbacus","Incense Burner","Lantern"],"potions_floor_usage":[24,24,37,39,42,56],"damage_taken":[{"damage":10.0,"enemies":"2 Louse","floor":1.0,"turns":2.0},{"damage":20.0,"enemies":"Small Slimes","floor":4.0,"turns":4.0},{"damage":22.0,"enemies":"3 Sentries","floor":6.0,"turns":6.0},{"damage":0.0,"enemies":"Cultist","floor":11.0,"turns":2.0},{"damage":2.0,"enemies":"Looter","floor":12.0,"turns":3.0},{"damage":0.0,"enemies":"Lagavulin","floor":14.0,"turns":7.0},{"damage":0.0,"enemies":"The Guardian","floor":16.0,"turns":11.0},{"damage":7.0,"enemies":"Shell Parasite","floor":18.0,"turns":3.0},{"damage":13,"enemies":"Slavers","floor":24,"turns":4},{"damage":0,"enemies":"3 Byrds","floor":27,"turns":3},{"damage":0,"enemies":"Sentry and Sphere","floor":28,"turns":4},{"damage":0,"enemies":"Gremlin Leader","floor":29,"turns":5},{"damage":3,"enemies":"Automaton","floor":33,"turns":8},{"damage":0,"enemies":"Orb Walker","floor":35,"turns":3},{"damage":10,"enemies":"3 Shapes","floor":37,"turns":3},{"damage":15,"enemies":"Jaw Worm Horde","floor":38,"turns":4},{"damage":0,"enemies":"Writhing Mass","floor":39,"turns":3},{"damage":0,"enemies":"Giant Head","floor":40,"turns":5},{"damage":0,"enemies":"Reptomancer","floor":42,"turns":4},{"damage":0,"enemies":"4 Shapes","floor":44,"turns":5},{"damage":0,"enemies":"Nemesis","floor":47,"turns":5},{"damage":0,"enemies":"2 Orb Walkers","floor":48,"turns":3},{"damage":8,"enemies":"Awakened One","floor":50,"turns":13},{"damage":23,"enemies":"Time Eater","floor":51,"turns":7},{"damage":12,"enemies":"Shield and Spear","floor":55,"turns":9},{"damage":15,"enemies":"The Heart","floor":56,"turns":8}],"seed_played":"-1843115932681190494","potions_obtained":[{"floor":4.0,"key":"Energy Potion"},{"floor":11.0,"key":"Explosive Potion"},{"floor":28,"key":"Block Potion"},{"floor":29,"key":"GamblersBrew"},{"floor":37,"key":"PowerPotion"},{"floor":39,"key":"SkillPotion"},{"floor":42,"key":"Swift Potion"}],"is_trial":false,"path_per_floor":["M","?","?","M","$","E","R","?","T","R","M","M","R","E","R","B",null,"M","$","?","$","?","R","E","R","T","M","M","E","$","?","R","B",null,"M","?","M","M","M","E","R","E","T","M","R","$","E","?","R","B","B",null,"R","$","E","B",null],"character_chosen":"DEFECT","items_purchased":["DataDisk","Runic Capacitor","TheAbacus","Incense Burner","Ancient Potion"],"campfire_rested":4,"item_purchase_floors":[5,30,54,54,54],"current_hp_per_floor":[54,54,54,34,34,12,12,12,12,33,33,31,31,31,31,31,61,54,54,54,54,54,54,41,62,62,62,62,62,62,62,62,59,68,68,68,58,43,43,43,43,43,43,43,53,53,53,53,77,69,46,72,81,81,69,54],"gold":64,"neow_bonus":"BOSS_RELIC","is_prod":false,"is_daily":false,"chose_seed":false,"campfire_upgraded":4,"win_rate":0,"timestamp":1553184149,"path_taken":["M","?","?","?","$","E","R","?","T","R","M","M","R","E","R","BOSS","M","$","?","$","?","R","E","R","T","?","M","E","$","?","R","BOSS","M","?","?","M","M","E","R","E","T","M","R","$","E","?","R","BOSS","BOSS","R","$","E","BOSS"],"build_version":"2019-01-23","purchased_purges":5,"victory":true,"max_hp_per_floor":[71,71,71,71,71,71,71,71,71,71,71,71,71,71,71,71,71,71,71,71,71,71,71,71,71,71,71,71,71,71,71,71,71,71,71,71,71,71,71,71,71,71,71,71,81,81,81,81,81,81,81,81,81,81,81,81],"card_choices":[{"not_picked":["Redo","Compile Driver","Static Discharge"],"picked":"SKIP","floor":1.0},{"not_picked":["Ball Lightning","Compile Driver","Rip and Tear"],"picked":"SKIP","floor":4.0},{"not_picked":["Steam","Meteor Strike"],"picked":"Recycle","floor":6.0},{"not_picked":["Redo","Beam Cell"],"picked":"Coolheaded","floor":11.0},{"not_picked":["Static Discharge","Recycle","Gash"],"picked":"SKIP","floor":12.0},{"not_picked":["Loop","Capacitor"],"picked":"Skim","floor":14.0},{"not_picked":["Multi-Cast","Buffer"],"picked":"Rainbow","floor":16.0},{"not_picked":["Barrage","Redo"],"picked":"Scrape+1","floor":18.0},{"not_picked":["Leap","Loop","Auto Shields"],"picked":"SKIP","floor":24},{"not_picked":["Go for the Eyes","Hologram","Doom and Gloom"],"picked":"SKIP","floor":27},{"not_picked":["Darkness","Sweeping Beam"],"picked":"Consume+1","floor":28},{"not_picked":["Steam","Reprogram"],"picked":"Force Field","floor":29},{"not_picked":["Hyperbeam","Biased Cognition"],"picked":"Creative AI","floor":33},{"not_picked":["Leap"],"picked":"SKIP","floor":35},{"not_picked":["Streamline"],"picked":"SKIP","floor":37},{"not_picked":[],"picked":"Compile Driver+1","floor":38},{"not_picked":["Go for the Eyes"],"picked":"SKIP","floor":39},{"not_picked":["Loop"],"picked":"SKIP","floor":40},{"not_picked":[],"picked":"Creative AI","floor":42},{"not_picked":["BootSequence"],"picked":"SKIP","floor":44},{"not_picked":[],"picked":"Defragment","floor":47},{"not_picked":["Beam Cell+1"],"picked":"SKIP","floor":55}],"player_experience":4580687,"relics_obtained":[{"floor":6.0,"key":"Shovel"},{"floor":9.0,"key":"Orichalcum"},{"floor":14.0,"key":"The Courier"},{"floor":24,"key":"Ice Cream"},{"floor":26,"key":"Smiling Mask"},{"floor":29,"key":"Omamori"},{"floor":32,"key":"Oddly Smooth Stone"},{"floor":40,"key":"Sundial"},{"floor":42,"key":"War Paint"},{"floor":45,"key":"Pear"},{"floor":47,"key":"Dodecahedron"},{"floor":48,"key":"Old Coin"},{"floor":55,"key":"Lantern"}],"event_choices":[{"damage_healed":0.0,"max_hp_gain":0.0,"max_hp_loss":0.0,"gold_gain":150.0,"event_name":"Liars Game","player_choice":"AGREE","floor":2.0,"gold_loss":0.0,"damage_taken":0.0,"cards_obtained":["Doubt"]},{"damage_healed":0.0,"max_hp_gain":0.0,"max_hp_loss":0.0,"gold_gain":0.0,"event_name":"Match and Keep!","player_choice":"0 cards matched","floor":3.0,"gold_loss":0.0,"damage_taken":0.0,"cards_obtained":[]},{"damage_healed":0.0,"max_hp_gain":0.0,"max_hp_loss":0.0,"gold_gain":30.0,"event_name":"Dead Adventurer","player_choice":"Searched \u00271\u0027 times","floor":8.0,"gold_loss":0.0,"damage_taken":0.0},{"damage_healed":0.0,"max_hp_gain":0.0,"max_hp_loss":0.0,"gold_gain":0.0,"event_name":"Addict","player_choice":"Obtained Relic","floor":20.0,"gold_loss":85.0,"damage_taken":0.0,"relics_obtained":["Tiny Chest"]},{"damage_healed":0.0,"max_hp_gain":0.0,"max_hp_loss":0.0,"gold_gain":0.0,"event_name":"Duplicator","player_choice":"Copied","floor":22.0,"gold_loss":0.0,"damage_taken":0.0,"cards_obtained":["Rainbow"]},{"cards_removed":["Strike_B"],"damage_healed":0,"gold_gain":0,"player_choice":"Elegance","damage_taken":0,"max_hp_gain":0,"max_hp_loss":0,"event_name":"Back to Basics","floor":31,"gold_loss":0},{"damage_healed":0,"gold_gain":0,"player_choice":"Rummage","damage_taken":0,"relics_obtained":["WarpedTongs"],"max_hp_gain":0,"max_hp_loss":0,"event_name":"Accursed Blacksmith","floor":36,"gold_loss":0,"cards_obtained":["Pain"]},{"damage_healed":0,"gold_gain":0,"player_choice":"Fight","damage_taken":0,"max_hp_gain":0,"max_hp_loss":0,"event_name":"Mysterious Sphere","floor":48,"gold_loss":0}],"is_beta":false,"boss_relics":[{"not_picked":["Empty Cage","Fusion Hammer"],"picked":"Snecko Eye"},{"not_picked":["Black Star","Runic Pyramid"],"picked":"Busted Crown"}],"items_purged_floors":[5,19,21,46,54],"is_endless":false,"potions_floor_spawned":[4,11,12,28,29,33,37,38,39,42],"ascension_level":20}