{"gold_per_floor":[110,110,121,121,66,66,94,94,94,19,34,60,70,30],"floor_reached":14,"playtime":601,"items_purged":[],"score":181,"play_id":"414d1ebd-d82c-4b1a-a6a8-0a1a043f5447","local_time":"20190521214625","is_ascension_mode":true,"campfire_choices":[{"data":"Body Slam","floor":6,"key":"SMITH"},{"floor":8,"key":"REST"}],"neow_cost":"PERCENT_DAMAGE","seed_source_timestamp":222211060272483,"circlet_count":0,"master_deck":["AscendersBane","Strike_R","Strike_R","Defend_R","Defend_R","Defend_R","Defend_R","Bash","Body Slam+1","Cleave","Pommel Strike","Demon Form","Sword Boomerang+1"],"relics":["Burning Blood","Blue Candle","The Courier","Molten Egg 2"],"potions_floor_usage":[7,7],"damage_taken":[{"damage":25,"enemies":"Jaw Worm","floor":1,"turns":7},{"damage":8,"enemies":"Small Slimes","floor":3,"turns":4},{"damage":26,"enemies":"Lagavulin","floor":7,"turns":8},{"damage":10,"enemies":"2 Louse","floor":11,"turns":2},{"damage":31,"enemies":"Gremlin Nob","floor":12,"turns":4},{"damage":12,"enemies":"Large Slime","floor":13,"turns":5},{"damage":17,"enemies":"Looter","floor":14,"turns":2}],"seed_played":"4812811571315917308","potions_obtained":[{"floor":3,"key":"Weak Potion"},{"floor":12,"key":"Weak Potion"}],"is_trial":false,"path_per_floor":["M","?","M","?","$","R","E","R","T","?","M","E","M","M"],"character_chosen":"IRONCLAD","items_purchased":["Fire Potion"],"campfire_rested":1,"item_purchase_floors":[5],"current_hp_per_floor":[45,45,43,36,36,36,16,42,42,42,38,13,7,0],"gold":30,"neow_bonus":"TWENTY_PERCENT_HP_BONUS","is_prod":false,"is_daily":false,"chose_seed":false,"campfire_upgraded":1,"win_rate":0,"timestamp":1558442785,"path_taken":["M","?","M","?","$","R","E","R","T","?","M","E","M","M"],"build_version":"2019-05-07","purchased_purges":0,"victory":false,"max_hp_per_floor":[89,89,89,89,89,89,89,89,89,89,89,89,89,89],"card_choices":[{"not_picked":["Warcry","Entrench"],"picked":"Body Slam","floor":1},{"not_picked":["Havoc","Flex"],"picked":"Cleave","floor":3},{"not_picked":["Wild Strike","Pummel"],"picked":"Pommel Strike","floor":7},{"not_picked":["Anger","Power Through","Carnage"],"picked":"SKIP","floor":11},{"not_picked":["Havoc","Armaments"],"picked":"Demon Form","floor":12},{"not_picked":["Metallicize","Body Slam+1"],"picked":"Sword Boomerang+1","floor":13}],"player_experience":3306153,"relics_obtained":[{"floor":7,"key":"Blue Candle"},{"floor":9,"key":"The Courier"},{"floor":12,"key":"Molten Egg 2"}],"event_choices":[{"cards_removed":["Strike_R"],"damage_healed":0,"gold_gain":0,"player_choice":"Forget","damage_taken":0,"max_hp_gain":0,"max_hp_loss":0,"event_name":"Living Wall","floor":2,"gold_loss":0},{"cards_removed":["Strike_R"],"damage_healed":0,"gold_gain":0,"player_choice":"Card Removal","damage_taken":7,"max_hp_gain":0,"max_hp_loss":0,"event_name":"Golden Wing","floor":4,"gold_loss":0},{"cards_removed":["Strike_R"],"damage_healed":0,"gold_gain":0,"player_choice":"Card Removal","damage_taken":0,"max_hp_gain":0,"max_hp_loss":0,"event_name":"The Cleric","floor":10,"gold_loss":75}],"is_beta":true,"boss_relics":[],"items_purged_floors":[],"is_endless":false,"potions_floor_spawned":[3,12],"killed_by":"Looter","ascension_level":17}