{"gold_per_floor":[110,110,126,201,70,102,102,122,122,152,152,162,162,162,162,162],"floor_reached":16,"playtime":577,"items_purged":["Strike_G"],"score":242,"play_id":"98225220-9e3c-4b43-ba35-549e44899d44","local_time":"20190416025841","is_ascension_mode":true,"campfire_choices":[{"data":"Deadly Poison","floor":7.0,"key":"SMITH"},{"data":"Outmaneuver","floor":15,"key":"SMITH"}],"neow_cost":"NONE","seed_source_timestamp":299012739880411,"circlet_count":0,"master_deck":["AscendersBane","Defend_G","Defend_G","Defend_G","Defend_G+1","Defend_G","Strike_G","Strike_G","Strike_G","Strike_G","Survivor","Neutralize","Deflect","Deadly Poison+1","Expertise","Flying Knee+1","Outmaneuver+1"],"special_seed":0,"relics":["Ring of the Snake","NeowsBlessing","Strawberry","Sundial","Odd Mushroom","Mercury Hourglass","Mummified Hand","Pantograph"],"potions_floor_usage":[10],"damage_taken":[{"damage":0.0,"enemies":"2 Louse","floor":1.0,"turns":1.0},{"damage":0.0,"enemies":"Cultist","floor":3.0,"turns":1.0},{"damage":0.0,"enemies":"3 Sentries","floor":6.0,"turns":1.0},{"damage":3.0,"enemies":"The Mushroom Lair","floor":8.0,"turns":6.0},{"damage":29,"enemies":"Gremlin Nob","floor":10,"turns":5},{"damage":0,"enemies":"Jaw Worm","floor":12,"turns":4},{"damage":26,"enemies":"Hexaghost","floor":16,"turns":10}],"seed_played":"18037042819684308","potions_obtained":[{"floor":3.0,"key":"Block Potion"}],"is_trial":false,"path_per_floor":["M","?","M","?","$","E","R","?","T","E","$","M","T","?","R","B"],"character_chosen":"THE_SILENT","items_purchased":["Block Potion"],"campfire_rested":0,"item_purchase_floors":[5],"current_hp_per_floor":[59,66,66,55,55,55,55,52,52,23,23,23,23,1,1,0],"gold":162,"neow_bonus":"THREE_ENEMY_KILL","is_prod":false,"is_daily":false,"chose_seed":false,"campfire_upgraded":2,"win_rate":0,"timestamp":1555351121,"path_taken":["M","?","?","?","$","E","R","?","T","E","?","M","?","?","R","BOSS"],"build_version":"2019-04-04","purchased_purges":1,"victory":false,"max_hp_per_floor":[66,73,73,73,73,73,73,73,73,73,73,73,73,73,73,73],"card_choices":[{"not_picked":["Sucker Punch","Acrobatics"],"picked":"Predator","floor":1.0},{"not_picked":["Dagger Throw","Underhanded Strike"],"picked":"Deflect","floor":3.0},{"not_picked":["Dagger Spray","Riddle With Holes"],"picked":"Deadly Poison","floor":6.0},{"not_picked":["Prepared","Dagger Throw"],"picked":"Expertise","floor":8.0},{"not_picked":["Deflect","All Out Attack"],"picked":"Flying Knee","floor":10},{"not_picked":["Prepared","Acrobatics"],"picked":"Outmaneuver","floor":12}],"player_experience":2960611,"relics_obtained":[{"floor":6.0,"key":"Sundial"},{"floor":8.0,"key":"Odd Mushroom"},{"floor":9.0,"key":"Mercury Hourglass"},{"floor":10,"key":"Mummified Hand"},{"floor":13,"key":"Pantograph"}],"event_choices":[{"cards_removed":["Predator"],"damage_healed":0.0,"max_hp_gain":0.0,"max_hp_loss":0.0,"gold_gain":0.0,"event_name":"WeMeetAgain","player_choice":"Gave Card","floor":2.0,"gold_loss":0.0,"damage_taken":0.0,"relics_obtained":["Strawberry"]},{"damage_healed":0.0,"max_hp_gain":0.0,"max_hp_loss":0.0,"gold_gain":75.0,"event_name":"World of Goop","player_choice":"Gather Gold","floor":4.0,"gold_loss":0.0,"damage_taken":11.0},{"damage_healed":0.0,"max_hp_gain":0.0,"max_hp_loss":0.0,"gold_gain":0.0,"event_name":"Mushrooms","player_choice":"Fought Mushrooms","floor":8.0,"gold_loss":0.0,"damage_taken":0.0},{"damage_healed":0,"gold_gain":0,"player_choice":"Entered Light","damage_taken":22,"max_hp_gain":0,"max_hp_loss":0,"event_name":"Shining Light","floor":14,"gold_loss":0,"cards_upgraded":["Flying Knee","Defend_G"]}],"is_beta":true,"boss_relics":[],"items_purged_floors":[5],"is_endless":false,"potions_floor_spawned":[3],"killed_by":"Hexaghost","ascension_level":17}