{"gold_per_floor":[110,128,145,162,181,181,195,195,195,195,221,271,288,298,298,369,369,385,395,395,411,31,31,131,131,131,150,160,2,2],"floor_reached":30,"playtime":900,"items_purged":["Defend_B","Beam Cell"],"score":452,"play_id":"5f38b56a-e9d9-47dd-9d42-923ff5c61c43","local_time":"20190530160311","is_ascension_mode":true,"campfire_choices":[{"floor":6,"key":"REST"},{"data":"Barrage","floor":10,"key":"SMITH"},{"data":"Zap","floor":15,"key":"SMITH"},{"floor":23,"key":"REST"},{"floor":25,"key":"REST"}],"neow_cost":"NONE","seed_source_timestamp":325149055161100,"circlet_count":0,"master_deck":["AscendersBane","Strike_B","Defend_B","Defend_B","Zap+1","Dualcast","Ball Lightning","Reinforced Body","Cold Snap","Barrage+1","Rebound","Streamline","Genetic Algorithm","Leap","Thunder Strike","Electrodynamics","Stack","Sweeping Beam+1","Beam Cell","Machine Learning","Melter+1","Stack+1","Sunder+1","Reinforced Body+1","Darkness+1","Redo+1"],"relics":["Cracked Core","Odd Mushroom","Velvet Choker","Toxic Egg 2","StoneCalendar","Mummified Hand","Darkstone Periapt"],"potions_floor_usage":[4,11,16,24,28,30],"damage_taken":[{"damage":1,"enemies":"Small Slimes","floor":1,"turns":4},{"damage":0,"enemies":"2 Louse","floor":2,"turns":2},{"damage":0,"enemies":"Cultist","floor":3,"turns":3},{"damage":21,"enemies":"Gremlin Gang","floor":4,"turns":4},{"damage":17,"enemies":"Exordium Wildlife","floor":5,"turns":5},{"damage":0,"enemies":"2 Fungi Beasts","floor":7,"turns":3},{"damage":9,"enemies":"The Mushroom Lair","floor":11,"turns":3},{"damage":0,"enemies":"Blue Slaver","floor":13,"turns":3},{"damage":0,"enemies":"Looter","floor":14,"turns":4},{"damage":30,"enemies":"Hexaghost","floor":16,"turns":11},{"damage":21,"enemies":"3 Byrds","floor":18,"turns":5},{"damage":19,"enemies":"Shell Parasite","floor":19,"turns":5},{"damage":7,"enemies":"Centurion and Healer","floor":21,"turns":7},{"damage":13,"enemies":"Colosseum Slavers","floor":24,"turns":3},{"damage":11,"enemies":"Colosseum Nobs","floor":24,"turns":3},{"damage":1,"enemies":"3 Cultists","floor":27,"turns":3},{"damage":17,"enemies":"Snecko","floor":28,"turns":4},{"damage":13,"enemies":"Shelled Parasite and Fungi","floor":30,"turns":2}],"seed_played":"6680427166281191984","potions_obtained":[{"floor":3,"key":"LiquidBronze"},{"floor":5,"key":"SpeedPotion"},{"floor":7,"key":"AttackPotion"},{"floor":13,"key":"SteroidPotion"},{"floor":19,"key":"Swift Potion"},{"floor":27,"key":"Strength Potion"},{"floor":28,"key":"Swift Potion"}],"is_trial":false,"path_per_floor":["M","M","M","M","M","R","M","?","T","R","?","?","M","M","R","B",null,"M","M","?","M","$","R","?","R","T","M","M","$","M"],"character_chosen":"DEFECT","items_purchased":["Toxic Egg 2","Stack+1","Redo+1"],"campfire_rested":3,"item_purchase_floors":[22,22,29],"current_hp_per_floor":[63,63,63,42,25,46,46,46,46,46,37,37,37,37,37,7,55,34,15,15,8,8,29,5,26,26,25,8,8,0],"gold":2,"neow_bonus":"REMOVE_CARD","is_prod":false,"is_daily":false,"chose_seed":false,"campfire_upgraded":2,"win_rate":0,"timestamp":1559199791,"path_taken":["M","M","M","M","M","R","M","?","T","R","?","?","?","M","R","BOSS","M","?","?","M","$","R","?","R","T","M","M","?","M"],"build_version":"2019-01-23","purchased_purges":2,"victory":false,"max_hp_per_floor":[71,71,71,71,71,71,71,71,71,71,71,71,71,71,71,71,71,71,71,71,71,71,71,71,71,71,71,71,71,71],"card_choices":[{"not_picked":["Reinforced Body","Turbo"],"picked":"Ball Lightning","floor":1},{"not_picked":["Leap","Barrage"],"picked":"Reinforced Body","floor":2},{"not_picked":["Tempest","Reprogram"],"picked":"Cold Snap","floor":3},{"not_picked":["Sweeping Beam","Scrape"],"picked":"Beam Cell","floor":4},{"not_picked":["White Noise","Coolheaded"],"picked":"Barrage","floor":5},{"not_picked":["Storm","Loop"],"picked":"Rebound","floor":7},{"not_picked":["Fusion","Heatsinks"],"picked":"Genetic Algorithm","floor":11},{"not_picked":["Ball Lightning","Steam"],"picked":"Leap","floor":13},{"not_picked":["Doom and Gloom","Barrage"],"picked":"Thunder Strike","floor":14},{"not_picked":["Amplify","Multi-Cast"],"picked":"Electrodynamics","floor":16},{"not_picked":["Barrage","Cold Snap"],"picked":"Stack","floor":18},{"not_picked":["Steam Power","Meteor Strike"],"picked":"Sweeping Beam+1","floor":19},{"not_picked":["Go for the Eyes","Storm"],"picked":"Melter+1","floor":21},{"not_picked":["Leap+1","Conserve Battery+1"],"picked":"Sunder+1","floor":24},{"not_picked":["Compile Driver","Rebound"],"picked":"Reinforced Body+1","floor":27},{"not_picked":["Conserve Battery+1","Melter"],"picked":"Darkness+1","floor":28}],"player_experience":5214671,"relics_obtained":[{"floor":11,"key":"Odd Mushroom"},{"floor":24,"key":"StoneCalendar"},{"floor":24,"key":"Mummified Hand"},{"floor":26,"key":"Darkstone Periapt"}],"event_choices":[{"damage_healed":0,"gold_gain":0,"cards_transformed":["Strike_B"],"player_choice":"Change","damage_taken":0,"max_hp_gain":0,"max_hp_loss":0,"event_name":"Living Wall","floor":8,"gold_loss":0,"cards_obtained":["Streamline"]},{"damage_healed":0,"gold_gain":0,"player_choice":"Fought Mushrooms","damage_taken":0,"max_hp_gain":0,"max_hp_loss":0,"event_name":"Mushrooms","floor":11,"gold_loss":0},{"damage_healed":0,"gold_gain":50,"player_choice":"Pray","damage_taken":0,"max_hp_gain":0,"max_hp_loss":0,"event_name":"Golden Shrine","floor":12,"gold_loss":0},{"damage_healed":0,"gold_gain":0,"cards_transformed":["Strike_B","Defend_B"],"player_choice":"Became Test Subject","damage_taken":0,"max_hp_gain":0,"max_hp_loss":0,"event_name":"Drug Dealer","floor":20,"gold_loss":0,"cards_obtained":["Beam Cell","Machine Learning"]},{"damage_healed":0,"gold_gain":0,"player_choice":"Fight","damage_taken":0,"max_hp_gain":0,"max_hp_loss":0,"event_name":"Colosseum","floor":24,"gold_loss":0},{"damage_healed":0,"gold_gain":0,"player_choice":"Fought Nobs","damage_taken":0,"max_hp_gain":0,"max_hp_loss":0,"event_name":"Colosseum","floor":24,"gold_loss":0}],"is_beta":false,"boss_relics":[{"not_picked":["Cursed Key","FrozenCore"],"picked":"Velvet Choker"}],"items_purged_floors":[22,29],"is_endless":false,"potions_floor_spawned":[3,5,7,13,14,19,24,27,28],"killed_by":"Shelled Parasite and Fungi","ascension_level":20}