{"gold_per_floor":[109,69,83,103,103,134,152,152,152,152,162,162,173,185,185,287,287,305,220,220,320,18,18,49,49,49,49,49,349,363,394,394,495,495,506,525,184,184,184,184,213,213,213,213,227,241,258,37,37,37],"floor_reached":51,"playtime":1426,"items_purged":["Entrench","Writhe","Defend_R+1"],"score":763,"play_id":"1680b900-593d-4e14-a299-d388ad3c889b","local_time":"20190416164904","is_ascension_mode":false,"campfire_choices":[{"data":"Inflame","floor":8.0,"key":"SMITH"},{"data":"Flex","floor":12.0,"key":"SMITH"},{"data":"Fiend Fire","floor":15.0,"key":"SMITH"},{"data":"Inflame","floor":23.0,"key":"SMITH"},{"data":"Feed","floor":25.0,"key":"SMITH"},{"data":"Rage","floor":28.0,"key":"SMITH"},{"data":"Inflame","floor":32.0,"key":"SMITH"},{"data":"Offering","floor":40.0,"key":"SMITH"},{"data":"Sword Boomerang","floor":42.0,"key":"SMITH"},{"data":"Battle Trance","floor":44,"key":"SMITH"},{"floor":49,"key":"REST"}],"neow_cost":"PERCENT_DAMAGE","seed_source_timestamp":347966718877889,"circlet_count":0,"master_deck":["Strike_R+1","Strike_R+1","Strike_R+1","Defend_R+1","Defend_R+1","Defend_R+1","Bash","Fiend Fire+1","Clothesline","Battle Trance+1","Inflame+1","Flex+1","Disarm","Inflame+1","Sword Boomerang+1","Feed+1","Thunderclap","Feel No Pain","Anger","Rage+1","Inflame+1","Offering+1","Body Slam+1","Inflame+1","Sword Boomerang+1"],"special_seed":0,"relics":["Burning Blood","Letter Opener","Magic Flower","Vajra","Orrery","StoneCalendar","PreservedInsect","Unceasing Top","Darkstone Periapt","Happy Flower","Self Forming Clay","Molten Egg 2","Old Coin","Art of War","Busted Crown","Shuriken","Bronze Scales"],"potions_floor_usage":[50,50],"damage_taken":[{"damage":3.0,"enemies":"Small Slimes","floor":1.0,"turns":3.0},{"damage":0.0,"enemies":"Cultist","floor":3.0,"turns":2.0},{"damage":1.0,"enemies":"2 Louse","floor":4.0,"turns":2.0},{"damage":12.0,"enemies":"3 Sentries","floor":6.0,"turns":8.0},{"damage":5.0,"enemies":"Exordium Wildlife","floor":7.0,"turns":4.0},{"damage":0.0,"enemies":"Blue Slaver","floor":11.0,"turns":2.0},{"damage":5.0,"enemies":"3 Louse","floor":13.0,"turns":3.0},{"damage":1.0,"enemies":"Large Slime","floor":14.0,"turns":2.0},{"damage":64.0,"enemies":"Hexaghost","floor":16.0,"turns":6.0},{"damage":8.0,"enemies":"3 Byrds","floor":18.0,"turns":4.0},{"damage":0.0,"enemies":"Colosseum Slavers","floor":21.0,"turns":1.0},{"damage":19.0,"enemies":"Colosseum Nobs","floor":21.0,"turns":3.0},{"damage":32.0,"enemies":"Gremlin Leader","floor":24.0,"turns":5.0},{"damage":13.0,"enemies":"2 Thieves","floor":30.0,"turns":4.0},{"damage":18.0,"enemies":"Book of Stabbing","floor":31.0,"turns":3.0},{"damage":51.0,"enemies":"Collector","floor":33.0,"turns":8.0},{"damage":24.0,"enemies":"3 Darklings","floor":35.0,"turns":3.0},{"damage":28.0,"enemies":"3 Shapes","floor":36.0,"turns":3.0},{"damage":9.0,"enemies":"Giant Head","floor":41.0,"turns":3.0},{"damage":22,"enemies":"Spire Growth","floor":45,"turns":2},{"damage":39,"enemies":"Maw","floor":46,"turns":5},{"damage":8,"enemies":"Jaw Worm Horde","floor":47,"turns":2},{"damage":28,"enemies":"Donu and Deca","floor":50,"turns":5}],"seed_played":"-3459795483229815675","potions_obtained":[{"floor":2.0,"key":"Fire Potion"},{"floor":2.0,"key":"EntropicBrew"},{"floor":2.0,"key":"Weak Potion"},{"floor":6.0,"key":"Dexterity Potion"},{"floor":7.0,"key":"LiquidBronze"},{"floor":13.0,"key":"Ancient Potion"},{"floor":14.0,"key":"Swift Potion"},{"floor":18.0,"key":"Fire Potion"},{"floor":24.0,"key":"SkillPotion"},{"floor":30.0,"key":"LiquidBronze"},{"floor":41.0,"key":"Energy Potion"}],"is_trial":false,"path_per_floor":["M","?","M","M","?","E","M","R","T","T","M","R","M","M","R","B",null,"M","?","?","?","$","R","E","R","T","?","R","T","M","E","R","B",null,"M","M","$","?","$","R","E","R","T","R","M","M","M","$","R","B",null],"character_chosen":"IRONCLAD","items_purchased":["Rage","Happy Flower","Shuriken","Sword Boomerang+1","Swift Potion"],"campfire_rested":1,"item_purchase_floors":[22,22,37,48,48],"current_hp_per_floor":[59,59,65,70,75,69,70,70,70,70,79,79,83,85,85,30,85,88,88,88,83,83,83,60,60,60,60,60,60,62,53,53,11,95,80,67,67,67,67,67,67,67,67,67,60,36,37,37,69,50],"gold":37,"neow_bonus":"TRANSFORM_TWO_CARDS","is_prod":false,"is_daily":false,"chose_seed":false,"campfire_upgraded":10,"win_rate":0,"timestamp":1555400944,"path_taken":["M","?","M","?","?","E","M","R","T","?","M","R","M","M","R","BOSS","M","?","?","?","$","R","E","R","T","?","R","?","M","E","R","BOSS","M","?","$","?","$","R","E","R","T","R","M","M","M","$","R","BOSS"],"build_version":"2019-04-04","purchased_purges":3,"victory":true,"max_hp_per_floor":[80,80,80,80,85,85,85,85,85,85,85,85,85,85,85,85,85,88,88,88,91,91,91,91,91,91,91,91,91,95,95,95,95,95,95,99,99,99,99,99,99,99,99,99,103,107,107,107,107,107],"card_choices":[{"not_picked":["Thunderclap","Sever Soul"],"picked":"Clothesline","floor":1.0},{"not_picked":["Uppercut","Havoc"],"picked":"Battle Trance","floor":3.0},{"not_picked":["Infernal Blade","Heavy Blade"],"picked":"Inflame","floor":4.0},{"not_picked":["Havoc","Armaments"],"picked":"Flex","floor":6.0},{"not_picked":["Perfected Strike","Ghostly Armor"],"picked":"Disarm","floor":7.0},{"not_picked":["Warcry","Iron Wave","Flex"],"picked":"SKIP","floor":11.0},{"not_picked":["Perfected Strike","Cleave"],"picked":"Inflame","floor":13.0},{"not_picked":["Searing Blow","Shrug It Off"],"picked":"Sword Boomerang","floor":14.0},{"not_picked":["Double Tap","Brutality"],"picked":"Feed","floor":16.0},{"not_picked":["Cleave","Entrench"],"picked":"Thunderclap","floor":17.0},{"not_picked":["Flex","Havoc"],"picked":"Feel No Pain","floor":18.0},{"not_picked":["Twin Strike","Bloodletting"],"picked":"Anger","floor":21.0},{"not_picked":["Searing Blow","Dark Embrace","Perfected Strike+1"],"picked":"SKIP","floor":24.0},{"not_picked":["Perfected Strike+1","Body Slam+1"],"picked":"Inflame","floor":30.0},{"not_picked":["Evolve","Perfected Strike+1","Sentinel"],"picked":"SKIP","floor":31.0},{"not_picked":["Dark Embrace","Double Tap"],"picked":"Offering","floor":33.0},{"not_picked":["Iron Wave+1"],"picked":"SKIP","floor":35.0},{"not_picked":[],"picked":"Body Slam+1","floor":36.0},{"not_picked":["Searing Blow+1"],"picked":"SKIP","floor":41.0},{"not_picked":["Thunderclap+1"],"picked":"SKIP","floor":45},{"not_picked":[],"picked":"Inflame+1","floor":46},{"not_picked":["Clothesline+1"],"picked":"SKIP","floor":47}],"player_experience":2971374,"relics_obtained":[{"floor":6.0,"key":"Letter Opener"},{"floor":9.0,"key":"Magic Flower"},{"floor":10.0,"key":"Vajra"},{"floor":21.0,"key":"Unceasing Top"},{"floor":21.0,"key":"Darkstone Periapt"},{"floor":24.0,"key":"Self Forming Clay"},{"floor":26.0,"key":"Molten Egg 2"},{"floor":29.0,"key":"Old Coin"},{"floor":31.0,"key":"Art of War"},{"floor":41.0,"key":"Bronze Scales"}],"event_choices":[{"damage_healed":0.0,"max_hp_gain":0.0,"max_hp_loss":0.0,"gold_gain":0.0,"event_name":"The Woman in Blue","player_choice":"Bought 3 Potions","floor":2.0,"gold_loss":0.0,"damage_taken":0.0},{"damage_healed":0.0,"max_hp_gain":5.0,"max_hp_loss":0.0,"gold_gain":0.0,"event_name":"Big Fish","player_choice":"Donut","floor":5.0,"gold_loss":0.0,"damage_taken":0.0},{"damage_healed":0.0,"max_hp_gain":0.0,"max_hp_loss":0.0,"gold_gain":0.0,"event_name":"Addict","player_choice":"Obtained Relic","floor":19.0,"gold_loss":85.0,"damage_taken":0.0,"relics_obtained":["StoneCalendar"]},{"damage_healed":0.0,"max_hp_gain":0.0,"max_hp_loss":0.0,"gold_gain":0.0,"event_name":"The Mausoleum","player_choice":"Opened","floor":20.0,"gold_loss":0.0,"damage_taken":0.0,"relics_obtained":["PreservedInsect"],"cards_obtained":["Writhe"]},{"damage_healed":0.0,"max_hp_gain":0.0,"max_hp_loss":0.0,"gold_gain":0.0,"event_name":"Colosseum","player_choice":"Fight","floor":21.0,"gold_loss":0.0,"damage_taken":0.0},{"damage_healed":0.0,"max_hp_gain":0.0,"max_hp_loss":0.0,"gold_gain":0.0,"event_name":"Colosseum","player_choice":"Fought Nobs","floor":21.0,"gold_loss":0.0,"damage_taken":0.0},{"damage_healed":0.0,"max_hp_gain":0.0,"max_hp_loss":0.0,"gold_gain":0.0,"event_name":"Back to Basics","player_choice":"Simplicity","floor":27.0,"gold_loss":0.0,"damage_taken":0.0,"cards_upgraded":["Strike_R","Strike_R","Strike_R","Defend_R","Defend_R","Defend_R","Defend_R"]},{"damage_healed":0.0,"max_hp_gain":0.0,"max_hp_loss":0.0,"gold_gain":0.0,"event_name":"Tomb of Lord Red Mask","player_choice":"Ignored","floor":38.0,"gold_loss":0.0,"damage_taken":0.0}],"is_beta":true,"boss_relics":[{"not_picked":["Lizard Tail","Tiny House"],"picked":"Orrery"},{"not_picked":["Velvet Choker","Runic Dome"],"picked":"Busted Crown"}],"items_purged_floors":[22,37,48],"is_endless":false,"potions_floor_spawned":[6,7,13,14,18,24,30,41],"ascension_level":0}