{"gold_per_floor":[110,110,110,35,0,32,49,49,101,138,150,182,194,221,233,319,331,357,394,425,453,32,32,32,32],"floor_reached":25,"playtime":819,"items_purged":["Regret"],"score":418,"play_id":"2b3e6e87-32fa-41e0-b957-7d24b6a46d68","local_time":"20190301010956","is_ascension_mode":true,"campfire_choices":[{"data":"Barrage","floor":8,"key":"SMITH"},{"data":"Beam Cell","floor":13,"key":"SMITH"},{"data":"Dualcast","floor":15,"key":"SMITH"},{"floor":23,"key":"REST"}],"neow_cost":"CURSE","seed_source_timestamp":1248655038489100,"circlet_count":0,"master_deck":["AscendersBane","Strike_B","Strike_B","Strike_B","Defend_B","Defend_B","Defend_B","Zap","Dualcast+1","Sweeping Beam","Reinforced Body","Barrage+1","Coolheaded","Undo","Doom and Gloom","Beam Cell+1","Ball Lightning","Biased Cognition","Turbo","Apotheosis"],"relics":["Cracked Core","Pantograph","MawBank","Bag of Marbles","Busted Crown","Red Mask","PrismaticShard"],"potions_floor_usage":[18,19,19],"damage_taken":[{"damage":3,"enemies":"Cultist","floor":1,"turns":3},{"damage":32,"enemies":"Gremlin Nob","floor":6,"turns":4},{"damage":2,"enemies":"Small Slimes","floor":7,"turns":3},{"damage":9,"enemies":"Lagavulin","floor":10,"turns":6},{"damage":0,"enemies":"2 Louse","floor":12,"turns":1},{"damage":0,"enemies":"Looter","floor":14,"turns":3},{"damage":14,"enemies":"The Guardian","floor":16,"turns":11},{"damage":5,"enemies":"2 Thieves","floor":18,"turns":3},{"damage":17,"enemies":"Masked Bandits","floor":19,"turns":4},{"damage":8,"enemies":"Chosen","floor":20,"turns":5},{"damage":17,"enemies":"Shelled Parasite and Fungi","floor":21,"turns":5},{"damage":48,"enemies":"Slavers","floor":25,"turns":3}],"seed_played":"1146159981634858743","potions_obtained":[{"floor":6,"key":"SpeedPotion"},{"floor":10,"key":"AttackPotion"},{"floor":18,"key":"Poison Potion"}],"is_trial":false,"path_per_floor":["M","?","?","$","?","E","M","R","T","E","$","M","R","M","R","B",null,"M","?","M","M","$","R","$","E"],"character_chosen":"DEFECT","items_purchased":["PrismaticShard","Apotheosis"],"campfire_rested":1,"item_purchase_floors":[22,22],"current_hp_per_floor":[61,66,66,66,76,44,42,42,42,33,33,33,33,33,33,44,68,63,46,38,21,21,43,43,0],"gold":32,"neow_bonus":"TRANSFORM_TWO_CARDS","is_prod":false,"is_daily":false,"chose_seed":false,"campfire_upgraded":3,"win_rate":0,"timestamp":1551370196,"path_taken":["M","?","?","$","?","E","M","R","T","E","$","M","R","M","R","BOSS","M","?","M","M","$","R","$","E"],"build_version":"2019-01-23","purchased_purges":1,"victory":false,"max_hp_per_floor":[71,76,76,76,76,76,76,76,76,76,76,76,76,76,76,76,76,76,76,76,76,76,76,76,76],"card_choices":[{"not_picked":["Go for the Eyes","Steam"],"picked":"Barrage","floor":1},{"not_picked":["Streamline","Rebound"],"picked":"Coolheaded","floor":6},{"not_picked":["Reinforced Body","Redo"],"picked":"Undo","floor":7},{"not_picked":["Hologram","Meteor Strike"],"picked":"Doom and Gloom","floor":10},{"not_picked":["Rebound","Scrape"],"picked":"Beam Cell","floor":12},{"not_picked":["Static Discharge","Rebound"],"picked":"Ball Lightning","floor":14},{"not_picked":["Echo Form","Multi-Cast"],"picked":"Biased Cognition","floor":16},{"not_picked":[],"picked":"Turbo","floor":18},{"not_picked":["Beam Cell"],"picked":"SKIP","floor":20},{"not_picked":["Go for the Eyes"],"picked":"SKIP","floor":21}],"player_experience":4430685,"relics_obtained":[{"floor":6,"key":"Pantograph"},{"floor":9,"key":"MawBank"},{"floor":10,"key":"Bag of Marbles"},{"floor":19,"key":"Red Mask"}],"event_choices":[{"damage_healed":0,"gold_gain":0,"player_choice":"Donut","damage_taken":0,"max_hp_gain":5,"max_hp_loss":0,"event_name":"Big Fish","floor":2,"gold_loss":0},{"damage_healed":0,"gold_gain":0,"player_choice":"Ignored","damage_taken":0,"max_hp_gain":0,"max_hp_loss":0,"event_name":"Liars Game","floor":3,"gold_loss":0},{"damage_healed":19,"gold_gain":0,"player_choice":"Healed","damage_taken":0,"max_hp_gain":0,"max_hp_loss":0,"event_name":"The Cleric","floor":5,"gold_loss":35},{"damage_healed":0,"gold_gain":0,"player_choice":"Fought Bandits","damage_taken":0,"max_hp_gain":0,"max_hp_loss":0,"event_name":"Masked Bandits","floor":19,"gold_loss":0}],"is_beta":false,"boss_relics":[{"not_picked":["Philosopher\u0027s Stone","Orrery"],"picked":"Busted Crown"}],"items_purged_floors":[4],"is_endless":false,"potions_floor_spawned":[6,10,16,18],"killed_by":"Slavers","ascension_level":20}