{"gold_per_floor":[118,17,17,28,48,48,81,81,81,93,93,58,83,103,103,198,198,212,212,212,224,124,124,124,141,219,235,235,247,162,13,13,117,117,131,131,150,168,268,268,268,268,268,65,65,84,84,36,36,36],"floor_reached":51,"playtime":4583,"items_purged":["Writhe","Strike_G+1","Strike_G+1"],"score":751,"play_id":"c0d55027-be64-45a3-8547-37efe88d71d6","local_time":"20181231222659","is_ascension_mode":true,"campfire_choices":[{"data":"Bouncing Flask","floor":6.0,"key":"SMITH"},{"data":"Calculated Gamble","floor":8.0,"key":"SMITH"},{"data":"Bouncing Flask","floor":11.0,"key":"SMITH"},{"floor":15.0,"key":"REST"},{"data":"Blur","floor":23.0,"key":"SMITH"},{"data":"Prepared","floor":24.0,"key":"SMITH"},{"floor":28.0,"key":"REST"},{"floor":32.0,"key":"REST"},{"floor":40.0,"key":"REST"},{"data":"Distraction","floor":42,"key":"SMITH"},{"data":"Tactician","floor":45,"key":"SMITH"},{"floor":49,"key":"REST"}],"neow_cost":"CURSE","seed_source_timestamp":777313159648075,"circlet_count":0,"master_deck":["Defend_G+1","Defend_G+1","Defend_G+1","Defend_G+1","Strike_G+1","Strike_G+1","Survivor","Neutralize+1","Malaise","Bouncing Flask+1","Calculated Gamble+1","Poisoned Stab","Backflip","Prepared+1","Backflip","Bouncing Flask+1","Grand Finale+1","Blur+1","Grand Finale+1","Bane+1","Adrenaline","Distraction+1","Well Laid Plans","Blur","Tactician+1","Dark Shackles"],"special_seed":0,"relics":["Ring of the Snake","Whetstone","Molten Egg 2","WingedGreaves","Odd Mushroom","Busted Crown","Ornamental Fan","Orichalcum","Bronze Scales","Orrery","CultistMask","Dead Branch","Paper Crane"],"potions_floor_usage":[50],"damage_taken":[{"damage":0.0,"enemies":"Small Slimes","floor":1.0,"turns":2.0},{"damage":9.0,"enemies":"2 Louse","floor":4.0,"turns":2.0},{"damage":2.0,"enemies":"Jaw Worm","floor":5.0,"turns":4.0},{"damage":7.0,"enemies":"Lagavulin","floor":7.0,"turns":5.0},{"damage":13.0,"enemies":"3 Louse","floor":10.0,"turns":3.0},{"damage":14.0,"enemies":"Gremlin Nob","floor":13.0,"turns":4.0},{"damage":22.0,"enemies":"The Mushroom Lair","floor":14.0,"turns":5.0},{"damage":42.0,"enemies":"Slime Boss","floor":16.0,"turns":7.0},{"damage":1.0,"enemies":"Spheric Guardian","floor":18.0,"turns":3.0},{"damage":4.0,"enemies":"3 Byrds","floor":21.0,"turns":6.0},{"damage":10.0,"enemies":"Centurion and Healer","floor":25.0,"turns":9.0},{"damage":2.0,"enemies":"Snake Plant","floor":27.0,"turns":4.0},{"damage":22.0,"enemies":"Sentry and Sphere","floor":29.0,"turns":6.0},{"damage":22.0,"enemies":"Champ","floor":33.0,"turns":9.0},{"damage":22.0,"enemies":"3 Darklings","floor":35.0,"turns":3.0},{"damage":0.0,"enemies":"Orb Walker","floor":37.0,"turns":4.0},{"damage":16.0,"enemies":"Spire Growth","floor":38.0,"turns":4.0},{"damage":0.0,"enemies":"Mind Bloom Boss Battle","floor":39.0,"turns":7.0},{"damage":0,"enemies":"Transient","floor":46,"turns":5},{"damage":30,"enemies":"Awakened One","floor":50,"turns":22}],"seed_played":"-3500643006445031978","potions_obtained":[{"floor":1.0,"key":"FearPotion"},{"floor":7.0,"key":"Dexterity Potion"},{"floor":13.0,"key":"FearPotion"},{"floor":14.0,"key":"Regen Potion"},{"floor":21.0,"key":"Strength Potion"},{"floor":27.0,"key":"SkillPotion"},{"floor":35.0,"key":"Weak Potion"}],"is_trial":false,"path_per_floor":["M","$","?","M","M","R","E","R","T","M","R","?","E","?","R","B",null,"M","?","?","M","$","R","R","M","T","M","R","M","?","$","R","B",null,"M","?","M","M","?","R","?","R","T","$","R","M","?","$","R","B",null],"character_chosen":"THE_SILENT","items_purchased":["Poisoned Stab","Bronze Scales","Tactician","Dexterity Potion"],"campfire_rested":5,"item_purchase_floors":[2,31,44,48],"current_hp_per_floor":[70,70,75,66,64,64,57,57,57,44,44,62,48,26,48,21,62,61,61,61,57,57,57,57,47,47,45,67,45,45,45,67,45,68,46,46,46,30,30,52,52,52,52,52,52,52,52,52,74,44],"gold":36,"neow_bonus":"TRANSFORM_TWO_CARDS","is_prod":false,"is_daily":false,"chose_seed":false,"campfire_upgraded":7,"win_rate":0,"timestamp":1546262819,"path_taken":["M","$","?","M","M","R","E","R","T","M","R","?","E","?","R","BOSS","M","?","?","M","$","R","R","M","T","M","R","M","?","$","R","BOSS","M","?","M","?","?","R","?","R","T","$","R","M","?","$","R","BOSS"],"build_version":"2018-12-20","purchased_purges":3,"victory":true,"max_hp_per_floor":[70,70,75,75,75,75,75,75,75,75,75,75,75,75,75,75,75,75,75,75,75,75,75,75,75,75,75,75,75,75,75,75,75,75,75,75,75,75,75,75,75,75,75,75,75,75,75,75,75,75],"card_choices":[{"not_picked":["Eviscerate","Blade Dance"],"picked":"Calculated Gamble","floor":1.0},{"not_picked":["Sucker Punch","Choke"],"picked":"Backflip","floor":4.0},{"not_picked":["Quick Slash","Eviscerate"],"picked":"Prepared","floor":5.0},{"not_picked":["Predator","Unload"],"picked":"Backflip","floor":7.0},{"not_picked":["PiercingWail","Flechettes+1"],"picked":"Bouncing Flask","floor":10.0},{"not_picked":["Slice+1","Poisoned Stab+1"],"picked":"Grand Finale+1","floor":13.0},{"not_picked":["Sucker Punch+1","Dagger Spray+1"],"picked":"Blur","floor":14.0},{"not_picked":["A Thousand Cuts","Malaise"],"picked":"Grand Finale+1","floor":16.0},{"not_picked":["Deadly Poison"],"picked":"SKIP","floor":18.0},{"not_picked":["Heel Hook+1"],"picked":"SKIP","floor":21.0},{"not_picked":["Underhanded Strike+1"],"picked":"SKIP","floor":25.0},{"not_picked":["Heel Hook+1"],"picked":"SKIP","floor":27.0},{"not_picked":[],"picked":"Bane+1","floor":29.0},{"not_picked":[],"picked":"Adrenaline","floor":33.0},{"not_picked":[],"picked":"Distraction","floor":34.0},{"not_picked":[],"picked":"Well Laid Plans","floor":35.0},{"not_picked":["Riddle With Holes+1"],"picked":"SKIP","floor":37.0},{"not_picked":[],"picked":"Blur","floor":38.0},{"not_picked":["Deflect"],"picked":"SKIP","floor":46},{"not_picked":[],"picked":"Dark Shackles","floor":47}],"player_experience":297401,"relics_obtained":[{"floor":7.0,"key":"Whetstone"},{"floor":9.0,"key":"Molten Egg 2"},{"floor":13.0,"key":"WingedGreaves"},{"floor":14.0,"key":"Odd Mushroom"},{"floor":26.0,"key":"Ornamental Fan"},{"floor":39.0,"key":"Dead Branch"},{"floor":43,"key":"Paper Crane"}],"event_choices":[{"damage_healed":0.0,"max_hp_gain":5.0,"max_hp_loss":0.0,"gold_gain":0.0,"event_name":"Big Fish","player_choice":"Donut","floor":3.0,"gold_loss":0.0,"damage_taken":0.0},{"damage_healed":18.0,"max_hp_gain":0.0,"max_hp_loss":0.0,"gold_gain":0.0,"event_name":"The Cleric","player_choice":"Healed","floor":12.0,"gold_loss":35.0,"damage_taken":0.0},{"damage_healed":0.0,"max_hp_gain":0.0,"max_hp_loss":0.0,"gold_gain":0.0,"event_name":"Mushrooms","player_choice":"Fought Mushrooms","floor":14.0,"gold_loss":0.0,"damage_taken":0.0},{"damage_healed":0.0,"max_hp_gain":0.0,"max_hp_loss":0.0,"gold_gain":0.0,"event_name":"The Mausoleum","player_choice":"Ignored","floor":19.0,"gold_loss":0.0,"damage_taken":0.0},{"damage_healed":0.0,"max_hp_gain":0.0,"max_hp_loss":0.0,"gold_gain":0.0,"event_name":"Back to Basics","player_choice":"Simplicity","floor":20.0,"gold_loss":0.0,"damage_taken":0.0,"cards_upgraded":["Defend_G","Defend_G","Defend_G","Defend_G","Strike_G","Strike_G","Strike_G"]},{"damage_healed":0.0,"max_hp_gain":0.0,"max_hp_loss":0.0,"gold_gain":0.0,"event_name":"Addict","player_choice":"Obtained Relic","floor":30.0,"gold_loss":85.0,"damage_taken":0.0,"relics_obtained":["Orichalcum"]},{"damage_healed":0.0,"max_hp_gain":0.0,"max_hp_loss":0.0,"gold_gain":0.0,"event_name":"FaceTrader","player_choice":"Trade","floor":36.0,"gold_loss":0.0,"damage_taken":0.0,"relics_obtained":["CultistMask"]},{"damage_healed":0.0,"max_hp_gain":0.0,"max_hp_loss":0.0,"gold_gain":0.0,"event_name":"MindBloom","player_choice":"Fight","floor":39.0,"gold_loss":0.0,"damage_taken":0.0},{"damage_healed":0,"gold_gain":0,"player_choice":"Ignored","damage_taken":0,"max_hp_gain":0,"max_hp_loss":0,"event_name":"Mysterious Sphere","floor":41,"gold_loss":0},{"damage_healed":0,"gold_gain":0,"player_choice":"Memory 1","damage_taken":0,"max_hp_gain":0,"max_hp_loss":0,"event_name":"SensoryStone","floor":47,"gold_loss":0}],"is_beta":false,"boss_relics":[{"not_picked":["Lizard Tail","Black Star"],"picked":"Busted Crown"},{"not_picked":["HoveringKite","Cursed Key"],"picked":"Orrery"}],"items_purged_floors":[2,22,44],"is_endless":false,"potions_floor_spawned":[1,7,13,14,21,27,35],"ascension_level":5}