{"gold_per_floor":[13,13,13,13,24,24,24,24,24,24,49,59,59,75,75,152,152,166,176,58,77,77,77],"floor_reached":23,"playtime":1140,"items_purged":["Strike_G"],"score":396,"play_id":"ae1dfddc-330b-4176-a31e-c8a9f39be1fc","local_time":"20190416031803","is_ascension_mode":true,"campfire_choices":[{"data":"Neutralize","floor":6.0,"key":"SMITH"},{"data":"Backstab","floor":8.0,"key":"SMITH"},{"data":"Dagger Spray","floor":10,"key":"SMITH"},{"data":"Deflect","floor":15,"key":"SMITH"}],"neow_cost":"NO_GOLD","seed_source_timestamp":299617726044263,"circlet_count":0,"master_deck":["AscendersBane","Defend_G","Defend_G","Defend_G","Defend_G","Strike_G","Survivor","Neutralize+1","Backstab+1","Dagger Spray+1","Corpse Explosion","Deflect+1","Outmaneuver","Blur","Burst","Footwork","Blur","Backflip","Well Laid Plans"],"special_seed":0,"relics":["Ring of the Snake","Sundial","Sozu"],"potions_floor_usage":[11,18,19],"damage_taken":[{"damage":0.0,"enemies":"2 Louse","floor":1.0,"turns":3.0},{"damage":4.0,"enemies":"Jaw Worm","floor":5.0,"turns":5.0},{"damage":12,"enemies":"Lagavulin","floor":11,"turns":7},{"damage":0,"enemies":"Cultist","floor":12,"turns":4},{"damage":0,"enemies":"Exordium Thugs","floor":14,"turns":3},{"damage":17,"enemies":"The Guardian","floor":16,"turns":15},{"damage":0,"enemies":"2 Thieves","floor":18,"turns":2},{"damage":1,"enemies":"Chosen","floor":19,"turns":7},{"damage":19,"enemies":"Centurion and Healer","floor":21,"turns":11},{"damage":52,"enemies":"Chosen and Byrds","floor":23,"turns":9}],"seed_played":"7688366197579187414","potions_obtained":[{"floor":1.0,"key":"Regen Potion"},{"floor":14,"key":"Dexterity Potion"},{"floor":16,"key":"GhostInAJar"}],"is_trial":false,"path_per_floor":["M","?","?","?","M","R","?","R","T","R","E","M","$","M","R","B",null,"M","M","$","M","?","M"],"character_chosen":"THE_SILENT","items_purchased":["Blur"],"campfire_rested":0,"item_purchase_floors":[20],"current_hp_per_floor":[59,64,64,64,60,60,60,60,60,60,62,62,62,62,62,45,65,65,64,64,45,45,0],"gold":77,"neow_bonus":"REMOVE_TWO","is_prod":false,"is_daily":false,"chose_seed":false,"campfire_upgraded":4,"win_rate":0,"timestamp":1555352283,"path_taken":["M","?","?","?","M","R","?","R","T","R","E","?","?","?","R","BOSS","M","M","?","M","?","M"],"build_version":"2019-04-04","purchased_purges":1,"victory":false,"max_hp_per_floor":[66,71,71,71,71,71,71,71,71,71,71,71,71,71,71,71,71,71,71,71,71,71,71],"card_choices":[{"not_picked":["Dagger Throw","Prepared"],"picked":"Backstab","floor":1.0},{"not_picked":["PiercingWail","Bane"],"picked":"Dagger Spray","floor":5.0},{"not_picked":["Dodge and Roll","Sucker Punch"],"picked":"Deflect","floor":11},{"not_picked":["Poisoned Stab","Dagger Throw"],"picked":"Outmaneuver","floor":12},{"not_picked":["Outmaneuver","Prepared"],"picked":"Blur","floor":14},{"not_picked":["Corpse Explosion","Storm of Steel"],"picked":"Burst","floor":16},{"not_picked":["Bane","Caltrops"],"picked":"Footwork","floor":18},{"not_picked":["Blade Dance","Poisoned Stab","Outmaneuver"],"picked":"SKIP","floor":19},{"not_picked":["Outmaneuver","Poisoned Stab"],"picked":"Backflip","floor":21}],"player_experience":2961188,"relics_obtained":[{"floor":11,"key":"Sundial"}],"event_choices":[{"damage_healed":0.0,"max_hp_gain":5.0,"max_hp_loss":0.0,"gold_gain":0.0,"event_name":"Big Fish","player_choice":"Donut","floor":2.0,"gold_loss":0.0,"damage_taken":0.0},{"damage_healed":0.0,"max_hp_gain":0.0,"max_hp_loss":0.0,"gold_gain":0.0,"event_name":"Liars Game","player_choice":"Ignored","floor":3.0,"gold_loss":0.0,"damage_taken":0.0},{"cards_removed":["Defend_G"],"damage_healed":0.0,"max_hp_gain":0.0,"max_hp_loss":0.0,"gold_gain":0.0,"event_name":"Living Wall","player_choice":"Forget","floor":4.0,"gold_loss":0.0,"damage_taken":0.0},{"damage_healed":0.0,"max_hp_gain":0.0,"max_hp_loss":0.0,"gold_gain":0.0,"event_name":"Match and Keep!","player_choice":"1 cards matched","floor":7.0,"gold_loss":0.0,"damage_taken":0.0,"cards_obtained":["Corpse Explosion"]},{"damage_healed":0,"gold_gain":0,"cards_transformed":["Strike_G"],"player_choice":"Transformed","damage_taken":0,"max_hp_gain":0,"max_hp_loss":0,"event_name":"Transmorgrifier","floor":22,"gold_loss":0,"cards_obtained":["Well Laid Plans"]}],"is_beta":true,"boss_relics":[{"not_picked":["Cursed Key","Eternal Feather"],"picked":"Sozu"}],"items_purged_floors":[20],"is_endless":false,"potions_floor_spawned":[1,14,16,19],"killed_by":"Chosen and Byrds","ascension_level":17}