{"gold_per_floor":[113,113,113,388,406,406,15,15,39,52,65,65,108,124,124,217,217,236,236,236,236,236,236,236],"floor_reached":24,"playtime":892,"items_purged":[],"score":355,"play_id":"e07d6000-f6e2-4a8f-9ca1-0bd21dff1b98","local_time":"20190401132146","is_ascension_mode":true,"campfire_choices":[{"data":"Uppercut","floor":6,"key":"SMITH"},{"data":"Corruption","floor":8,"key":"SMITH"},{"floor":12,"key":"REST"},{"floor":15,"key":"REST"},{"floor":23,"key":"REST"}],"neow_cost":"PERCENT_DAMAGE","seed_source_timestamp":0,"circlet_count":0,"master_deck":["AscendersBane","Defend_R","Defend_R","Defend_R","Defend_R","Bash","Corruption+1","Reckless Charge","Uppercut+1","Regret","Headbutt","Inflame+1","Shrug It Off","Intimidate","Entrench","Double Tap","Impervious","Heavy Blade","RitualDagger","Twin Strike","Perfected Strike"],"special_seed":0,"relics":["Burning Blood","Golden Idol","Membership Card","Frozen Egg 2","Ancient Tea Set","Self Forming Clay","Runic Pyramid","Enchiridion"],"potions_floor_usage":[13,16,21],"damage_taken":[{"damage":9,"enemies":"2 Louse","floor":1,"turns":4},{"damage":3,"enemies":"Jaw Worm","floor":5,"turns":3},{"damage":4,"enemies":"Small Slimes","floor":10,"turns":3},{"damage":40,"enemies":"Exordium Thugs","floor":11,"turns":5},{"damage":11,"enemies":"Gremlin Nob","floor":13,"turns":4},{"damage":15,"enemies":"Exordium Wildlife","floor":14,"turns":5},{"damage":29,"enemies":"The Guardian","floor":16,"turns":9},{"damage":9,"enemies":"Chosen","floor":18,"turns":7},{"damage":20,"enemies":"Colosseum Slavers","floor":21,"turns":6},{"damage":36,"enemies":"Slavers","floor":24,"turns":3}],"seed_played":"-3645742290365378777","potions_obtained":[{"floor":1,"key":"Block Potion"},{"floor":13,"key":"GamblersBrew"},{"floor":16,"key":"SkillPotion"}],"is_trial":false,"path_per_floor":["M","?","?","?","M","R","$","R","T","M","M","R","E","M","R","B",null,"M","?","?","?","?","R","E"],"character_chosen":"IRONCLAD","items_purchased":["Membership Card","Frozen Egg 2","Inflame+1"],"campfire_rested":3,"item_purchase_floors":[7,7,7],"current_hp_per_floor":[47,47,40,40,43,43,43,43,43,45,11,31,26,17,37,14,55,52,46,46,32,11,31,0],"gold":236,"neow_bonus":"TRANSFORM_TWO_CARDS","is_prod":false,"is_daily":false,"chose_seed":false,"campfire_upgraded":2,"win_rate":0,"timestamp":1554092506,"path_taken":["M","?","?","?","M","R","$","R","T","?","M","R","E","M","R","BOSS","M","?","?","?","?","R","E"],"build_version":"2019-03-15","purchased_purges":0,"victory":false,"max_hp_per_floor":[75,68,68,68,68,68,68,68,68,68,68,68,68,68,68,68,68,68,68,68,68,68,68,68],"card_choices":[{"not_picked":["Infernal Blade","Carnage"],"picked":"Uppercut","floor":1},{"not_picked":["Blood for Blood","Body Slam"],"picked":"Headbutt","floor":5},{"not_picked":["Wild Strike","Armaments"],"picked":"Shrug It Off","floor":10},{"not_picked":["Havoc","Warcry"],"picked":"Intimidate","floor":11},{"not_picked":["Seeing Red","Corruption+1"],"picked":"Entrench","floor":13},{"not_picked":["Thunderclap","Bloodletting"],"picked":"Double Tap","floor":14},{"not_picked":["Offering","Double Tap"],"picked":"Impervious","floor":16},{"not_picked":["Cleave","Pommel Strike"],"picked":"Heavy Blade","floor":18}],"player_experience":2795295,"relics_obtained":[{"floor":9,"key":"Ancient Tea Set"},{"floor":13,"key":"Self Forming Clay"},{"floor":22,"key":"Enchiridion"}],"event_choices":[{"damage_healed":0,"gold_gain":0,"player_choice":"Lose Max HP","damage_taken":0,"relics_obtained":["Golden Idol"],"max_hp_gain":0,"max_hp_loss":7,"event_name":"Golden Idol","floor":2,"gold_loss":0},{"cards_removed":["Strike_R"],"damage_healed":0,"gold_gain":0,"player_choice":"Card Removal","damage_taken":7,"max_hp_gain":0,"max_hp_loss":0,"event_name":"Golden Wing","floor":3,"gold_loss":0},{"damage_healed":0,"gold_gain":275,"player_choice":"Desecrate","damage_taken":0,"max_hp_gain":0,"max_hp_loss":0,"event_name":"Golden Shrine","floor":4,"gold_loss":0,"cards_obtained":["Regret"]},{"damage_healed":0,"gold_gain":0,"player_choice":"Joined the Cult","damage_taken":6,"max_hp_gain":0,"max_hp_loss":0,"event_name":"Nest","floor":19,"gold_loss":0,"cards_obtained":["RitualDagger"]},{"damage_healed":0,"gold_gain":0,"cards_transformed":["Strike_R","Strike_R"],"player_choice":"Became Test Subject","damage_taken":0,"max_hp_gain":0,"max_hp_loss":0,"event_name":"Drug Dealer","floor":20,"gold_loss":0,"cards_obtained":["Twin Strike","Perfected Strike"]},{"damage_healed":0,"gold_gain":0,"player_choice":"Fight","damage_taken":0,"max_hp_gain":0,"max_hp_loss":0,"event_name":"Colosseum","floor":21,"gold_loss":0},{"damage_healed":0,"gold_gain":0,"player_choice":"Fled From Nobs","damage_taken":0,"max_hp_gain":0,"max_hp_loss":0,"event_name":"Colosseum","floor":21,"gold_loss":0},{"damage_healed":0,"gold_gain":0,"player_choice":"Obtained Book","damage_taken":21,"max_hp_gain":0,"max_hp_loss":0,"event_name":"Cursed Tome","floor":22,"gold_loss":0}],"is_beta":true,"boss_relics":[{"not_picked":["Ectoplasm","Sozu"],"picked":"Runic Pyramid"}],"items_purged_floors":[],"is_endless":false,"potions_floor_spawned":[1,13,16,21],"killed_by":"Slavers","ascension_level":17}