{"gold_per_floor":[111,129,129,149,74,74,74,132,156,156,156],"floor_reached":11,"playtime":496,"items_purged":["Strike_G"],"score":131,"play_id":"3376a6e1-de16-45bd-b2eb-b518a92dd1fc","local_time":"20190404055544","is_ascension_mode":true,"campfire_choices":[{"data":"Calculated Gamble","floor":6,"key":"SMITH"},{"data":"Deep Breath","floor":10,"key":"SMITH"}],"neow_cost":"PERCENT_DAMAGE","seed_source_timestamp":3042790833497261,"circlet_count":0,"master_deck":["AscendersBane","Defend_G","Defend_G","Defend_G","Defend_G","Defend_G","Strike_G","Strike_G","Strike_G","Survivor","Neutralize","Deep Breath+1","Blind","Dagger Spray","Calculated Gamble+1","Tactician","Dagger Spray"],"relics":["Ring of the Snake","Tiny Chest"],"potions_floor_usage":[8],"damage_taken":[{"damage":4,"enemies":"Small Slimes","floor":1,"turns":3},{"damage":0,"enemies":"Cultist","floor":2,"turns":4},{"damage":0,"enemies":"Jaw Worm","floor":4,"turns":5},{"damage":32,"enemies":"Lagavulin","floor":8,"turns":10},{"damage":21,"enemies":"Gremlin Gang","floor":11,"turns":3}],"seed_played":"8872615474840975136","potions_obtained":[{"floor":1,"key":"Ancient Potion"},{"floor":4,"key":"Energy Potion"},{"floor":7,"key":"Strength Potion"}],"is_trial":false,"path_per_floor":["M","M","?","M","$","R","?","E","T","R","M"],"character_chosen":"THE_SILENT","items_purchased":[],"campfire_rested":0,"item_purchase_floors":[],"current_hp_per_floor":[40,40,40,40,40,40,40,8,8,8,0],"gold":156,"neow_bonus":"RANDOM_COLORLESS_2","is_prod":false,"is_daily":false,"chose_seed":false,"campfire_upgraded":2,"win_rate":0,"timestamp":1554324944,"path_taken":["M","M","?","?","$","R","?","E","T","R","?"],"build_version":"2019-03-15","purchased_purges":1,"victory":false,"max_hp_per_floor":[66,66,66,66,66,66,66,66,66,66,66],"card_choices":[{"not_picked":["Crippling Poison","Deadly Poison"],"picked":"Dagger Spray","floor":1},{"not_picked":["Dodge and Roll","Backstab"],"picked":"Calculated Gamble","floor":2},{"not_picked":["Blur","Slice"],"picked":"Tactician","floor":4},{"not_picked":["Blade Dance","Slice"],"picked":"Dagger Spray","floor":8}],"player_experience":2811227,"relics_obtained":[{"floor":8,"key":"Tiny Chest"}],"event_choices":[{"cards_removed":["Strike_G"],"damage_healed":0,"gold_gain":0,"player_choice":"Offered Basic","damage_taken":0,"max_hp_gain":0,"max_hp_loss":0,"event_name":"Bonfire Elementals","floor":3,"gold_loss":0},{"damage_healed":0,"gold_gain":0,"player_choice":"Got Potions","damage_taken":0,"max_hp_gain":0,"max_hp_loss":0,"event_name":"Lab","floor":7,"gold_loss":0}],"is_beta":true,"boss_relics":[],"items_purged_floors":[5],"is_endless":false,"potions_floor_spawned":[1,4],"killed_by":"Gremlin Gang","ascension_level":17}