{"gold_per_floor":[118,128,128,143,155,180,180,180,180,191,77,103,113,128,128,199,199,217,237,30,41,52,52],"floor_reached":23,"playtime":1868,"items_purged":[],"score":352,"play_id":"999beb09-d585-4bc6-b9ca-4df6eebba382","local_time":"20190511135149","is_ascension_mode":true,"campfire_choices":[{"data":"Feel No Pain","floor":7,"key":"SMITH"},{"floor":15,"key":"REST"}],"neow_cost":"NONE","seed_source_timestamp":2577443892433845,"circlet_count":0,"master_deck":["AscendersBane","Strike_R","Strike_R","Strike_R","Strike_R","Defend_R","Defend_R","Defend_R","Defend_R","Bash","Twin Strike","Warcry","Blood for Blood","Feel No Pain+1","Offering","Feel No Pain","Brutality","Forethought","Second Wind","Dark Shackles","Shrug It Off","Spot Weakness","Dark Embrace","Rupture","Headbutt","Discovery","Shrug It Off","Warcry+1","Disarm"],"relics":["Burning Blood","Centennial Puzzle","Darkstone Periapt","Blue Candle","Bottled Tornado","Runic Cube"],"potions_floor_usage":[6,12,12,18,19,21,23],"damage_taken":[{"damage":9,"enemies":"2 Louse","floor":1,"turns":3},{"damage":1,"enemies":"Cultist","floor":2,"turns":3},{"damage":5,"enemies":"Small Slimes","floor":4,"turns":3},{"damage":7,"enemies":"Red Slaver","floor":5,"turns":5},{"damage":21,"enemies":"3 Sentries","floor":6,"turns":6},{"damage":13,"enemies":"Large Slime","floor":10,"turns":5},{"damage":16,"enemies":"Lagavulin","floor":12,"turns":7},{"damage":6,"enemies":"Exordium Wildlife","floor":13,"turns":5},{"damage":6,"enemies":"2 Fungi Beasts","floor":14,"turns":3},{"damage":41,"enemies":"The Guardian","floor":16,"turns":11},{"damage":21,"enemies":"Shell Parasite","floor":18,"turns":6},{"damage":12,"enemies":"3 Byrds","floor":19,"turns":6},{"damage":15,"enemies":"Centurion and Healer","floor":21,"turns":6},{"damage":36,"enemies":"Sentry and Sphere","floor":22,"turns":8},{"damage":22,"enemies":"Book of Stabbing","floor":23,"turns":7}],"seed_played":"-4634283235702945943","potions_obtained":[{"floor":2,"key":"PowerPotion"},{"floor":10,"key":"EntropicBrew"},{"floor":12,"key":"Energy Potion"},{"floor":19,"key":"SteroidPotion"}],"is_trial":false,"path_per_floor":["M","M","?","M","M","E","R","?","T","M","$","E","M","M","R","B",null,"M","M","$","M","M","E"],"character_chosen":"IRONCLAD","items_purchased":["Dark Shackles","Shrug It Off","Regen Potion","Discovery","Shrug It Off"],"campfire_rested":1,"item_purchase_floors":[11,11,20,20,20],"current_hp_per_floor":[65,70,70,71,70,55,55,55,55,48,48,45,45,45,67,32,64,49,43,43,49,19,0],"gold":52,"neow_bonus":"RANDOM_COMMON_RELIC","is_prod":false,"is_daily":false,"chose_seed":false,"campfire_upgraded":1,"win_rate":0,"timestamp":1557571909,"path_taken":["M","M","?","M","?","E","R","?","T","M","$","E","M","?","R","BOSS","M","M","$","M","M","E"],"build_version":"2019-01-23","purchased_purges":0,"victory":false,"max_hp_per_floor":[75,75,75,75,75,75,75,75,75,75,75,75,75,75,75,75,75,75,75,75,75,75,75],"card_choices":[{"not_picked":["Evolve","Body Slam"],"picked":"Twin Strike","floor":1},{"not_picked":["Cleave","Heavy Blade"],"picked":"Warcry","floor":2},{"not_picked":["Havoc","Combust"],"picked":"Feel No Pain","floor":4},{"not_picked":["Whirlwind","Shrug It Off"],"picked":"Offering","floor":5},{"not_picked":["Twin Strike","Rampage"],"picked":"Feel No Pain","floor":6},{"not_picked":["Cleave","Wild Strike"],"picked":"Second Wind","floor":10},{"not_picked":["Cleave","Double Tap"],"picked":"Spot Weakness","floor":12},{"not_picked":["Sword Boomerang","Clash","Wild Strike"],"picked":"SKIP","floor":13},{"not_picked":["Sword Boomerang","Fire Breathing","Heavy Blade"],"picked":"SKIP","floor":14},{"not_picked":["Limit Break","Reaper"],"picked":"Dark Embrace","floor":16},{"not_picked":["Iron Wave","Dual Wield"],"picked":"Rupture","floor":18},{"not_picked":["Power Through","Heavy Blade"],"picked":"Headbutt","floor":19},{"not_picked":["Anger","Flex"],"picked":"Warcry+1","floor":21},{"not_picked":["Sword Boomerang","Clothesline"],"picked":"Disarm","floor":22}],"player_experience":1326346,"relics_obtained":[{"floor":6,"key":"Darkstone Periapt"},{"floor":9,"key":"Blue Candle"},{"floor":12,"key":"Bottled Tornado"}],"event_choices":[{"damage_healed":0,"gold_gain":0,"cards_transformed":["Strike_R"],"player_choice":"Transformed","damage_taken":0,"max_hp_gain":0,"max_hp_loss":0,"event_name":"Transmorgrifier","floor":3,"gold_loss":0,"cards_obtained":["Blood for Blood"]},{"damage_healed":0,"gold_gain":0,"player_choice":"2 cards matched","damage_taken":0,"max_hp_gain":0,"max_hp_loss":0,"event_name":"Match and Keep!","floor":8,"gold_loss":0,"cards_obtained":["Brutality","Forethought"]}],"is_beta":false,"boss_relics":[{"not_picked":["Empty Cage","Astrolabe"],"picked":"Runic Cube"}],"items_purged_floors":[],"is_endless":false,"potions_floor_spawned":[2,10,12,19],"killed_by":"Book of Stabbing","ascension_level":14}