{"gold_per_floor":[112,129,54,65,65,65,98,23,23,23,23,63,87,118,118,214,214,238,259,259,259,283,283,40,56,82,82,82,82,132,35,35,131,131,150,3,3],"floor_reached":37,"playtime":1954,"items_purged":["Strike_R","Strike_R"],"score":670,"play_id":"88573d66-bdb5-49a6-b5ea-faf4043ded08","local_time":"20181207075143","is_ascension_mode":true,"campfire_choices":[{"data":"Whirlwind","floor":6,"key":"SMITH"},{"floor":11,"key":"REST"},{"data":"Shockwave","floor":15,"key":"SMITH"},{"data":"Demon Form","floor":23,"key":"SMITH"},{"data":"Pommel Strike","floor":27,"key":"SMITH"},{"data":"Flex","floor":29,"key":"SMITH"},{"floor":32,"key":"REST"}],"neow_cost":"TEN_PERCENT_HP_LOSS","seed_source_timestamp":285849872101121,"circlet_count":0,"master_deck":["AscendersBane","Defend_R","Defend_R","Defend_R","Defend_R","Bash","Shockwave+1","Whirlwind+1","Pommel Strike+1","Flex+1","Clothesline","Iron Wave","Evolve","Demon Form+1","Disarm+1","Second Wind","Power Through","Writhe","Flash of Steel","Dual Wield","Impervious","Iron Wave+1"],"relics":["Burning Blood","Golden Idol","Blue Candle","Shuriken","Meat on the Bone","Ginger","Matryoshka","Mark of Pain","Enchiridion","Lantern","Orichalcum","Dream Catcher","Du-Vu Doll","Runic Dome","Ancient Tea Set"],"potions_floor_usage":[7,7,7,12,20,22,33,37],"damage_taken":[{"damage":11,"enemies":"Jaw Worm","floor":1,"turns":5},{"damage":3,"enemies":"2 Louse","floor":2,"turns":2},{"damage":5,"enemies":"Small Slimes","floor":4,"turns":2},{"damage":20,"enemies":"Lagavulin","floor":7,"turns":6},{"damage":6,"enemies":"Gremlin Nob","floor":12,"turns":3},{"damage":6,"enemies":"Looter","floor":13,"turns":3},{"damage":20,"enemies":"3 Sentries","floor":14,"turns":3},{"damage":39,"enemies":"The Guardian","floor":16,"turns":15},{"damage":27,"enemies":"3 Byrds","floor":18,"turns":4},{"damage":19,"enemies":"Chosen","floor":19,"turns":6},{"damage":23,"enemies":"Colosseum Slavers","floor":20,"turns":5},{"damage":13,"enemies":"Snake Plant","floor":22,"turns":4},{"damage":24,"enemies":"Centurion and Healer","floor":25,"turns":6},{"damage":5,"enemies":"Champ","floor":33,"turns":9},{"damage":11,"enemies":"Orb Walker","floor":35,"turns":3},{"damage":61,"enemies":"2 Orb Walkers","floor":37,"turns":3}],"seed_played":"-4523468147091784379","potions_obtained":[{"floor":1,"key":"EntropicBrew"},{"floor":4,"key":"SpeedPotion"},{"floor":7,"key":"Ancient Potion"},{"floor":13,"key":"Regen Potion"},{"floor":18,"key":"Block Potion"},{"floor":22,"key":"SneckoOil"},{"floor":25,"key":"PowerPotion"}],"is_trial":false,"path_per_floor":["M","M","$","M","?","R","E","?","T","?","R","E","M","E","R","B",null,"M","M","?","?","M","R","$","M","T","R","?","R","?","$","R","B",null,"M","$","?"],"character_chosen":"IRONCLAD","items_purchased":["Lantern","Flash of Steel","Ancient Tea Set"],"campfire_rested":2,"item_purchase_floors":[24,31,36],"current_hp_per_floor":[63,66,66,67,44,44,30,30,30,19,39,51,51,49,49,28,58,49,48,43,22,36,36,36,30,30,30,30,30,30,30,50,51,64,59,59,0],"gold":3,"neow_bonus":"TRANSFORM_TWO_CARDS","is_prod":false,"is_daily":false,"chose_seed":false,"campfire_upgraded":5,"win_rate":0,"timestamp":1544136703,"path_taken":["M","M","$","M","?","R","E","?","T","?","R","E","M","E","R","BOSS","M","M","?","?","M","R","$","M","T","R","?","R","?","?","R","BOSS","M","$","?"],"build_version":"2018-12-06","purchased_purges":2,"victory":false,"max_hp_per_floor":[68,68,68,68,68,68,68,68,68,68,68,68,68,68,68,68,68,68,68,68,68,68,68,68,68,68,68,68,68,68,68,68,68,68,68,68,68],"card_choices":[{"not_picked":["Bloodletting","Cleave"],"picked":"Pommel Strike","floor":1},{"not_picked":["Wild Strike","Corruption"],"picked":"Flex","floor":2},{"not_picked":["Clash","Warcry","Reckless Charge"],"picked":"SKIP","floor":4},{"not_picked":["Burning Pact","Hemokinesis"],"picked":"Clothesline","floor":7},{"not_picked":["Burning Pact","Dark Embrace"],"picked":"Iron Wave","floor":12},{"not_picked":["Heavy Blade","Wild Strike","Warcry"],"picked":"SKIP","floor":13},{"not_picked":["Disarm","Anger"],"picked":"Evolve","floor":14},{"not_picked":["Reaper","Exhume"],"picked":"Demon Form","floor":16},{"not_picked":["Combust+1","Pummel"],"picked":"Disarm+1","floor":18},{"not_picked":["Pommel Strike","Warcry","Armaments"],"picked":"SKIP","floor":19},{"not_picked":["Flex","Heavy Blade"],"picked":"Second Wind","floor":22},{"not_picked":["Twin Strike","Flex"],"picked":"Power Through","floor":25},{"not_picked":["Inflame","Wild Strike"],"picked":"Dual Wield","floor":32},{"not_picked":["Berserk","Immolate"],"picked":"Impervious","floor":33},{"not_picked":["Blood for Blood","Shrug It Off"],"picked":"Iron Wave+1","floor":35}],"player_experience":2526120,"relics_obtained":[{"floor":7,"key":"Blue Candle"},{"floor":9,"key":"Shuriken"},{"floor":12,"key":"Ginger"},{"floor":14,"key":"Matryoshka"},{"floor":21,"key":"Enchiridion"},{"floor":26,"key":"Orichalcum"},{"floor":26,"key":"Dream Catcher"}],"event_choices":[{"damage_healed":0,"gold_gain":0,"player_choice":"Take Damage","damage_taken":23,"relics_obtained":["Golden Idol"],"max_hp_gain":0,"max_hp_loss":0,"event_name":"Golden Idol","floor":5,"gold_loss":0},{"cards_removed":["Strike_R"],"damage_healed":0,"gold_gain":0,"player_choice":"Card Removal","damage_taken":0,"max_hp_gain":0,"max_hp_loss":0,"event_name":"The Cleric","floor":8,"gold_loss":75},{"damage_healed":0,"gold_gain":0,"player_choice":"Success","damage_taken":11,"relics_obtained":["Meat on the Bone"],"max_hp_gain":0,"max_hp_loss":0,"event_name":"Scrap Ooze","floor":10,"gold_loss":0},{"damage_healed":0,"gold_gain":0,"player_choice":"Fight","damage_taken":0,"max_hp_gain":0,"max_hp_loss":0,"event_name":"Colosseum","floor":20,"gold_loss":0},{"damage_healed":0,"gold_gain":0,"player_choice":"Fled From Nobs","damage_taken":0,"max_hp_gain":0,"max_hp_loss":0,"event_name":"Colosseum","floor":20,"gold_loss":0},{"damage_healed":0,"gold_gain":0,"player_choice":"Obtained Book","damage_taken":21,"max_hp_gain":0,"max_hp_loss":0,"event_name":"Cursed Tome","floor":21,"gold_loss":0},{"damage_healed":0,"gold_gain":0,"player_choice":"Opened","damage_taken":0,"relics_obtained":["Du-Vu Doll"],"max_hp_gain":0,"max_hp_loss":0,"event_name":"The Mausoleum","floor":28,"gold_loss":0,"cards_obtained":["Writhe"]},{"damage_healed":0,"gold_gain":50,"player_choice":"Stole From Cult","damage_taken":0,"max_hp_gain":0,"max_hp_loss":0,"event_name":"Nest","floor":30,"gold_loss":0},{"damage_healed":0,"gold_gain":0,"player_choice":"Fight","damage_taken":0,"max_hp_gain":0,"max_hp_loss":0,"event_name":"Mysterious Sphere","floor":37,"gold_loss":0}],"is_beta":true,"boss_relics":[{"not_picked":["Black Star","Sozu"],"picked":"Mark of Pain"},{"not_picked":["White Beast Statue","Orrery"],"picked":"Runic Dome"}],"items_purged_floors":[3,24],"is_endless":false,"potions_floor_spawned":[1,4,7,13,16,18,22,25],"killed_by":"2 Orb Walkers","ascension_level":15}