{"gold_per_floor":[116,116,116,131,90,90,90,90,90,51,51,85,110,110],"floor_reached":14,"playtime":343,"items_purged":[],"score":172,"play_id":"849abfbc-fb24-45ad-a2aa-3fff0da0121f","local_time":"20190601110132","is_ascension_mode":true,"campfire_choices":[{"floor":6,"key":"REST"},{"data":"Spot Weakness","floor":8,"key":"SMITH"},{"data":"Spot Weakness","floor":11,"key":"SMITH"}],"neow_cost":"PERCENT_DAMAGE","seed_source_timestamp":505785256728756,"circlet_count":0,"master_deck":["AscendersBane","Strike_R","Strike_R","Strike_R","Strike_R","Strike_R","Defend_R","Defend_R","Defend_R","Defend_R","Bash","Armaments+1","Spot Weakness+1","Spot Weakness+1","Carnage","Battle Trance","Heavy Blade+1"],"relics":["Burning Blood","Mango","Golden Idol","Ancient Tea Set","Molten Egg 2"],"potions_floor_usage":[],"damage_taken":[{"damage":19,"enemies":"Jaw Worm","floor":1,"turns":5},{"damage":7,"enemies":"2 Louse","floor":4,"turns":3},{"damage":62,"enemies":"Gremlin Nob","floor":12,"turns":5},{"damage":15,"enemies":"Small Slimes","floor":13,"turns":3},{"damage":0,"enemies":"Red Slaver","floor":14,"turns":1}],"seed_played":"-8716403186185531805","potions_obtained":[{"floor":12,"key":"Ancient Potion"}],"is_trial":false,"path_per_floor":["M","?","?","M","$","R","?","R","T","$","R","E","M","M"],"character_chosen":"IRONCLAD","items_purchased":["Spot Weakness","Carnage"],"campfire_rested":1,"item_purchase_floors":[5,10],"current_hp_per_floor":[51,51,51,50,50,74,74,74,74,74,74,18,9,9],"gold":110,"neow_bonus":"ONE_RARE_RELIC","is_prod":false,"is_daily":false,"chose_seed":false,"campfire_upgraded":2,"win_rate":0,"timestamp":1559376092,"path_taken":["M","?","?","M","$","R","?","R","T","$","R","E","M","M"],"build_version":"2019-01-23","purchased_purges":0,"victory":false,"max_hp_per_floor":[89,89,81,81,81,81,81,81,81,81,81,81,81,81],"card_choices":[{"not_picked":["Perfected Strike","Sever Soul"],"picked":"Armaments","floor":1},{"not_picked":["Flex","Rampage"],"picked":"Spot Weakness","floor":4},{"not_picked":["Cleave","Bloodletting"],"picked":"Battle Trance","floor":12},{"not_picked":["Carnage+1","Thunderclap+1"],"picked":"Heavy Blade+1","floor":13}],"player_experience":1432067,"relics_obtained":[{"floor":9,"key":"Ancient Tea Set"},{"floor":12,"key":"Molten Egg 2"}],"event_choices":[{"damage_healed":0,"gold_gain":0,"player_choice":"Grow","damage_taken":0,"max_hp_gain":0,"max_hp_loss":0,"event_name":"Living Wall","floor":2,"gold_loss":0,"cards_upgraded":["Armaments"]},{"damage_healed":0,"gold_gain":0,"player_choice":"Lose Max HP","damage_taken":0,"relics_obtained":["Golden Idol"],"max_hp_gain":0,"max_hp_loss":8,"event_name":"Golden Idol","floor":3,"gold_loss":0},{"damage_healed":0,"gold_gain":0,"player_choice":"Leave","damage_taken":0,"max_hp_gain":0,"max_hp_loss":0,"event_name":"The Cleric","floor":7,"gold_loss":0}],"is_beta":false,"boss_relics":[],"items_purged_floors":[],"is_endless":false,"potions_floor_spawned":[12],"killed_by":"Red Slaver","ascension_level":20}