{"gold_per_floor":[111,126,143,116,116,116,128,128,128,139,139,171,125,125,125,202,202,213,228,153,168,181,212,212,212,212,212,212,212,224,224,224,303,303,313,1,14,34,50,50,83,83,154,154,185,233,233,258,258,258,258,258,258,77,108,108],"floor_reached":57,"playtime":3560,"items_purged":["Aggregate","Zap","Auto Shields"],"score":2945,"play_id":"c7f2ee84-a8fc-40fe-b2fd-53626fc8b5e2","local_time":"20190509005507","is_ascension_mode":true,"campfire_choices":[{"data":"Darkness","floor":6.0,"key":"SMITH"},{"data":"Redo","floor":8.0,"key":"SMITH"},{"data":"Dualcast","floor":11.0,"key":"SMITH"},{"data":"Recycle","floor":15.0,"key":"SMITH"},{"data":"Fusion","floor":24,"key":"SMITH"},{"floor":28,"key":"REST"},{"data":"Defragment","floor":32,"key":"SMITH"},{"data":"Coolheaded","floor":40,"key":"SMITH"},{"data":"Fission","floor":42,"key":"SMITH"},{"data":"Echo Form","floor":44,"key":"SMITH"},{"floor":47,"key":"REST"},{"floor":49,"key":"RECALL"},{"data":"Force Field","floor":53,"key":"SMITH"}],"neow_cost":"NONE","seed_source_timestamp":280790563571800,"circlet_count":0,"master_deck":["AscendersBane","Dualcast+1","Darkness+1","Compile Driver","Go for the Eyes","Redo+1","FTL","Recycle+1","Creative AI","Reboot","Electrodynamics","Echo Form+1","Fusion+1","Coolheaded+1","Capacitor","Defragment+1","Force Field+1","Heatsinks+1","Fission+1","Hologram"],"special_seed":0,"relics":["Cracked Core","Blood Vial","Pear","Prayer Wheel","Pandora\u0027s Box","Anchor","Kunai","Busted Crown","TheAbacus","Shuriken","Mercury Hourglass","Bag of Preparation","Ice Cream","Bronze Scales","Pen Nib"],"potions_floor_usage":[16,16,18,22,33,39,41,45,55,56],"damage_taken":[{"damage":7.0,"enemies":"Jaw Worm","floor":1.0,"turns":4.0},{"damage":0.0,"enemies":"Small Slimes","floor":2.0,"turns":3.0},{"damage":0.0,"enemies":"2 Louse","floor":3.0,"turns":2.0},{"damage":9.0,"enemies":"Exordium Thugs","floor":4.0,"turns":4.0},{"damage":0.0,"enemies":"Looter","floor":7.0,"turns":4.0},{"damage":3.0,"enemies":"Blue Slaver","floor":10.0,"turns":4.0},{"damage":15.0,"enemies":"3 Sentries","floor":12.0,"turns":8.0},{"damage":7,"enemies":"The Guardian","floor":16,"turns":6},{"damage":0,"enemies":"Chosen","floor":18,"turns":3},{"damage":0,"enemies":"3 Byrds","floor":19,"turns":2},{"damage":13,"enemies":"Centurion and Healer","floor":21,"turns":6},{"damage":2,"enemies":"3 Cultists","floor":22,"turns":4},{"damage":31,"enemies":"Gremlin Leader","floor":23,"turns":5},{"damage":19,"enemies":"Cultist and Chosen","floor":30,"turns":8},{"damage":6,"enemies":"Automaton","floor":33,"turns":6},{"damage":0,"enemies":"3 Shapes","floor":35,"turns":4},{"damage":1,"enemies":"Orb Walker","floor":37,"turns":5},{"damage":0,"enemies":"Transient","floor":38,"turns":6},{"damage":5,"enemies":"4 Shapes","floor":39,"turns":5},{"damage":0,"enemies":"Reptomancer","floor":41,"turns":4},{"damage":31,"enemies":"Nemesis","floor":45,"turns":7},{"damage":10,"enemies":"2 Orb Walkers","floor":46,"turns":4},{"damage":3,"enemies":"Giant Head","floor":48,"turns":3},{"damage":13,"enemies":"Time Eater","floor":50,"turns":8},{"damage":4,"enemies":"Donu and Deca","floor":51,"turns":3},{"damage":0,"enemies":"Shield and Spear","floor":55,"turns":1},{"damage":30,"enemies":"The Heart","floor":56,"turns":6}],"seed_played":"-8705722054371548972","potions_obtained":[{"floor":1.0,"key":"EntropicBrew"},{"floor":10.0,"key":"Dexterity Potion"},{"floor":12.0,"key":"PowerPotion"},{"floor":16,"key":"Swift Potion"},{"floor":19,"key":"Fire Potion"},{"floor":22,"key":"FocusPotion"},{"floor":33,"key":"SkillPotion"},{"floor":35,"key":"PowerPotion"},{"floor":37,"key":"Fire Potion"},{"floor":39,"key":"Block Potion"},{"floor":48,"key":"FearPotion"},{"floor":55,"key":"Fire Potion"}],"is_trial":false,"path_per_floor":["M","M","M","M","?","R","M","R","T","M","R","E","?","?","R","B",null,"M","M","$","M","M","E","R","?","T","T","R","?","M","?","R","B",null,"M","$","M","M","M","R","E","R","T","R","E","?","R","E","R","B","B",null,"R","$","E","B",null],"character_chosen":"DEFECT","items_purchased":["TheAbacus","Swift Potion"],"campfire_rested":2,"item_purchase_floors":[36,54],"current_hp_per_floor":[57,57,57,48,30,30,32,32,42,41,41,28,28,28,28,23,67,69,71,71,60,60,31,31,31,31,31,55,55,38,38,38,34,69,71,71,72,74,71,71,73,73,73,73,44,36,60,59,59,48,46,72,72,72,74,46],"gold":108,"neow_bonus":"TRANSFORM_CARD","is_prod":false,"is_daily":false,"chose_seed":false,"campfire_upgraded":10,"win_rate":0,"timestamp":1557330907,"path_taken":["M","M","M","M","?","R","M","R","T","M","R","E","?","?","R","BOSS","M","M","$","M","M","E","R","?","T","?","R","?","?","?","R","BOSS","M","$","M","M","M","R","E","R","T","R","E","?","R","E","R","BOSS","BOSS","R","$","E","BOSS"],"build_version":"2019-01-23","purchased_purges":3,"victory":true,"max_hp_per_floor":[71,71,71,71,71,71,71,71,81,81,81,81,81,81,81,81,81,81,81,81,81,81,81,81,81,81,81,81,81,81,81,81,81,81,81,81,81,81,81,81,81,81,81,81,81,81,81,81,81,81,81,81,81,81,81,81],"card_choices":[{"not_picked":["Tempest","Hello World"],"picked":"Compile Driver","floor":1.0},{"not_picked":["Lockon","Streamline"],"picked":"Auto Shields","floor":2.0},{"not_picked":["Compile Driver","Aggregate"],"picked":"Go for the Eyes","floor":3.0},{"not_picked":["Melter","Rebound"],"picked":"Redo","floor":4.0},{"not_picked":["Double Energy","Turbo"],"picked":"FTL","floor":7.0},{"not_picked":["Streamline","Rebound"],"picked":"Cold Snap","floor":10.0},{"not_picked":["Stack","Reboot"],"picked":"Recycle","floor":12.0},{"not_picked":["Core Surge","Seek"],"picked":"Creative AI","floor":16},{"not_picked":["Rip and Tear","Glacier"],"picked":"Fusion","floor":18},{"not_picked":["Go for the Eyes","Melter+1","Redo"],"picked":"SKIP","floor":18},{"not_picked":["Barrage","Redo","Hologram"],"picked":"SKIP","floor":19},{"not_picked":["Coolheaded","Ball Lightning","Leap"],"picked":"SKIP","floor":19},{"not_picked":["Redo","Stack","Coolheaded"],"picked":"SKIP","floor":21},{"not_picked":["Hologram","Electrodynamics","Conserve Battery"],"picked":"SKIP","floor":21},{"not_picked":["Coolheaded","Glacier","Hologram"],"picked":"SKIP","floor":22},{"not_picked":["Storm+1","Stack","Rip and Tear"],"picked":"SKIP","floor":22},{"not_picked":["Leap","Steam","Streamline"],"picked":"SKIP","floor":23},{"not_picked":["Defragment","Rip and Tear"],"picked":"Force Field","floor":30},{"not_picked":["Stack","Cold Snap+1"],"picked":"Heatsinks+1","floor":30},{"not_picked":["Core Surge","Biased Cognition"],"picked":"Fission","floor":33},{"not_picked":["Melter+1"],"picked":"SKIP","floor":35},{"not_picked":["Steam Power"],"picked":"SKIP","floor":35},{"not_picked":["Redo"],"picked":"SKIP","floor":37},{"not_picked":["Heatsinks"],"picked":"SKIP","floor":37},{"not_picked":["Scrape"],"picked":"SKIP","floor":38},{"not_picked":["Streamline"],"picked":"SKIP","floor":38},{"not_picked":["Turbo"],"picked":"SKIP","floor":39},{"not_picked":["Gash"],"picked":"SKIP","floor":39},{"not_picked":["Self Repair+1"],"picked":"SKIP","floor":41},{"not_picked":["Cold Snap+1"],"picked":"SKIP","floor":45},{"not_picked":[],"picked":"Hologram","floor":46},{"not_picked":["Aggregate"],"picked":"SKIP","floor":48},{"not_picked":["Conserve Battery+1"],"picked":"SKIP","floor":55}],"player_experience":4949592,"relics_obtained":[{"floor":9.0,"key":"Pear"},{"floor":12.0,"key":"Prayer Wheel"},{"floor":23,"key":"Anchor"},{"floor":27,"key":"Kunai"},{"floor":41,"key":"Shuriken"},{"floor":43,"key":"Mercury Hourglass"},{"floor":45,"key":"Bag of Preparation"},{"floor":46,"key":"Ice Cream"},{"floor":48,"key":"Bronze Scales"},{"floor":55,"key":"Pen Nib"}],"event_choices":[{"damage_healed":0.0,"max_hp_gain":0.0,"max_hp_loss":0.0,"gold_gain":0.0,"event_name":"Scrap Ooze","player_choice":"Success","floor":5.0,"gold_loss":0.0,"damage_taken":18.0,"relics_obtained":["Blood Vial"]},{"damage_healed":0.0,"max_hp_gain":0.0,"max_hp_loss":0.0,"gold_gain":0.0,"event_name":"World of Goop","player_choice":"Left Gold","floor":13.0,"gold_loss":46.0,"damage_taken":0.0},{"cards_removed":["Strike_B"],"damage_healed":0.0,"max_hp_gain":0.0,"max_hp_loss":0.0,"gold_gain":0.0,"event_name":"Living Wall","player_choice":"Forget","floor":14.0,"gold_loss":0.0,"damage_taken":0.0},{"damage_healed":0,"gold_gain":0,"cards_transformed":["Auto Shields","Beam Cell"],"player_choice":"Became Test Subject","damage_taken":0,"max_hp_gain":0,"max_hp_loss":0,"event_name":"Drug Dealer","floor":25,"gold_loss":0,"cards_obtained":["Coolheaded","Capacitor"]},{"damage_healed":0,"gold_gain":0,"player_choice":"Read","damage_taken":0,"max_hp_gain":0,"max_hp_loss":0,"event_name":"The Library","floor":29,"gold_loss":0,"cards_obtained":["Defragment"]},{"cards_removed":["Cold Snap"],"damage_healed":0,"gold_gain":0,"player_choice":"Elegance","damage_taken":0,"max_hp_gain":0,"max_hp_loss":0,"event_name":"Back to Basics","floor":31,"gold_loss":0},{"damage_healed":0,"gold_gain":0,"player_choice":"Fight","damage_taken":0,"max_hp_gain":0,"max_hp_loss":0,"event_name":"Mysterious Sphere","floor":46,"gold_loss":0}],"is_beta":false,"boss_relics":[{"not_picked":["Cursed Key","Lizard Tail"],"picked":"Pandora\u0027s Box"},{"not_picked":["Fusion Hammer","Black Star"],"picked":"Busted Crown"}],"items_purged_floors":[20,36,54],"is_endless":false,"potions_floor_spawned":[1,10,12,16,19,22,33,35,37,39,48,55],"ascension_level":20}