{"gold_per_floor":[117,128,20,20,37,37,47,47,47,73,73,73,88,99,99,195,195,207,195,248,248,268,268,178,194,194,119,139,1,1,14,14,14],"floor_reached":33,"playtime":1702,"items_purged":["Strike_R","Strike_R"],"score":299,"play_id":"1af8ad5f-6a84-4057-a491-5fda5ee12644","local_time":"20181231130313","is_ascension_mode":true,"campfire_choices":[{"data":"Armaments","floor":6,"key":"SMITH"},{"data":"Bash","floor":8,"key":"SMITH"},{"data":"Berserk","floor":12,"key":"SMITH"},{"data":"Battle Trance","floor":15,"key":"SMITH"},{"floor":23,"key":"REST"},{"floor":32,"key":"REST"}],"neow_cost":"TEN_PERCENT_HP_LOSS","seed_source_timestamp":746502767833645,"circlet_count":0,"master_deck":["Defend_R+1","Defend_R","Defend_R","Defend_R","Bash+1","Sword Boomerang","Armaments+1","Battle Trance+1","Metallicize","Ghostly Armor","Clothesline","Berserk+1","Second Wind","Carnage","Limit Break","Power Through","Thunderclap","Infernal Blade","Shrug It Off+1","Warcry+1","Inflame","Iron Wave+1","Body Slam+1","Metallicize","Decay","Rage","Flame Barrier+1"],"relics":["Burning Blood","Bird Faced Urn","Prayer Wheel","FossilizedHelix","Runic Cube","Bag of Marbles","NlothsMask"],"potions_floor_usage":[10,16,18,28,31,33],"damage_taken":[{"damage":8,"enemies":"2 Louse","floor":1,"turns":3},{"damage":6,"enemies":"Cultist","floor":2,"turns":3},{"damage":10,"enemies":"Jaw Worm","floor":5,"turns":4},{"damage":11,"enemies":"Gremlin Gang","floor":7,"turns":5},{"damage":21,"enemies":"Gremlin Nob","floor":10,"turns":4},{"damage":5,"enemies":"Exordium Thugs","floor":13,"turns":5},{"damage":0,"enemies":"Looter","floor":14,"turns":3},{"damage":9,"enemies":"The Guardian","floor":16,"turns":14},{"damage":50,"enemies":"3 Byrds","floor":18,"turns":8},{"damage":11,"enemies":"2 Thieves","floor":19,"turns":4},{"damage":22,"enemies":"Snake Plant","floor":22,"turns":4},{"damage":0,"enemies":"Snecko","floor":25,"turns":5},{"damage":32,"enemies":"Shelled Parasite and Fungi","floor":28,"turns":8},{"damage":0,"enemies":"Snake Plant","floor":31,"turns":4},{"damage":50,"enemies":"Collector","floor":33,"turns":3}],"seed_played":"-2297917900344494500","potions_obtained":[{"floor":5,"key":"Strength Potion"},{"floor":10,"key":"SpeedPotion"},{"floor":14,"key":"Poison Potion"},{"floor":16,"key":"Block Potion"},{"floor":18,"key":"FearPotion"},{"floor":28,"key":"GamblersBrew"},{"floor":31,"key":"Poison Potion"}],"is_trial":false,"path_per_floor":["M","M","$","?","M","R","M","R","T","E","?","R","M","M","R","B",null,"M","M","T","?","M","R","?","M","T","$","M","$","?","M","R","B"],"character_chosen":"IRONCLAD","items_purchased":["Battle Trance","Metallicize","Metallicize"],"campfire_rested":2,"item_purchase_floors":[3,3,29],"current_hp_per_floor":[70,70,70,70,68,68,65,65,65,50,50,50,53,61,61,62,72,28,25,25,25,9,30,30,40,40,40,16,16,16,22,43,0],"gold":14,"neow_bonus":"ONE_RARE_RELIC","is_prod":false,"is_daily":false,"chose_seed":false,"campfire_upgraded":4,"win_rate":0,"timestamp":1546228993,"path_taken":["M","M","$","?","M","R","?","R","T","E","?","R","M","M","R","BOSS","M","?","?","?","?","R","?","?","T","$","M","$","?","M","R","BOSS"],"build_version":"2018-12-20","purchased_purges":2,"victory":false,"max_hp_per_floor":[72,72,72,72,72,72,72,72,72,72,72,72,72,72,72,72,72,72,72,72,72,72,72,72,72,72,72,72,72,72,72,72,72],"card_choices":[{"not_picked":["Anger","Armaments"],"picked":"Sword Boomerang","floor":1},{"not_picked":["Clash","Twin Strike"],"picked":"Armaments","floor":2},{"not_picked":["Combust","Havoc","Twin Strike"],"picked":"SKIP","floor":5},{"not_picked":["Perfected Strike","Uppercut"],"picked":"Ghostly Armor","floor":7},{"not_picked":["Berserk","Iron Wave"],"picked":"Clothesline","floor":10},{"not_picked":["Wild Strike","Twin Strike"],"picked":"Second Wind","floor":13},{"not_picked":["Anger","Wild Strike","Hemokinesis"],"picked":"SKIP","floor":13},{"not_picked":["Pommel Strike","Warcry"],"picked":"Carnage","floor":14},{"not_picked":["Sword Boomerang","Rampage","Clothesline"],"picked":"SKIP","floor":14},{"not_picked":["Juggernaut","Immolate"],"picked":"Limit Break","floor":16},{"not_picked":["Carnage","Thunderclap"],"picked":"Power Through","floor":18},{"not_picked":["Shrug It Off","Sword Boomerang"],"picked":"Thunderclap","floor":18},{"not_picked":["Shrug It Off","Twin Strike"],"picked":"Infernal Blade","floor":19},{"not_picked":["Headbutt","Dark Embrace"],"picked":"Shrug It Off+1","floor":19},{"not_picked":["Battle Trance","Bloodletting"],"picked":"Warcry+1","floor":22},{"not_picked":["Flame Barrier","Flex"],"picked":"Inflame","floor":22},{"not_picked":["Pommel Strike","Clothesline+1","Twin Strike"],"picked":"SKIP","floor":25},{"not_picked":["Thunderclap","Carnage","Pommel Strike"],"picked":"SKIP","floor":25},{"not_picked":["Body Slam","Wild Strike"],"picked":"Iron Wave+1","floor":28},{"not_picked":["Anger+1","Blood for Blood"],"picked":"Body Slam+1","floor":28},{"not_picked":["Corruption","Exhume"],"picked":"Rage","floor":31},{"not_picked":["Headbutt+1","Heavy Blade+1"],"picked":"Flame Barrier+1","floor":31}],"player_experience":293100,"relics_obtained":[{"floor":9,"key":"Prayer Wheel"},{"floor":10,"key":"FossilizedHelix"},{"floor":20,"key":"Bag of Marbles"}],"event_choices":[{"cards_removed":["Strike_R"],"damage_healed":0,"gold_gain":0,"player_choice":"Offered Basic","damage_taken":0,"max_hp_gain":0,"max_hp_loss":0,"event_name":"Bonfire Elementals","floor":4,"gold_loss":0},{"damage_healed":0,"gold_gain":0,"cards_transformed":["Strike_R"],"player_choice":"Transformed","damage_taken":0,"max_hp_gain":0,"max_hp_loss":0,"event_name":"Transmorgrifier","floor":11,"gold_loss":0,"cards_obtained":["Berserk"]},{"damage_healed":0,"gold_gain":0,"player_choice":"Trade","damage_taken":0,"relics_obtained":["NlothsMask"],"max_hp_gain":0,"max_hp_loss":0,"event_name":"FaceTrader","floor":21,"gold_loss":0},{"cards_removed":["Strike_R"],"damage_healed":0,"gold_gain":0,"player_choice":"Upgrade and Remove","damage_taken":0,"max_hp_gain":0,"max_hp_loss":0,"event_name":"Designer","floor":24,"gold_loss":90,"cards_upgraded":["Defend_R"]},{"damage_healed":0,"gold_gain":0,"player_choice":"Smashed Altar","damage_taken":0,"max_hp_gain":0,"max_hp_loss":0,"event_name":"Forgotten Altar","floor":30,"gold_loss":0,"cards_obtained":["Decay"]}],"is_beta":false,"boss_relics":[{"not_picked":["Philosopher\u0027s Stone","Coffee Dripper"],"picked":"Runic Cube"}],"items_purged_floors":[27,29],"is_endless":false,"potions_floor_spawned":[5,10,14,16,18,28,31],"killed_by":"Collector","ascension_level":4}