{"gold_per_floor":[118,193,368,76,96,96,96,96,147,147,147,166,166,166,166,166],"floor_reached":16,"playtime":928,"items_purged":["Doubt"],"score":86,"play_id":"6207cd65-0cd9-4d83-a551-468e2918c6f7","local_time":"20181202212657","is_ascension_mode":false,"campfire_choices":[{"data":"Infinite Blades","floor":6,"key":"SMITH"},{"floor":8,"key":"REST"},{"data":"Outmaneuver","floor":10,"key":"SMITH"},{"data":"Blade Dance","floor":15,"key":"SMITH"}],"neow_cost":"NONE","seed_source_timestamp":27360427534645,"circlet_count":0,"master_deck":["Defend_G","Defend_G","Defend_G","Defend_G","Defend_G","Strike_G","Strike_G","Strike_G","Strike_G","Survivor","Neutralize","Impatience","Blade Dance","Outmaneuver+1","Blade Dance+1","Infinite Blades+1","Bullet Time+1"],"relics":["Ring of the Snake","Lantern","Dream Catcher"],"potions_floor_usage":[16],"damage_taken":[{"damage":10,"enemies":"Small Slimes","floor":1,"turns":3},{"damage":0,"enemies":"2 Louse","floor":5,"turns":2},{"damage":0,"enemies":"Cultist","floor":12,"turns":2},{"damage":80,"enemies":"The Guardian","floor":16,"turns":12}],"seed_played":"1663627254846517269","potions_obtained":[{"floor":12,"key":"Weak Potion"}],"is_trial":false,"path_per_floor":["M","?","?","$","M","R","$","R","T","R","?","M","?","?","R","B"],"character_chosen":"THE_SILENT","items_purchased":["Lantern","Outmaneuver","Blade Dance"],"campfire_rested":1,"item_purchase_floors":[4,4,4],"current_hp_per_floor":[60,49,49,49,49,49,49,70,70,70,70,70,70,63,63,0],"gold":166,"neow_bonus":"RANDOM_COLORLESS","is_prod":false,"is_daily":false,"chose_seed":false,"campfire_upgraded":3,"win_rate":0.0,"timestamp":1543753617,"path_taken":["M","?","?","$","M","R","$","R","T","R","?","?","?","?","R","BOSS"],"build_version":"2018-11-15","purchased_purges":1,"victory":false,"max_hp_per_floor":[70,70,70,70,70,70,70,70,70,70,70,70,70,70,70,70],"card_choices":[{"not_picked":["Endless Agony","Deflect"],"picked":"Blade Dance","floor":1},{"not_picked":["Flying Knee","Quick Slash"],"picked":"Infinite Blades","floor":5},{"not_picked":["Reflex","Backflip","Eviscerate"],"picked":"SKIP","floor":12}],"player_experience":66595,"relics_obtained":[{"floor":9,"key":"Dream Catcher"}],"event_choices":[{"damage_healed":0,"gold_gain":75,"player_choice":"Gather Gold","damage_taken":11,"max_hp_gain":0,"max_hp_loss":0,"event_name":"World of Goop","floor":2,"gold_loss":0},{"damage_healed":0,"gold_gain":175,"player_choice":"AGREE","damage_taken":0,"max_hp_gain":0,"max_hp_loss":0,"event_name":"Liars Game","floor":3,"gold_loss":0,"cards_obtained":["Doubt"]},{"damage_healed":0,"gold_gain":0,"player_choice":"1 cards matched","damage_taken":0,"max_hp_gain":0,"max_hp_loss":0,"event_name":"Match and Keep!","floor":11,"gold_loss":0,"cards_obtained":["Bullet Time"]},{"damage_healed":0,"gold_gain":0,"player_choice":"Grow","damage_taken":0,"max_hp_gain":0,"max_hp_loss":0,"event_name":"Living Wall","floor":13,"gold_loss":0,"cards_upgraded":["Bullet Time"]},{"cards_removed":["Strike_G"],"damage_healed":0,"gold_gain":0,"player_choice":"Card Removal","damage_taken":7,"max_hp_gain":0,"max_hp_loss":0,"event_name":"Golden Wing","floor":14,"gold_loss":0}],"is_beta":false,"boss_relics":[],"items_purged_floors":[4],"is_endless":false,"potions_floor_spawned":[12],"killed_by":"The Guardian","ascension_level":0}