{"gold_per_floor":[111,131,21,121,132,132,143,143,211,211,237,237,202,219,219,293,293,311,326,344,443,443,443,37,54,80,94,114,139,31,48,48,48],"floor_reached":33,"playtime":1842,"items_purged":["Strike_B","Strike_B"],"score":485,"play_id":"1b887c38-9953-4d94-b0db-66c9daf21b2f","local_time":"20190529212816","is_ascension_mode":true,"campfire_choices":[{"data":"Defragment","floor":6,"key":"SMITH"},{"data":"Doom and Gloom","floor":8,"key":"SMITH"},{"data":"Doom and Gloom","floor":10,"key":"SMITH"},{"data":"Go for the Eyes","floor":15,"key":"SMITH"},{"data":"Zap","floor":23,"key":"SMITH"},{"data":"Defragment","floor":32,"key":"SMITH"}],"neow_cost":"NONE","seed_source_timestamp":264346010461346,"circlet_count":0,"master_deck":["AscendersBane","Strike_B","Defend_B","Defend_B","Defend_B","Defend_B","Zap+1","Dualcast","Defragment+1","Cold Snap","Doom and Gloom+1","Doom and Gloom+1","Self Repair","Steam","Go for the Eyes+1","Conserve Battery","Coolheaded","Ball Lightning","Ball Lightning","White Noise+1","Defragment+1","Redo+1"],"relics":["FrozenCore","The Courier","Smiling Mask","OrangePellets","Incense Burner","Regal Pillow","Bronze Scales"],"potions_floor_usage":[16,29],"damage_taken":[{"damage":1,"enemies":"Cultist","floor":1,"turns":4},{"damage":8,"enemies":"Jaw Worm","floor":2,"turns":4},{"damage":8,"enemies":"Small Slimes","floor":5,"turns":3},{"damage":5,"enemies":"Blue Slaver","floor":7,"turns":3},{"damage":24,"enemies":"Gremlin Nob","floor":11,"turns":4},{"damage":0,"enemies":"Large Slime","floor":14,"turns":4},{"damage":15,"enemies":"Slime Boss","floor":16,"turns":6},{"damage":2,"enemies":"Shell Parasite","floor":18,"turns":6},{"damage":3,"enemies":"Spheric Guardian","floor":19,"turns":5},{"damage":14,"enemies":"Centurion and Healer","floor":20,"turns":7},{"damage":17,"enemies":"Snake Plant","floor":25,"turns":7},{"damage":3,"enemies":"Cultist and Chosen","floor":27,"turns":5},{"damage":12,"enemies":"Centurion and Healer","floor":28,"turns":7},{"damage":20,"enemies":"Slavers","floor":29,"turns":7},{"damage":15,"enemies":"Snake Plant","floor":31,"turns":5},{"damage":37,"enemies":"Champ","floor":33,"turns":16}],"seed_played":"-330622632120890881","potions_obtained":[{"floor":5,"key":"SkillPotion"},{"floor":11,"key":"SteroidPotion"},{"floor":18,"key":"FearPotion"},{"floor":28,"key":"Explosive Potion"}],"is_trial":false,"path_per_floor":["M","M","$","?","M","R","M","R","T","R","E","?","?","M","R","B",null,"M","M","M","?","?","R","$","M","T","M","M","E","$","M","R","B"],"character_chosen":"DEFECT","items_purchased":["Doom and Gloom","OrangePellets","Incense Burner","Defragment"],"campfire_rested":0,"item_purchase_floors":[3,24,24,30],"current_hp_per_floor":[74,66,66,66,58,58,53,53,53,53,36,29,49,56,56,48,74,79,76,69,69,69,69,69,59,59,63,58,45,45,37,37,0],"gold":48,"neow_bonus":"TEN_PERCENT_HP_BONUS","is_prod":false,"is_daily":false,"chose_seed":false,"campfire_upgraded":6,"win_rate":0,"timestamp":1559158096,"path_taken":["M","M","$","?","?","R","M","R","T","R","E","?","?","M","R","BOSS","M","M","M","?","?","R","$","M","T","M","M","E","$","M","R","BOSS"],"build_version":"2019-01-23","purchased_purges":2,"victory":false,"max_hp_per_floor":[82,82,82,82,82,82,82,82,82,82,82,82,82,82,82,82,82,82,82,82,82,82,82,82,82,82,82,82,82,82,82,82,82],"card_choices":[{"not_picked":["Hologram","Streamline"],"picked":"Defragment","floor":1},{"not_picked":["Go for the Eyes","Rebound"],"picked":"Cold Snap","floor":2},{"not_picked":["Compile Driver","Coolheaded"],"picked":"Doom and Gloom","floor":5},{"not_picked":["Steam Power","Doom and Gloom"],"picked":"Self Repair","floor":7},{"not_picked":["Aggregate","Reprogram"],"picked":"Steam","floor":11},{"not_picked":["Stack","Self Repair"],"picked":"Go for the Eyes","floor":14},{"not_picked":["Storm","Gash+1"],"picked":"Conserve Battery","floor":18},{"not_picked":["Steam","Barrage","Chaos"],"picked":"SKIP","floor":19},{"not_picked":["Streamline","Barrage"],"picked":"Coolheaded","floor":20},{"not_picked":["Static Discharge","Compile Driver"],"picked":"Ball Lightning","floor":25},{"not_picked":["Beam Cell","Gash","Double Energy"],"picked":"SKIP","floor":27},{"not_picked":["White Noise","Gash"],"picked":"Ball Lightning","floor":28},{"not_picked":["Ball Lightning","Compile Driver"],"picked":"White Noise+1","floor":29},{"not_picked":["Double Energy","Creative AI"],"picked":"Redo+1","floor":31}],"player_experience":623520,"relics_obtained":[{"floor":9,"key":"The Courier"},{"floor":11,"key":"Smiling Mask"},{"floor":26,"key":"Regal Pillow"},{"floor":29,"key":"Bronze Scales"}],"event_choices":[{"damage_healed":0,"gold_gain":100,"player_choice":"Pray","damage_taken":0,"max_hp_gain":0,"max_hp_loss":0,"event_name":"Golden Shrine","floor":4,"gold_loss":0},{"cards_removed":["Strike_B"],"damage_healed":0,"gold_gain":0,"player_choice":"Card Removal","damage_taken":7,"max_hp_gain":0,"max_hp_loss":0,"event_name":"Golden Wing","floor":12,"gold_loss":0},{"damage_healed":20,"gold_gain":0,"player_choice":"Healed","damage_taken":0,"max_hp_gain":0,"max_hp_loss":0,"event_name":"The Cleric","floor":13,"gold_loss":35},{"damage_healed":0,"gold_gain":99,"player_choice":"Stole From Cult","damage_taken":0,"max_hp_gain":0,"max_hp_loss":0,"event_name":"Nest","floor":21,"gold_loss":0},{"damage_healed":0,"gold_gain":0,"player_choice":"Bought 0 Potions","damage_taken":0,"max_hp_gain":0,"max_hp_loss":0,"event_name":"The Woman in Blue","floor":22,"gold_loss":0}],"is_beta":false,"boss_relics":[{"not_picked":["Lizard Tail","Snecko Eye"],"picked":"FrozenCore"}],"items_purged_floors":[3,30],"is_endless":false,"potions_floor_spawned":[5,11,14,18,19,28],"killed_by":"Champ","ascension_level":13}