{"gold_per_floor":[110,120,136,183,183,183,202,232,279,279,68,93,93,106,106,183,183,200,212,137,149,173,173,173,189,189,189,84,99,118,218,218,292,292,312,326,39,52,52,52,52,85,85,101,51,81,81,101,101,101,101,101,101,51,83,83],"floor_reached":57,"playtime":3811,"items_purged":["Strike_B","Defend_B","Defend_B","Rip and Tear+1","Ball Lightning"],"score":3144,"play_id":"8e9090dc-2920-45a5-9188-e05b7ef19774","local_time":"20190425030654","is_ascension_mode":true,"campfire_choices":[{"data":"Rip and Tear","floor":6.0,"key":"SMITH"},{"floor":10.0,"key":"REST"},{"data":"Recycle","floor":13.0,"key":"SMITH"},{"data":"Buffer","floor":15.0,"key":"SMITH"},{"data":"Skim","floor":23.0,"key":"SMITH"},{"data":"Double Energy","floor":27.0,"key":"SMITH"},{"data":"Hologram","floor":32.0,"key":"SMITH"},{"data":"Apotheosis","floor":40.0,"key":"SMITH"},{"floor":47.0,"key":"RECALL"},{"data":"Coolheaded","floor":49.0,"key":"SMITH"},{"floor":53,"key":"REST"}],"neow_cost":"NONE","seed_source_timestamp":342104148084200,"circlet_count":0,"master_deck":["AscendersBane","Defend_B","Zap+1","Dualcast","Redo","Recycle+1","Buffer+1","Skim+1","Leap","Creative AI","Double Energy+1","Hologram+1","Self Repair","Coolheaded+1","Chill","Reprogram+1","BootSequence","Fission","Gash","Gash","Apotheosis+1","Conserve Battery","Coolheaded+1","Consume","Seek"],"special_seed":0,"relics":["Cracked Core","Blood Vial","Thread and Needle","Smiling Mask","DataDisk","Letter Opener","Runic Pyramid","Vajra","Matryoshka","Emotion Chip","Dodecahedron","Empty Cage","Ancient Tea Set","Shuriken","Bronze Scales","Nunchaku","Bag of Marbles"],"potions_floor_usage":[51,56],"damage_taken":[{"damage":1.0,"enemies":"Cultist","floor":1.0,"turns":3.0},{"damage":7.0,"enemies":"Small Slimes","floor":2.0,"turns":3.0},{"damage":0.0,"enemies":"2 Louse","floor":3.0,"turns":1.0},{"damage":24.0,"enemies":"Exordium Thugs","floor":7.0,"turns":4.0},{"damage":31.0,"enemies":"Gremlin Nob","floor":8.0,"turns":4.0},{"damage":13.0,"enemies":"3 Sentries","floor":12.0,"turns":6.0},{"damage":3.0,"enemies":"3 Louse","floor":14.0,"turns":2.0},{"damage":0.0,"enemies":"The Guardian","floor":16.0,"turns":10.0},{"damage":2.0,"enemies":"3 Byrds","floor":18.0,"turns":3.0},{"damage":0.0,"enemies":"Spheric Guardian","floor":19.0,"turns":5.0},{"damage":5.0,"enemies":"Shelled Parasite and Fungi","floor":21.0,"turns":5.0},{"damage":0.0,"enemies":"Snake Plant","floor":25.0,"turns":4.0},{"damage":0.0,"enemies":"Centurion and Healer","floor":29.0,"turns":8.0},{"damage":0.0,"enemies":"3 Cultists","floor":30.0,"turns":4.0},{"damage":14.0,"enemies":"Colosseum Slavers","floor":31.0,"turns":4.0},{"damage":0.0,"enemies":"Colosseum Nobs","floor":31.0,"turns":3.0},{"damage":0.0,"enemies":"Automaton","floor":33.0,"turns":10.0},{"damage":0.0,"enemies":"Orb Walker","floor":35.0,"turns":4.0},{"damage":11.0,"enemies":"3 Darklings","floor":36.0,"turns":7.0},{"damage":0.0,"enemies":"Sphere and 2 Shapes","floor":38.0,"turns":4.0},{"damage":0.0,"enemies":"Giant Head","floor":42.0,"turns":4.0},{"damage":0.0,"enemies":"Jaw Worm Horde","floor":44.0,"turns":4.0},{"damage":0.0,"enemies":"Nemesis","floor":46.0,"turns":7.0},{"damage":0.0,"enemies":"Spire Growth","floor":48.0,"turns":4.0},{"damage":0.0,"enemies":"Donu and Deca","floor":50.0,"turns":9.0},{"damage":30,"enemies":"Time Eater","floor":51,"turns":14},{"damage":0,"enemies":"Shield and Spear","floor":55,"turns":8},{"damage":68,"enemies":"The Heart","floor":56,"turns":9}],"seed_played":"5904270203690017909","potions_obtained":[{"floor":2.0,"key":"AttackPotion"},{"floor":3.0,"key":"EssenceOfSteel"},{"floor":8.0,"key":"Swift Potion"},{"floor":14.0,"key":"LiquidBronze"},{"floor":18.0,"key":"AttackPotion"},{"floor":29.0,"key":"Poison Potion"},{"floor":33.0,"key":"FocusPotion"},{"floor":36.0,"key":"EssenceOfSteel"},{"floor":44.0,"key":"FocusPotion"}],"is_trial":false,"path_per_floor":["M","M","M","T","?","R","M","E","T","R","$","E","R","M","R","B",null,"M","M","?","M","T","R","?","M","T","R","$","M","M","?","R","B",null,"M","M","$","M","?","R","?","E","T","M","$","E","R","M","R","B","B",null,"R","$","E","B",null],"character_chosen":"DEFECT","items_purchased":["DataDisk","Coolheaded","Apotheosis","Conserve Battery"],"campfire_rested":2,"item_purchase_floors":[11,28,37,37],"current_hp_per_floor":[63,56,56,56,56,56,34,5,5,26,26,15,15,14,14,16,57,57,59,59,56,56,56,56,58,58,58,58,67,69,71,71,71,71,71,67,67,71,71,71,71,71,71,71,71,71,71,71,71,71,51,66,71,71,71,13],"gold":83,"neow_bonus":"UPGRADE_CARD","is_prod":false,"is_daily":false,"chose_seed":false,"campfire_upgraded":8,"win_rate":0,"timestamp":1556129214,"path_taken":["M","M","M","?","?","R","M","E","T","R","$","E","R","M","R","BOSS","M","M","?","M","?","R","?","M","T","R","$","M","?","?","R","BOSS","M","M","$","M","?","R","?","E","T","M","$","E","R","M","R","BOSS","BOSS","R","$","E","BOSS"],"build_version":"2019-01-23","purchased_purges":5,"victory":true,"max_hp_per_floor":[71,71,71,71,71,71,71,71,71,71,71,71,71,71,71,71,71,71,71,71,71,71,71,71,71,71,71,71,71,71,71,71,71,71,71,71,71,71,71,71,71,71,71,71,71,71,71,71,71,71,71,71,71,71,71,71],"card_choices":[{"not_picked":["Beam Cell","BootSequence"],"picked":"Redo","floor":1.0},{"not_picked":["Reinforced Body","Sweeping Beam"],"picked":"Rip and Tear","floor":2.0},{"not_picked":["Cold Snap","Genetic Algorithm"],"picked":"Recycle","floor":3.0},{"not_picked":["Genetic Algorithm","Go for the Eyes"],"picked":"Ball Lightning","floor":7.0},{"not_picked":["Redo","Go for the Eyes"],"picked":"Buffer","floor":8.0},{"not_picked":["Recycle","Streamline"],"picked":"Skim","floor":12.0},{"not_picked":["Streamline","FTL"],"picked":"Leap","floor":14.0},{"not_picked":["Machine Learning","Echo Form"],"picked":"Creative AI","floor":16.0},{"not_picked":["Ball Lightning","Cold Snap","Beam Cell"],"picked":"SKIP","floor":18.0},{"not_picked":["Stack","Go for the Eyes"],"picked":"Double Energy","floor":19.0},{"not_picked":["FTL","Leap"],"picked":"Hologram","floor":21.0},{"not_picked":["Capacitor","Reprogram"],"picked":"Self Repair","floor":25.0},{"not_picked":["Stack+1","Sweeping Beam"],"picked":"Chill","floor":29.0},{"not_picked":["Scrape","Aggregate"],"picked":"Reprogram+1","floor":30.0},{"not_picked":["Compile Driver","White Noise"],"picked":"BootSequence","floor":31.0},{"not_picked":["All For One","Hyperbeam"],"picked":"Fission","floor":33.0},{"not_picked":["Heatsinks","Hologram"],"picked":"Gash","floor":35.0},{"not_picked":["Reprogram+1","Steam"],"picked":"Gash","floor":36.0},{"not_picked":["Genetic Algorithm","Sunder","Gash"],"picked":"SKIP","floor":38.0},{"not_picked":["Glacier+1","Gash","Hologram"],"picked":"SKIP","floor":42.0},{"not_picked":["Barrage","Gash"],"picked":"Coolheaded+1","floor":44.0},{"not_picked":["Undo","Cold Snap","Compile Driver"],"picked":"SKIP","floor":46.0},{"not_picked":["Loop","Sweeping Beam"],"picked":"Consume","floor":48.0},{"not_picked":["Go for the Eyes","BootSequence+1"],"picked":"Seek","floor":55}],"player_experience":4845605,"relics_obtained":[{"floor":4.0,"key":"Blood Vial"},{"floor":8.0,"key":"Thread and Needle"},{"floor":9.0,"key":"Smiling Mask"},{"floor":12.0,"key":"Letter Opener"},{"floor":22.0,"key":"Vajra"},{"floor":26.0,"key":"Matryoshka"},{"floor":31.0,"key":"Emotion Chip"},{"floor":31.0,"key":"Dodecahedron"},{"floor":42.0,"key":"Shuriken"},{"floor":43.0,"key":"Bronze Scales"},{"floor":46.0,"key":"Nunchaku"},{"floor":55,"key":"Bag of Marbles"}],"event_choices":[{"damage_healed":0.0,"max_hp_gain":0.0,"max_hp_loss":0.0,"gold_gain":0.0,"event_name":"Liars Game","player_choice":"Ignored","floor":5.0,"gold_loss":0.0,"damage_taken":0.0},{"cards_removed":["Strike_B"],"damage_healed":0.0,"max_hp_gain":0.0,"max_hp_loss":0.0,"gold_gain":0.0,"event_name":"Beggar","player_choice":"Gave Gold","floor":20.0,"gold_loss":75.0,"damage_taken":0.0},{"cards_removed":["Strike_B"],"damage_healed":0.0,"max_hp_gain":0.0,"max_hp_loss":0.0,"gold_gain":0.0,"event_name":"Purifier","player_choice":"Purged","floor":24.0,"gold_loss":0.0,"damage_taken":0.0},{"damage_healed":0.0,"max_hp_gain":0.0,"max_hp_loss":0.0,"gold_gain":0.0,"event_name":"Colosseum","player_choice":"Fight","floor":31.0,"gold_loss":0.0,"damage_taken":0.0},{"damage_healed":0.0,"max_hp_gain":0.0,"max_hp_loss":0.0,"gold_gain":0.0,"event_name":"Colosseum","player_choice":"Fought Nobs","floor":31.0,"gold_loss":0.0,"damage_taken":0.0},{"damage_healed":0.0,"max_hp_gain":0.0,"max_hp_loss":0.0,"gold_gain":0.0,"event_name":"Mysterious Sphere","player_choice":"Ignored","floor":39.0,"gold_loss":0.0,"damage_taken":0.0},{"damage_healed":0.0,"max_hp_gain":0.0,"max_hp_loss":0.0,"gold_gain":0.0,"event_name":"WeMeetAgain","player_choice":"Gave Potion","floor":41.0,"gold_loss":0.0,"damage_taken":0.0,"relics_obtained":["Ancient Tea Set"]}],"is_beta":false,"boss_relics":[{"not_picked":["Calling Bell","Ectoplasm"],"picked":"Runic Pyramid"},{"not_picked":["Busted Crown","Sozu"],"picked":"Empty Cage"}],"items_purged_floors":[11,28,37,45,54],"is_endless":false,"potions_floor_spawned":[2,3,8,14,18,29,33,36,38,44,46],"ascension_level":20}