{"gold_per_floor":[114,64,11,11,11,11,45,45,70,70,95,270,19,32,32,163,163,188,20,20,20,31,31,55,55],"floor_reached":25,"playtime":964,"items_purged":["Doubt","Strike_R"],"score":333,"play_id":"113b5f8b-23f5-4549-a5db-0330dae35332","local_time":"20190129221834","is_ascension_mode":true,"campfire_choices":[{"data":"Body Slam","floor":6.0,"key":"SMITH"},{"data":"Clothesline","floor":8.0,"key":"SMITH"},{"data":"Warcry","floor":10.0,"key":"SMITH"},{"data":"True Grit","floor":15.0,"key":"SMITH"},{"data":"Entrench","floor":23,"key":"SMITH"}],"neow_cost":"NONE","seed_source_timestamp":1668184922655563,"circlet_count":0,"master_deck":["AscendersBane","Strike_R","Strike_R","Defend_R","Defend_R","Defend_R","Defend_R","Bash","Body Slam+1","Warcry+1","Clothesline+1","Rampage","Shrug It Off","True Grit+1","Limit Break","Rage","Barricade","Entrench+1","Entrench","Spot Weakness","Shockwave+1"],"special_seed":0,"relics":["Burning Blood","NeowsBlessing","Golden Idol","Lantern","PreservedInsect","Mark of Pain"],"potions_floor_usage":[22,22,24],"damage_taken":[{"damage":0.0,"enemies":"Jaw Worm","floor":1.0,"turns":1.0},{"damage":0.0,"enemies":"Gremlin Nob","floor":7.0,"turns":1.0},{"damage":0.0,"enemies":"Small Slimes","floor":11.0,"turns":1.0},{"damage":0.0,"enemies":"2 Louse","floor":14.0,"turns":2.0},{"damage":46.0,"enemies":"The Guardian","floor":16.0,"turns":13.0},{"damage":31.0,"enemies":"Spheric Guardian","floor":18.0,"turns":7.0},{"damage":19,"enemies":"2 Thieves","floor":22,"turns":5},{"damage":17,"enemies":"Snake Plant","floor":24,"turns":7},{"damage":23,"enemies":"Book of Stabbing","floor":25,"turns":3}],"seed_played":"-5935154879727295551","potions_obtained":[{"floor":1.0,"key":"PowerPotion"},{"floor":11.0,"key":"Swift Potion"},{"floor":14.0,"key":"Explosive Potion"}],"is_trial":false,"path_per_floor":["M","?","$","?","?","R","E","R","T","R","M","?","$","M","R","B",null,"M","$","?","?","M","R","M","E"],"character_chosen":"IRONCLAD","items_purchased":["Warcry","True Grit","Limit Break","Entrench"],"campfire_rested":0,"item_purchase_floors":[3,13,13,19],"current_hp_per_floor":[78,78,78,78,58,58,64,64,64,64,70,70,70,76,76,36,69,44,44,44,44,31,31,20,0],"gold":55,"neow_bonus":"THREE_ENEMY_KILL","is_prod":false,"is_daily":false,"chose_seed":false,"campfire_upgraded":5,"win_rate":0,"timestamp":1548767914,"path_taken":["M","?","$","?","?","R","E","R","T","R","M","?","$","M","R","BOSS","M","$","?","?","M","R","M","E"],"build_version":"2019-01-23","purchased_purges":2,"victory":false,"max_hp_per_floor":[80,80,80,80,80,80,80,80,80,80,80,80,80,80,80,80,80,80,80,80,80,80,80,80,80],"card_choices":[{"not_picked":["Dropkick","Clash"],"picked":"Body Slam","floor":1.0},{"not_picked":["Anger","Pommel Strike"],"picked":"Rampage","floor":7.0},{"not_picked":["Havoc","Feel No Pain"],"picked":"Shrug It Off","floor":11.0},{"not_picked":["Pommel Strike","Heavy Blade"],"picked":"Rage","floor":14.0},{"not_picked":["Limit Break","Berserk"],"picked":"Barricade","floor":16.0},{"not_picked":["Warcry","Thunderclap"],"picked":"Entrench","floor":18.0},{"not_picked":["Warcry+1","Hemokinesis"],"picked":"Spot Weakness","floor":22},{"not_picked":["Cleave","True Grit"],"picked":"Shockwave+1","floor":24}],"player_experience":468695,"relics_obtained":[{"floor":7.0,"key":"Lantern"},{"floor":9.0,"key":"PreservedInsect"}],"event_choices":[{"cards_removed":["Strike_R"],"damage_healed":0.0,"max_hp_gain":0.0,"max_hp_loss":0.0,"gold_gain":0.0,"event_name":"The Cleric","player_choice":"Card Removal","floor":2.0,"gold_loss":50.0,"damage_taken":0.0},{"damage_healed":0.0,"max_hp_gain":0.0,"max_hp_loss":0.0,"gold_gain":0.0,"cards_transformed":["Strike_R"],"event_name":"Living Wall","player_choice":"Change","floor":4.0,"gold_loss":0.0,"damage_taken":0.0,"cards_obtained":["Clothesline"]},{"damage_healed":0.0,"max_hp_gain":0.0,"max_hp_loss":0.0,"gold_gain":0.0,"event_name":"Golden Idol","player_choice":"Take Damage","floor":5.0,"gold_loss":0.0,"damage_taken":20.0,"relics_obtained":["Golden Idol"]},{"damage_healed":0.0,"max_hp_gain":0.0,"max_hp_loss":0.0,"gold_gain":175.0,"event_name":"Liars Game","player_choice":"AGREE","floor":12.0,"gold_loss":0.0,"damage_taken":0.0,"cards_obtained":["Doubt"]},{"damage_healed":0.0,"max_hp_gain":0.0,"max_hp_loss":0.0,"gold_gain":0.0,"event_name":"Beggar","player_choice":"Ignored","floor":20.0,"gold_loss":0.0,"damage_taken":0.0},{"damage_healed":0.0,"max_hp_gain":0.0,"max_hp_loss":0.0,"gold_gain":0.0,"event_name":"Match and Keep!","player_choice":"0 cards matched","floor":21.0,"gold_loss":0.0,"damage_taken":0.0,"cards_obtained":[]}],"is_beta":false,"boss_relics":[{"not_picked":["Busted Crown","Sozu"],"picked":"Mark of Pain"}],"items_purged_floors":[13,19],"is_endless":false,"potions_floor_spawned":[1,11,14,18],"killed_by":"Book of Stabbing","ascension_level":10}