{"gold_per_floor":[115,115,115,133,133,173,173,24,24,24,45,45,45,81,81,81],"floor_reached":16,"playtime":360,"items_purged":[],"score":216,"play_id":"df84210d-8d25-4951-b136-de73fbdd7f43","local_time":"20190512121514","is_ascension_mode":true,"campfire_choices":[{"data":"Neutralize","floor":7,"key":"SMITH"},{"data":"Leg Sweep","floor":12,"key":"SMITH"},{"floor":15,"key":"REST"}],"neow_cost":"NONE","seed_source_timestamp":1355406830568109,"circlet_count":0,"master_deck":["AscendersBane","Defend_G","Defend_G","Defend_G","Defend_G","Defend_G","Strike_G","Strike_G","Strike_G","Strike_G","Survivor","Neutralize+1","Poisoned Stab","Leg Sweep+1","A Thousand Cuts"],"relics":["Ring of the Snake","NeowsBlessing","Golden Idol","Juzu Bracelet","Regal Pillow","Question Card","PreservedInsect","Shuriken"],"potions_floor_usage":[14,16],"damage_taken":[{"damage":0,"enemies":"Cultist","floor":1,"turns":1},{"damage":0,"enemies":"Small Slimes","floor":4,"turns":1},{"damage":0,"enemies":"Lagavulin","floor":6,"turns":1},{"damage":2,"enemies":"Jaw Worm","floor":11,"turns":4},{"damage":29,"enemies":"Gremlin Nob","floor":14,"turns":6},{"damage":46,"enemies":"Slime Boss","floor":16,"turns":9}],"seed_played":"-2046979033939729978","potions_obtained":[{"floor":1,"key":"Block Potion"},{"floor":11,"key":"AttackPotion"}],"is_trial":false,"path_per_floor":["M","?","?","M","?","E","R","$","T","?","M","R","$","E","R","B"],"character_chosen":"THE_SILENT","items_purchased":["Regal Pillow"],"campfire_rested":1,"item_purchase_floors":[8],"current_hp_per_floor":[63,46,46,46,46,46,46,46,46,39,37,37,37,8,44,0],"gold":81,"neow_bonus":"THREE_ENEMY_KILL","is_prod":false,"is_daily":false,"chose_seed":false,"campfire_upgraded":2,"win_rate":0,"timestamp":1557656114,"path_taken":["M","?","?","?","?","E","R","?","T","?","M","R","$","E","R","BOSS"],"build_version":"2019-01-23","purchased_purges":0,"victory":false,"max_hp_per_floor":[70,70,70,70,70,70,70,70,70,70,70,70,70,70,70,70],"card_choices":[{"not_picked":["Blade Dance","Tactician"],"picked":"Poisoned Stab","floor":1},{"not_picked":["Outmaneuver","Distraction","Riddle With Holes"],"picked":"SKIP","floor":4},{"not_picked":["Dagger Throw","Heel Hook","Slice"],"picked":"SKIP","floor":6},{"not_picked":["Dagger Spray","Masterful Stab","Escape Plan"],"picked":"Leg Sweep","floor":11},{"not_picked":["Deflect","Slice","Eviscerate"],"picked":"A Thousand Cuts","floor":14}],"player_experience":572956,"relics_obtained":[{"floor":6,"key":"Juzu Bracelet"},{"floor":9,"key":"Question Card"},{"floor":14,"key":"Shuriken"}],"event_choices":[{"damage_healed":0,"gold_gain":0,"player_choice":"Take Damage","damage_taken":17,"relics_obtained":["Golden Idol"],"max_hp_gain":0,"max_hp_loss":0,"event_name":"Golden Idol","floor":2,"gold_loss":0},{"cards_removed":["Strike_G"],"damage_healed":0,"gold_gain":0,"player_choice":"Purged","damage_taken":0,"max_hp_gain":0,"max_hp_loss":0,"event_name":"Purifier","floor":3,"gold_loss":0},{"damage_healed":0,"gold_gain":0,"player_choice":"Ignored","damage_taken":0,"max_hp_gain":0,"max_hp_loss":0,"event_name":"Liars Game","floor":5,"gold_loss":0},{"damage_healed":0,"gold_gain":0,"player_choice":"Success","damage_taken":7,"relics_obtained":["PreservedInsect"],"max_hp_gain":0,"max_hp_loss":0,"event_name":"Scrap Ooze","floor":10,"gold_loss":0}],"is_beta":false,"boss_relics":[],"items_purged_floors":[],"is_endless":false,"potions_floor_spawned":[1,11],"killed_by":"Slime Boss","ascension_level":13}