{"gold_per_floor":[116,128,128,128,18,18,32,65,92,92,103,103,123,137,137,137],"floor_reached":16,"playtime":568,"items_purged":[],"score":204,"play_id":"73979c8c-87dd-44a6-b64f-2175da3f9ad1","local_time":"20190307153247","is_ascension_mode":true,"campfire_choices":[{"data":"Skewer","floor":6,"key":"SMITH"},{"data":"Neutralize","floor":12,"key":"SMITH"},{"floor":15,"key":"REST"}],"neow_cost":"NONE","seed_source_timestamp":658177721992637,"circlet_count":0,"master_deck":["AscendersBane","Defend_G","Defend_G","Defend_G","Defend_G","Defend_G","Strike_G","Strike_G","Strike_G","Strike_G","Survivor","Neutralize+1","Skewer+1","Caltrops","Cloak And Dagger","Caltrops","Deflect","Predator","Backflip","PiercingWail"],"relics":["Ring of the Snake","NeowsBlessing","Snake Skull","Mercury Hourglass","Omamori","Blue Candle"],"potions_floor_usage":[8,8,16],"damage_taken":[{"damage":0,"enemies":"Small Slimes","floor":1,"turns":1},{"damage":0,"enemies":"2 Louse","floor":2,"turns":1},{"damage":0,"enemies":"Jaw Worm","floor":7,"turns":1},{"damage":6,"enemies":"Lagavulin","floor":8,"turns":6},{"damage":15,"enemies":"Large Slime","floor":11,"turns":4},{"damage":10,"enemies":"Gremlin Gang","floor":13,"turns":4},{"damage":0,"enemies":"2 Fungi Beasts","floor":14,"turns":2},{"damage":35,"enemies":"The Guardian","floor":16,"turns":11}],"seed_played":"-2760388893090333249","potions_obtained":[{"floor":2,"key":"Poison Potion"},{"floor":7,"key":"SkillPotion"},{"floor":14,"key":"AttackPotion"}],"is_trial":false,"path_per_floor":["M","M","?","?","$","R","M","E","T","?","M","R","M","M","R","B"],"character_chosen":"THE_SILENT","items_purchased":["Caltrops","Cloak And Dagger"],"campfire_rested":1,"item_purchase_floors":[5,5],"current_hp_per_floor":[59,59,52,47,47,47,47,41,41,41,26,26,16,16,35,0],"gold":137,"neow_bonus":"THREE_ENEMY_KILL","is_prod":false,"is_daily":false,"chose_seed":false,"campfire_upgraded":2,"win_rate":0,"timestamp":1551940367,"path_taken":["M","M","?","?","$","R","M","E","T","?","?","R","M","M","R","BOSS"],"build_version":"2019-02-06","purchased_purges":0,"victory":false,"max_hp_per_floor":[66,66,66,66,66,66,66,66,66,66,66,66,66,66,66,66],"card_choices":[{"not_picked":["Quick Slash","Infinite Blades"],"picked":"Skewer","floor":1},{"not_picked":["Slice","Blade Dance","Infinite Blades"],"picked":"SKIP","floor":2},{"not_picked":["PiercingWail","Cloak And Dagger"],"picked":"Caltrops","floor":7},{"not_picked":["Blade Dance","All Out Attack"],"picked":"Deflect","floor":8},{"not_picked":["Dodge and Roll","Endless Agony"],"picked":"Predator","floor":11},{"not_picked":["PiercingWail","Accuracy"],"picked":"Backflip","floor":13},{"not_picked":["Quick Slash","Sucker Punch"],"picked":"PiercingWail","floor":14}],"player_experience":2645113,"relics_obtained":[{"floor":8,"key":"Mercury Hourglass"},{"floor":9,"key":"Omamori"}],"event_choices":[{"cards_removed":["Strike_G"],"damage_healed":0,"gold_gain":0,"player_choice":"Card Removal","damage_taken":7,"max_hp_gain":0,"max_hp_loss":0,"event_name":"Golden Wing","floor":3,"gold_loss":0},{"damage_healed":0,"gold_gain":0,"player_choice":"Success","damage_taken":5,"relics_obtained":["Snake Skull"],"max_hp_gain":0,"max_hp_loss":0,"event_name":"Scrap Ooze","floor":4,"gold_loss":0},{"damage_healed":0,"gold_gain":0,"player_choice":"Box","damage_taken":0,"relics_obtained":["Blue Candle"],"max_hp_gain":0,"max_hp_loss":0,"event_name":"Big Fish","floor":10,"gold_loss":0,"cards_obtained":["Regret"]}],"is_beta":true,"boss_relics":[],"items_purged_floors":[],"is_endless":false,"potions_floor_spawned":[2,7,14],"killed_by":"The Guardian","ascension_level":20}