{"gold_per_floor":[111,37,37,37,47,47,65,65,90,101,136,153,153,171,171,268,268,278,278,289,204,127,127,127,127,127,127],"floor_reached":27,"playtime":1966,"items_purged":[],"score":215,"play_id":"cf8c08cd-6192-4d8b-ace4-1b7c5ae878f3","local_time":"20180714222613","is_ascension_mode":false,"campfire_choices":[{"data":"White Noise","floor":6.0,"key":"SMITH"},{"data":"ReplaySort","floor":6.0,"key":"SMITH"},{"data":"Reflective Lens","floor":8.0,"key":"SMITH"},{"data":"Self Repair","floor":8.0,"key":"SMITH"},{"floor":23.0,"key":"REST"},{"floor":25,"key":"REST"}],"neow_cost":"","seed_source_timestamp":6750711808476,"circlet_count":0,"master_deck":["Strike_B","Strike_B","Strike_B","Defend_B","Defend_B","Defend_B","Defend_B","Zap","Dualcast","Undo","Self Repair+1","White Noise+1","Seek","ReplaySort+1","Reflective Lens+1","Chaos","Hello World","Genetic Algorithm","FIFO Queue+1","Multi-Cast","BasicCrystalCard","Panic Button+1","J.A.X."],"special_seed":0,"relics":["Cracked Core","Arrowhead","Pet Ghost","Vajra","Nuclear Battery","Art of War","Shuriken"],"potions_floor_usage":[24],"damage_taken":[{"damage":5.0,"enemies":"Cultist","floor":1.0,"turns":5.0},{"damage":7.0,"enemies":"Small Slimes","floor":5.0,"turns":4.0},{"damage":6.0,"enemies":"Jaw Worm","floor":7.0,"turns":2.0},{"damage":0.0,"enemies":"Blue Slaver","floor":10.0,"turns":4.0},{"damage":33.0,"enemies":"Gremlin Nob","floor":11.0,"turns":5.0},{"damage":16.0,"enemies":"Exordium Wildlife","floor":12.0,"turns":5.0},{"damage":0.0,"enemies":"2 Fungi Beasts","floor":13.0,"turns":2.0},{"damage":4.0,"enemies":"Blue Slaver","floor":14.0,"turns":5.0},{"damage":67.0,"enemies":"The Guardian","floor":16.0,"turns":9.0},{"damage":0.0,"enemies":"Chosen","floor":18.0,"turns":7.0},{"damage":71.0,"enemies":"3 Byrds","floor":20.0,"turns":7.0},{"damage":0,"enemies":"Centurion and Healer","floor":24,"turns":1},{"damage":60,"enemies":"Slavers","floor":27,"turns":8}],"seed_played":"8173421635651680079","potions_obtained":[{"floor":1.0,"key":"Reflective Coating"},{"floor":7.0,"key":"FearPotion"},{"floor":12.0,"key":"SmokeBomb"},{"floor":16.0,"key":"SmokeBomb"},{"floor":20.0,"key":"Elixir"}],"is_trial":false,"path_per_floor":["M","$","?","$","M","R","M","R","T","M","E","M","M","M","R","B",null,"M","?","M","?","?","R","M","R","T"],"character_chosen":"DEFECT","items_purchased":["Self Repair","Venom Potion"],"campfire_rested":2,"item_purchase_floors":[0,2],"current_hp_per_floor":[58,58,58,58,65,65,66,66,66,75,52,46,56,62,75,18,75,75,75,14,14,14,36,36,58,58,0],"gold":127,"neow_bonus":"","is_prod":false,"is_daily":false,"chose_seed":false,"campfire_upgraded":4,"win_rate":0,"timestamp":1531625173,"path_taken":["M","?","?","?","M","R","M","R","T","M","E","?","M","M","R","BOSS","M","?","M","?","?","R","M","R","T","E"],"build_version":"2018-07-12","purchased_purges":0,"victory":false,"max_hp_per_floor":[75,75,75,75,75,75,75,75,75,75,75,75,75,75,75,75,75,75,75,75,75,75,75,75,75,75,75],"card_choices":[{"not_picked":["BasicCrystalCard","Tempest"],"picked":"White Noise","floor":1.0},{"not_picked":["Beam Cell","Leap"],"picked":"ReplaySort","floor":5.0},{"not_picked":["BasicCrystalCard","Leap"],"picked":"Reflective Lens","floor":7.0},{"not_picked":["Redo","Rebound"],"picked":"Chaos","floor":10.0},{"not_picked":["Coolheaded","Beam Cell"],"picked":"Hello World","floor":11.0},{"not_picked":["Rainbow","Recycle"],"picked":"Genetic Algorithm","floor":12.0},{"not_picked":["BasicCrystalCard","Compile Driver"],"picked":"FIFO Queue","floor":14.0},{"not_picked":["Thunder Strike","Core Surge"],"picked":"Multi-Cast","floor":16.0},{"not_picked":["ReplaySort","FTL"],"picked":"BasicCrystalCard","floor":18.0},{"not_picked":["Beam Cell","Redo"],"picked":"Panic Button+1","floor":20.0}],"player_experience":306942,"relics_obtained":[{"floor":9.0,"key":"Pet Ghost"},{"floor":11.0,"key":"Vajra"},{"floor":26,"key":"Shuriken"}],"event_choices":[{"event_name":"Living Wall","player_choice":"Change","floor":3.0,"damage_taken":0.0},{"event_name":"Beggar","player_choice":"Ignored","floor":19.0,"damage_taken":0.0},{"event_name":"Addict","player_choice":"Obtained Relic","floor":21.0,"damage_taken":0.0},{"event_name":"Drug Dealer","player_choice":"Got JAXXED","floor":22.0,"damage_taken":0.0}],"boss_relics":[{"not_picked":["Painkiller Herb","Runic Dome"],"picked":"Nuclear Battery"}],"items_purged_floors":[],"is_endless":false,"potions_floor_spawned":[1,7,12,16,20],"killed_by":"Slavers","ascension_level":0}