{"gold_per_floor":[109,34,109,127,127,127,162,162,162,162,17,35,35,49,49,122,122,135,135,84,95,106,118,118,145,200,214,231,34,34,49,49,49],"floor_reached":33,"playtime":1597,"items_purged":["Strike_R","Strike_R","Strike_R"],"score":441,"play_id":"7489b18a-15da-40ac-b88c-ab62a35e9a0b","local_time":"20190208215150","is_ascension_mode":true,"campfire_choices":[{"data":"Rampage","floor":6.0,"key":"SMITH"},{"floor":8.0,"key":"REST"},{"data":"Bash","floor":10.0,"key":"SMITH"},{"data":"Disarm","floor":15,"key":"SMITH"},{"data":"True Grit","floor":24,"key":"SMITH"},{"floor":30,"key":"REST"},{"floor":32,"key":"REST"}],"neow_cost":"NONE","seed_source_timestamp":2520925557648281,"circlet_count":0,"master_deck":["AscendersBane","Strike_R","Defend_R","Defend_R","Defend_R","Defend_R","Bash+1","Rampage+1","Pommel Strike","Disarm+1","Headbutt","Warcry","Clash","Evolve","Double Tap","Inflame","Shrug It Off","True Grit+1","Shockwave"],"special_seed":0,"relics":["Burning Blood","Ancient Tea Set","Bottled Flame","Kunai","Bird Faced Urn","Velvet Choker","FaceOfCleric","Gambling Chip","PreservedInsect"],"potions_floor_usage":[21,25,27,31,33],"damage_taken":[{"damage":4.0,"enemies":"2 Louse","floor":1.0,"turns":3.0},{"damage":9.0,"enemies":"Jaw Worm","floor":4.0,"turns":3.0},{"damage":28.0,"enemies":"Gremlin Nob","floor":7.0,"turns":4.0},{"damage":0.0,"enemies":"Small Slimes","floor":12.0,"turns":3.0},{"damage":17.0,"enemies":"Exordium Thugs","floor":14.0,"turns":4.0},{"damage":3,"enemies":"The Guardian","floor":16,"turns":10},{"damage":30,"enemies":"Spheric Guardian","floor":18,"turns":5},{"damage":12,"enemies":"3 Byrds","floor":21,"turns":6},{"damage":20,"enemies":"Cultist and Chosen","floor":22,"turns":6},{"damage":15,"enemies":"3 Cultists","floor":23,"turns":6},{"damage":17,"enemies":"Slavers","floor":25,"turns":6},{"damage":14,"enemies":"Snecko","floor":27,"turns":5},{"damage":42,"enemies":"Snake Plant","floor":28,"turns":3},{"damage":34,"enemies":"Sentry and Sphere","floor":31,"turns":6},{"damage":67,"enemies":"Collector","floor":33,"turns":6}],"seed_played":"3587414623635571568","potions_obtained":[{"floor":4.0,"key":"SneckoOil"},{"floor":12.0,"key":"PowerPotion"},{"floor":14.0,"key":"Regen Potion"},{"floor":22,"key":"Energy Potion"},{"floor":25,"key":"BloodPotion"},{"floor":28,"key":"Explosive Potion"}],"is_trial":false,"path_per_floor":["M","$","?","M","?","R","E","R","T","R","$","M","T","M","R","B",null,"M","?","$","M","M","M","R","E","T","M","M","$","R","M","R","B"],"character_chosen":"IRONCLAD","items_purchased":["Warcry","Shrug It Off","BloodPotion"],"campfire_rested":3,"item_purchase_floors":[11,20,29],"current_hp_per_floor":[74,74,63,60,42,42,20,44,44,44,44,50,50,39,39,44,71,47,47,47,61,52,48,48,42,42,45,12,12,37,22,48,0],"gold":49,"neow_bonus":"TRANSFORM_CARD","is_prod":false,"is_daily":false,"chose_seed":false,"campfire_upgraded":4,"win_rate":0,"timestamp":1549630310,"path_taken":["M","$","?","M","?","R","E","R","T","R","$","M","?","M","R","BOSS","M","?","$","M","M","M","R","E","T","M","M","$","R","M","R","BOSS"],"build_version":"2019-01-23","purchased_purges":3,"victory":false,"max_hp_per_floor":[80,80,80,80,80,80,80,80,80,80,80,80,80,80,80,80,80,80,80,80,81,82,83,83,84,84,85,86,86,86,87,87,87],"card_choices":[{"not_picked":["Thunderclap","Cleave"],"picked":"Pommel Strike","floor":1.0},{"not_picked":["Feel No Pain","Rupture"],"picked":"Disarm","floor":4.0},{"not_picked":["Iron Wave","Heavy Blade"],"picked":"Headbutt","floor":7.0},{"not_picked":["Combust","Cleave"],"picked":"Clash","floor":12.0},{"not_picked":["Whirlwind","Power Through"],"picked":"Evolve","floor":14.0},{"not_picked":["Impervious","Dark Embrace"],"picked":"Double Tap","floor":16},{"not_picked":["Seeing Red","Searing Blow"],"picked":"Inflame","floor":18},{"not_picked":["Headbutt","Dual Wield"],"picked":"True Grit","floor":21},{"not_picked":["Wild Strike","Thunderclap"],"picked":"Shockwave","floor":22},{"not_picked":["Sever Soul","Rampage","Uppercut"],"picked":"SKIP","floor":23},{"not_picked":["Fire Breathing","Flex","Armaments"],"picked":"SKIP","floor":25},{"not_picked":["Hemokinesis+1","Feel No Pain","Pummel"],"picked":"SKIP","floor":27},{"not_picked":["Fire Breathing","Metallicize","Hemokinesis+1"],"picked":"SKIP","floor":28},{"not_picked":["Body Slam","Corruption","Thunderclap"],"picked":"SKIP","floor":31}],"player_experience":569792,"relics_obtained":[{"floor":7.0,"key":"Bottled Flame"},{"floor":9.0,"key":"Kunai"},{"floor":13.0,"key":"Bird Faced Urn"},{"floor":25,"key":"Gambling Chip"},{"floor":26,"key":"PreservedInsect"}],"event_choices":[{"damage_healed":0.0,"max_hp_gain":0.0,"max_hp_loss":0.0,"gold_gain":75.0,"event_name":"World of Goop","player_choice":"Gather Gold","floor":3.0,"gold_loss":0.0,"damage_taken":11.0},{"damage_healed":0.0,"max_hp_gain":0.0,"max_hp_loss":0.0,"gold_gain":0.0,"event_name":"Scrap Ooze","player_choice":"Success","floor":5.0,"gold_loss":0.0,"damage_taken":18.0,"relics_obtained":["Ancient Tea Set"]},{"damage_healed":0,"gold_gain":0,"player_choice":"Trade","damage_taken":0,"relics_obtained":["FaceOfCleric"],"max_hp_gain":0,"max_hp_loss":0,"event_name":"FaceTrader","floor":19,"gold_loss":0}],"is_beta":false,"boss_relics":[{"not_picked":["Black Star","Eternal Feather"],"picked":"Velvet Choker"}],"items_purged_floors":[2,11,29],"is_endless":false,"potions_floor_spawned":[4,12,14,22,25,28],"killed_by":"Collector","ascension_level":13}