{"gold_per_floor":[359,359,378,378,396,431,431,460,460,494,512,523,542,558,558,558],"floor_reached":16,"playtime":583,"items_purged":[],"score":248,"play_id":"66501146-900d-4e6d-939b-30c0c40f10ce","local_time":"20190324115958","is_ascension_mode":true,"campfire_choices":[{"floor":7.0,"key":"REST"},{"data":"Self Repair","floor":15,"key":"SMITH"}],"neow_cost":"TEN_PERCENT_HP_LOSS","seed_source_timestamp":0,"circlet_count":0,"master_deck":["AscendersBane","Strike_B","Strike_B","Strike_B","Defend_B","Defend_B","Defend_B","Defend_B","Zap","Dualcast+1","Chill","Biased Cognition","Leap","Ball Lightning","Rebound","Cold Snap","Self Repair+1","Genetic Algorithm","Compile Driver"],"special_seed":0,"relics":["Cracked Core","Bottled Lightning","Mummified Hand"],"potions_floor_usage":[12,16,16],"damage_taken":[{"damage":7.0,"enemies":"Small Slimes","floor":1.0,"turns":3.0},{"damage":4.0,"enemies":"Jaw Worm","floor":3.0,"turns":3.0},{"damage":0.0,"enemies":"Cultist","floor":5.0,"turns":3.0},{"damage":11.0,"enemies":"Gremlin Nob","floor":6.0,"turns":3.0},{"damage":6.0,"enemies":"3 Sentries","floor":8.0,"turns":7.0},{"damage":22.0,"enemies":"Gremlin Nob","floor":10.0,"turns":4.0},{"damage":0,"enemies":"Red Slaver","floor":11,"turns":2},{"damage":7,"enemies":"Large Slime","floor":12,"turns":4},{"damage":0,"enemies":"2 Fungi Beasts","floor":13,"turns":3},{"damage":2,"enemies":"Exordium Thugs","floor":14,"turns":5},{"damage":33,"enemies":"The Guardian","floor":16,"turns":10}],"seed_played":"-4088959108409591584","potions_obtained":[{"floor":3.0,"key":"AttackPotion"},{"floor":5.0,"key":"SkillPotion"},{"floor":10,"key":"Weak Potion"},{"floor":13,"key":"Block Potion"}],"is_trial":false,"path_per_floor":["M","?","M","?","M","E","R","E","T","E","M","M","M","M","R","B"],"character_chosen":"DEFECT","items_purchased":[],"campfire_rested":1,"item_purchase_floors":[],"current_hp_per_floor":[57,57,53,53,53,42,61,55,55,33,33,33,33,38,38,5],"gold":558,"neow_bonus":"TWO_FIFTY_GOLD","is_prod":false,"is_daily":false,"chose_seed":true,"campfire_upgraded":1,"win_rate":0,"timestamp":1553396398,"path_taken":["M","?","M","?","M","E","R","E","T","E","M","M","M","M","R","BOSS"],"build_version":"2019-01-23","purchased_purges":0,"victory":false,"max_hp_per_floor":[64,64,64,64,64,64,64,64,64,64,64,64,64,64,64,64],"card_choices":[{"not_picked":["Steam","Cold Snap"],"picked":"Chill","floor":1.0},{"not_picked":["Sweeping Beam","Gash"],"picked":"Leap","floor":3.0},{"not_picked":["Barrage","Stack"],"picked":"Ball Lightning","floor":5.0},{"not_picked":["Chaos","Go for the Eyes"],"picked":"Rebound","floor":6.0},{"not_picked":["Steam","Rebound"],"picked":"Cold Snap","floor":8.0},{"not_picked":["Chaos","Sweeping Beam","Rebound"],"picked":"SKIP","floor":10},{"not_picked":["Sunder","All For One"],"picked":"Self Repair","floor":11},{"not_picked":["Undo","Force Field"],"picked":"Genetic Algorithm","floor":12},{"not_picked":["Sweeping Beam","Heatsinks","Leap"],"picked":"SKIP","floor":13},{"not_picked":["Redo","Cold Snap"],"picked":"Compile Driver","floor":14}],"player_experience":4609835,"relics_obtained":[{"floor":6.0,"key":"Bottled Lightning"},{"floor":8.0,"key":"Mummified Hand"}],"event_choices":[{"damage_healed":0.0,"max_hp_gain":0.0,"max_hp_loss":0.0,"gold_gain":0.0,"cards_transformed":["Strike_B"],"event_name":"Living Wall","player_choice":"Change","floor":2.0,"gold_loss":0.0,"damage_taken":0.0,"cards_obtained":["Biased Cognition"]},{"damage_healed":0.0,"max_hp_gain":0.0,"max_hp_loss":0.0,"gold_gain":0.0,"event_name":"Upgrade Shrine","player_choice":"Upgraded","floor":4.0,"gold_loss":0.0,"damage_taken":0.0,"cards_upgraded":["Dualcast"]}],"is_beta":false,"boss_relics":[],"items_purged_floors":[],"is_endless":false,"potions_floor_spawned":[3,5,10,13],"killed_by":"The Guardian","ascension_level":20}