{"gold_per_floor":[115,290,36,53,31,56,69,80,80,80,80,94,128,163,163,262,262,275,275,27,46,20,20,295,324,324,355,355,270,282,295,295,397,427,446,464,512,23,23,23,37,37,84,11,28,28,28,28,28,28],"floor_reached":51,"playtime":2405,"items_purged":[],"score":960,"play_id":"7533d7c8-db6c-4eb9-99c7-b1e62b097934","local_time":"20181029105102","is_ascension_mode":true,"campfire_choices":[{"data":"Genetic Algorithm","floor":10.0,"key":"SMITH"},{"data":"Hello World","floor":11.0,"key":"SMITH"},{"floor":15,"key":"REST"},{"data":"Storm","floor":23,"key":"SMITH"},{"floor":28,"key":"REST"},{"floor":32,"key":"REST"},{"floor":40,"key":"REST"},{"data":"Buffer","floor":42,"key":"SMITH"},{"data":"Hello World","floor":47,"key":"SMITH"},{"floor":49,"key":"REST"}],"neow_cost":"NONE","seed_source_timestamp":75496122149739,"circlet_count":0,"master_deck":["Strike_B","Strike_B","Strike_B","Strike_B","Defend_B","Defend_B","Defend_B+1","Defend_B","Zap+1","Dualcast","Genetic Algorithm+1","Doubt","Beam Cell","Conserve Battery","Conserve Battery","Glacier","Hello World+1","Sunder","Defragment","Ball Lightning","Seek","Electrodynamics","Force Field","Storm+1","Cold Snap","Coolheaded+1","Cold Snap","Regret","Loop+1","Barrage","Double Energy+1","Hello World+1","Biased Cognition","Doubt","Parasite","Decay","Streamline","Self Repair","Streamline+1","Hologram","Parasite","Buffer+1","Conserve Battery","Streamline","Turbo+1","Stack+1"],"special_seed":0,"relics":["FrozenCore","NeowsBlessing","War Paint","Mango","WingedGreaves","Symbiotic Virus","Strawberry","DataDisk","Happy Flower","Turnip","Smiling Mask","Regal Pillow","Calling Bell","Tiny Chest","Darkstone Periapt","Dead Branch","Unceasing Top","Cables","ClockworkSouvenir","Pen Nib","Gambling Chip"],"potions_floor_usage":[13,16,16,27,27,30,37,50],"damage_taken":[{"damage":0.0,"enemies":"2 Louse","floor":1.0,"turns":1.0},{"damage":0.0,"enemies":"Small Slimes","floor":4.0,"turns":1.0},{"damage":0.0,"enemies":"Lagavulin","floor":6.0,"turns":1.0},{"damage":0.0,"enemies":"Cultist","floor":7.0,"turns":5.0},{"damage":5.0,"enemies":"3 Louse","floor":8.0,"turns":4.0},{"damage":0.0,"enemies":"Blue Slaver","floor":12.0,"turns":5.0},{"damage":17,"enemies":"Gremlin Nob","floor":13,"turns":4},{"damage":9,"enemies":"Lagavulin","floor":14,"turns":4},{"damage":19,"enemies":"The Guardian","floor":16,"turns":7},{"damage":0,"enemies":"Spheric Guardian","floor":18,"turns":4},{"damage":15,"enemies":"3 Byrds","floor":21,"turns":4},{"damage":15,"enemies":"Gremlin Leader","floor":25,"turns":6},{"damage":10,"enemies":"Book of Stabbing","floor":27,"turns":5},{"damage":19,"enemies":"Snake Plant","floor":30,"turns":4},{"damage":21,"enemies":"Centurion and Healer","floor":31,"turns":4},{"damage":22,"enemies":"Champ","floor":33,"turns":18},{"damage":19,"enemies":"3 Shapes","floor":35,"turns":4},{"damage":37,"enemies":"3 Darklings","floor":36,"turns":5},{"damage":22,"enemies":"2 Orb Walkers","floor":37,"turns":5},{"damage":0,"enemies":"Writhing Mass","floor":41,"turns":4},{"damage":30,"enemies":"Sphere and 2 Shapes","floor":45,"turns":3},{"damage":0,"enemies":"Mind Bloom Boss Battle","floor":46,"turns":5},{"damage":36,"enemies":"Donu and Deca","floor":50,"turns":6}],"seed_played":"-3054617295898852226","potions_obtained":[{"floor":1.0,"key":"GamblersBrew"},{"floor":4.0,"key":"Weak Potion"},{"floor":18,"key":"EssenceOfSteel"},{"floor":21,"key":"Fire Potion"},{"floor":27,"key":"Regen Potion"},{"floor":35,"key":"Regen Potion"},{"floor":46,"key":"PowerPotion"}],"is_trial":false,"path_per_floor":["M","?","$","M","$","E","M","M","T","R","R","M","E","E","R","B",null,"M","?","$","M","$","R","?","E","T","E","R","?","M","M","R","B",null,"M","M","?","$","$","R","M","R","T","$","M","?","R","$","R","B"],"character_chosen":"DEFECT","items_purchased":["War Paint","FocusPotion","Beam Cell","Conserve Battery","DataDisk","Storm","Cold Snap","Cold Snap","Cables","ClockworkSouvenir","Hologram","Conserve Battery","Streamline"],"campfire_rested":5,"item_purchase_floors":[3,3,3,5,20,20,20,22,38,38,38,44,44],"current_hp_per_floor":[75,75,75,75,75,89,89,84,84,84,84,84,67,65,93,74,96,96,77,77,62,62,62,62,47,47,37,67,67,57,36,81,59,101,82,45,44,44,44,89,95,95,95,95,72,79,79,79,107,71],"gold":28,"neow_bonus":"THREE_ENEMY_KILL","is_prod":false,"is_daily":false,"chose_seed":false,"campfire_upgraded":5,"win_rate":0,"timestamp":1540828262,"path_taken":["M","?","$","M","?","E","M","M","T","R","R","M","E","E","R","BOSS","M","?","?","M","$","R","?","E","T","E","R","?","M","M","R","BOSS","M","M","?","?","$","R","M","R","T","$","?","?","R","?","R","BOSS"],"build_version":"2018-10-18","purchased_purges":0,"victory":true,"max_hp_per_floor":[75,75,75,75,75,89,89,89,89,89,89,89,89,96,96,96,96,96,101,101,101,101,101,101,101,101,101,101,101,101,101,101,101,101,101,101,101,101,101,101,107,107,107,107,107,107,107,107,107,107],"card_choices":[{"not_picked":["Sunder","Go for the Eyes"],"picked":"Genetic Algorithm","floor":1.0},{"not_picked":["Barrage","Double Energy"],"picked":"Conserve Battery","floor":4.0},{"not_picked":["Lockon","Cold Snap"],"picked":"Glacier","floor":6.0},{"not_picked":["Compile Driver","Conserve Battery"],"picked":"Hello World","floor":7.0},{"not_picked":["Stack","Beam Cell"],"picked":"Sunder","floor":8.0},{"not_picked":["Rebound","Loop"],"picked":"Defragment","floor":12.0},{"not_picked":["Beam Cell","Compile Driver"],"picked":"Ball Lightning","floor":13},{"not_picked":["Gash","BootSequence"],"picked":"Seek","floor":14},{"not_picked":["Seek","Fission"],"picked":"Electrodynamics","floor":16},{"not_picked":["Rebound","Heatsinks"],"picked":"Force Field","floor":18},{"not_picked":["Compile Driver","Redo"],"picked":"Coolheaded+1","floor":21},{"not_picked":["FTL","Glacier"],"picked":"Loop+1","floor":25},{"not_picked":["Rebound","Stack"],"picked":"Barrage","floor":27},{"not_picked":["Reinforced Body","Tempest+1"],"picked":"Double Energy+1","floor":30},{"not_picked":["Steam","Sweeping Beam+1"],"picked":"Hello World","floor":31},{"not_picked":["Meteor Strike","Hyperbeam"],"picked":"Biased Cognition","floor":33},{"not_picked":["Sunder+1","Coolheaded"],"picked":"Streamline","floor":35},{"not_picked":["Sweeping Beam","Stack"],"picked":"Self Repair","floor":36},{"not_picked":["Steam+1","Stack"],"picked":"Streamline+1","floor":37},{"not_picked":["Ball Lightning","Steam+1"],"picked":"Buffer","floor":41},{"not_picked":["FTL","Compile Driver+1"],"picked":"Turbo+1","floor":45},{"not_picked":["Darkness","Coolheaded"],"picked":"Stack+1","floor":46}],"player_experience":379788,"relics_obtained":[{"floor":6.0,"key":"Mango"},{"floor":9.0,"key":"WingedGreaves"},{"floor":13,"key":"Symbiotic Virus"},{"floor":14,"key":"Strawberry"},{"floor":25,"key":"Happy Flower"},{"floor":26,"key":"Turnip"},{"floor":27,"key":"Smiling Mask"},{"floor":34,"key":"Tiny Chest"},{"floor":34,"key":"Darkstone Periapt"},{"floor":34,"key":"Dead Branch"},{"floor":37,"key":"Unceasing Top"},{"floor":43,"key":"Pen Nib"},{"floor":46,"key":"Gambling Chip"}],"event_choices":[{"damage_healed":0.0,"max_hp_gain":0.0,"max_hp_loss":0.0,"gold_gain":175.0,"event_name":"Liars Game","player_choice":"AGREE","floor":2.0,"gold_loss":0.0,"damage_taken":0.0,"cards_obtained":["Doubt"]},{"damage_healed":0,"gold_gain":0,"player_choice":"Shed Blood","damage_taken":24,"max_hp_gain":5,"max_hp_loss":0,"event_name":"Forgotten Altar","floor":19,"gold_loss":0},{"damage_healed":0,"gold_gain":275,"player_choice":"Desecrate","damage_taken":0,"max_hp_gain":0,"max_hp_loss":0,"event_name":"Golden Shrine","floor":24,"gold_loss":0,"cards_obtained":["Regret"]},{"damage_healed":0,"gold_gain":0,"player_choice":"Obtained Relic","damage_taken":0,"relics_obtained":["Regal Pillow"],"max_hp_gain":0,"max_hp_loss":0,"event_name":"Addict","floor":29,"gold_loss":85},{"damage_healed":0,"gold_gain":0,"player_choice":"Fight","damage_taken":0,"max_hp_gain":0,"max_hp_loss":0,"event_name":"Mysterious Sphere","floor":37,"gold_loss":0},{"damage_healed":0,"gold_gain":0,"player_choice":"Fight","damage_taken":0,"max_hp_gain":0,"max_hp_loss":0,"event_name":"MindBloom","floor":46,"gold_loss":0}],"is_beta":false,"boss_relics":[{"not_picked":["Eternal Feather","Orrery"],"picked":"FrozenCore"},{"not_picked":["Tiny House","Coffee Dripper"],"picked":"Calling Bell"}],"items_purged_floors":[],"is_endless":false,"potions_floor_spawned":[1,4,8,18,21,27,35,46],"ascension_level":1}