{"gold_per_floor":[112,131,142,142,142,142,168,168,168,168,181,201,231,247,247,318,318,336,336,311,329,329,329,360,380,405,436,436,195,195,218,218,292,292,305,305,305,305,325,351,366,366],"floor_reached":42,"playtime":2747,"items_purged":["Strike_R+1"],"score":884,"play_id":"da3f91d5-65a0-4c26-aa50-703469df7131","local_time":"20190519092830","is_ascension_mode":true,"campfire_choices":[{"data":"Bash","floor":6.0,"key":"SMITH"},{"data":"True Grit","floor":8.0,"key":"SMITH"},{"data":"Pommel Strike","floor":10.0,"key":"SMITH"},{"floor":15.0,"key":"DIG"},{"data":"Dual Wield","floor":23.0,"key":"SMITH"},{"floor":28,"key":"DIG"},{"floor":32,"key":"REST"}],"neow_cost":"NONE","seed_source_timestamp":2504620563092,"circlet_count":0,"master_deck":["AscendersBane","Strike_R+1","Strike_R+1","Strike_R+1","Strike_R+1","Defend_R+1","Defend_R+1","Defend_R+1","Defend_R+1","Bash+1","True Grit+1","Dropkick","Pommel Strike+1","Battle Trance","Feel No Pain","Dual Wield+1","Twin Strike","Thunderclap","Feed","Shrug It Off","Seeing Red","Shrug It Off","Limit Break","Dark Shackles","Purity","Flash of Steel","Madness","Madness"],"special_seed":0,"relics":["Burning Blood","Art of War","Anchor","Shuriken","Shovel","Kunai","Sozu","Pantograph","PreservedInsect","Strawberry","Thread and Needle","Ancient Tea Set","MutagenicStrength","Regal Pillow","Fusion Hammer","Meat on the Bone","Smiling Mask"],"potions_floor_usage":[24],"damage_taken":[{"damage":4.0,"enemies":"Small Slimes","floor":1.0,"turns":5.0},{"damage":2.0,"enemies":"2 Louse","floor":2.0,"turns":3.0},{"damage":1.0,"enemies":"Cultist","floor":3.0,"turns":3.0},{"damage":0.0,"enemies":"Large Slime","floor":4.0,"turns":2.0},{"damage":30.0,"enemies":"Gremlin Nob","floor":7.0,"turns":5.0},{"damage":0.0,"enemies":"Blue Slaver","floor":11.0,"turns":3.0},{"damage":6.0,"enemies":"Gremlin Gang","floor":12.0,"turns":5.0},{"damage":9.0,"enemies":"3 Sentries","floor":13.0,"turns":10.0},{"damage":34.0,"enemies":"Exordium Thugs","floor":14.0,"turns":7.0},{"damage":23.0,"enemies":"The Guardian","floor":16.0,"turns":11.0},{"damage":21.0,"enemies":"Chosen","floor":18.0,"turns":4.0},{"damage":8.0,"enemies":"2 Thieves","floor":20.0,"turns":4.0},{"damage":15.0,"enemies":"3 Cultists","floor":21.0,"turns":6.0},{"damage":18,"enemies":"Slavers","floor":24,"turns":6},{"damage":2,"enemies":"Snake Plant","floor":25,"turns":4},{"damage":18,"enemies":"Book of Stabbing","floor":27,"turns":6},{"damage":58,"enemies":"Collector","floor":33,"turns":13},{"damage":0,"enemies":"3 Darklings","floor":35,"turns":6},{"damage":12,"enemies":"Orb Walker","floor":39,"turns":4},{"damage":1,"enemies":"Giant Head","floor":40,"turns":6},{"damage":21,"enemies":"Spire Growth","floor":41,"turns":5},{"damage":60,"enemies":"Nemesis","floor":42,"turns":6}],"seed_played":"2577693668844964889","potions_obtained":[{"floor":2.0,"key":"SkillPotion"},{"floor":3.0,"key":"SmokeBomb"},{"floor":11.0,"key":"Energy Potion"},{"floor":12.0,"key":"FearPotion"},{"floor":13.0,"key":"Dexterity Potion"}],"is_trial":false,"path_per_floor":["M","M","M","M","?","R","E","R","T","R","M","M","E","M","R","B",null,"M","?","M","M","?","R","E","M","T","E","R","$","?","T","R","B",null,"M","?","?","T","M","E","M","E"],"character_chosen":"IRONCLAD","items_purchased":["Ancient Tea Set"],"campfire_rested":1,"item_purchase_floors":[29],"current_hp_per_floor":[70,74,75,75,75,75,51,51,51,51,57,57,54,26,26,9,59,44,59,57,51,51,51,39,43,43,38,38,38,38,38,78,36,75,81,71,55,55,61,66,51,0],"gold":366,"neow_bonus":"RANDOM_COMMON_RELIC","is_prod":false,"is_daily":false,"chose_seed":false,"campfire_upgraded":4,"win_rate":0,"timestamp":1558225710,"path_taken":["M","M","M","M","?","R","E","R","T","R","M","M","E","M","R","BOSS","M","?","M","M","?","R","E","M","T","E","R","$","?","?","R","BOSS","M","?","?","?","M","E","M","E"],"build_version":"2019-05-07","purchased_purges":1,"victory":false,"max_hp_per_floor":[75,75,75,75,75,75,75,75,75,75,75,75,75,75,75,75,75,75,75,75,78,78,78,78,78,78,85,85,85,85,85,85,88,88,88,88,88,88,88,88,88,88],"card_choices":[{"not_picked":["Burning Pact","Heavy Blade"],"picked":"True Grit","floor":1.0},{"not_picked":["Sword Boomerang","Twin Strike"],"picked":"Dropkick","floor":2.0},{"not_picked":["Iron Wave","Cleave"],"picked":"Pommel Strike","floor":3.0},{"not_picked":["Hemokinesis","Sever Soul"],"picked":"Battle Trance","floor":7.0},{"not_picked":["Thunderclap","Headbutt"],"picked":"Feel No Pain","floor":11.0},{"not_picked":["Entrench","Shockwave"],"picked":"Dual Wield","floor":12.0},{"not_picked":["Flex","Body Slam"],"picked":"Twin Strike","floor":13.0},{"not_picked":["Wild Strike","Armaments"],"picked":"Thunderclap","floor":14.0},{"not_picked":["Fiend Fire","Limit Break"],"picked":"Feed","floor":16.0},{"not_picked":["Spot Weakness","Clothesline"],"picked":"Shrug It Off","floor":18.0},{"not_picked":["Perfected Strike","Warcry","Iron Wave"],"picked":"SKIP","floor":20.0},{"not_picked":["Cleave","Warcry"],"picked":"Seeing Red","floor":21.0},{"not_picked":["Carnage+1","Spot Weakness"],"picked":"Shrug It Off","floor":24},{"not_picked":["Perfected Strike","Clash","Body Slam"],"picked":"SKIP","floor":25},{"not_picked":["Dual Wield","Combust+1","Thunderclap+1"],"picked":"SKIP","floor":27},{"not_picked":["Demon Form","Juggernaut"],"picked":"Limit Break","floor":33},{"not_picked":["Wild Strike+1","Anger","Perfected Strike"],"picked":"SKIP","floor":35},{"not_picked":["Deep Breath","Thinking Ahead"],"picked":"Dark Shackles","floor":36},{"not_picked":["Sadistic Nature","Transmutation"],"picked":"Purity","floor":36},{"not_picked":["Secret Weapon","Enlightenment"],"picked":"Flash of Steel","floor":36},{"not_picked":["Clothesline+1","Ghostly Armor","Inflame"],"picked":"SKIP","floor":39},{"not_picked":["Rupture+1","Twin Strike","Headbutt"],"picked":"SKIP","floor":40},{"not_picked":["Shrug It Off","Thunderclap+1","Entrench"],"picked":"SKIP","floor":41}],"player_experience":3283750,"relics_obtained":[{"floor":7.0,"key":"Anchor"},{"floor":9.0,"key":"Shuriken"},{"floor":13.0,"key":"Shovel"},{"floor":15.0,"key":"Kunai"},{"floor":24,"key":"Pantograph"},{"floor":26,"key":"PreservedInsect"},{"floor":27,"key":"Strawberry"},{"floor":28,"key":"Thread and Needle"},{"floor":31,"key":"Regal Pillow"},{"floor":38,"key":"Meat on the Bone"},{"floor":40,"key":"Smiling Mask"}],"event_choices":[{"damage_healed":0.0,"max_hp_gain":0.0,"max_hp_loss":0.0,"gold_gain":0.0,"event_name":"Liars Game","player_choice":"Ignored","floor":5.0,"gold_loss":0.0,"damage_taken":0.0},{"damage_healed":15.0,"max_hp_gain":0.0,"max_hp_loss":0.0,"gold_gain":0.0,"event_name":"The Library","player_choice":"Heal","floor":19.0,"gold_loss":0.0,"damage_taken":0.0},{"damage_healed":0.0,"max_hp_gain":0.0,"max_hp_loss":0.0,"gold_gain":0.0,"event_name":"Back to Basics","player_choice":"Simplicity","floor":22.0,"gold_loss":0.0,"damage_taken":0.0,"cards_upgraded":["Strike_R","Strike_R","Strike_R","Strike_R","Strike_R","Defend_R","Defend_R","Defend_R","Defend_R"]},{"damage_healed":0,"gold_gain":0,"player_choice":"Inject Mutagens","damage_taken":0,"relics_obtained":["MutagenicStrength"],"max_hp_gain":0,"max_hp_loss":0,"event_name":"Drug Dealer","floor":30,"gold_loss":0},{"damage_healed":0,"gold_gain":0,"player_choice":"Memory 3","damage_taken":10,"max_hp_gain":0,"max_hp_loss":0,"event_name":"SensoryStone","floor":36,"gold_loss":0},{"damage_healed":0,"gold_gain":0,"player_choice":"Embrace Madness","damage_taken":16,"max_hp_gain":0,"max_hp_loss":0,"event_name":"Winding Halls","floor":37,"gold_loss":0,"cards_obtained":["Madness","Madness"]}],"is_beta":true,"boss_relics":[{"not_picked":["Busted Crown","Velvet Choker"],"picked":"Sozu"},{"not_picked":["Coffee Dripper","Black Star"],"picked":"Fusion Hammer"}],"items_purged_floors":[29],"is_endless":false,"potions_floor_spawned":[2,3,11,12,13,16,18,24,33,39,41],"killed_by":"Nemesis","ascension_level":17}