{"gold_per_floor":[115,126,142,157,172,172,172,172,222,254,254],"floor_reached":11,"playtime":527,"items_purged":[],"score":150,"play_id":"18453a60-8b59-4618-9ed1-2a117a44f337","local_time":"20190525011556","is_ascension_mode":true,"campfire_choices":[{"data":"Chaos","floor":6,"key":"SMITH"},{"floor":8,"key":"REST"}],"neow_cost":"NONE","seed_source_timestamp":178367564065600,"circlet_count":0,"master_deck":["AscendersBane","Strike_B","Strike_B","Strike_B","Strike_B","Defend_B","Defend_B","Defend_B","Defend_B","Zap","Dualcast","Skim","Streamline","Hologram","Chaos+1","White Noise","Ball Lightning","Sunder"],"relics":["Cracked Core","Bag of Marbles","Ornamental Fan"],"potions_floor_usage":[5,10],"damage_taken":[{"damage":0,"enemies":"Small Slimes","floor":1,"turns":3},{"damage":4,"enemies":"Jaw Worm","floor":2,"turns":4},{"damage":6,"enemies":"Cultist","floor":3,"turns":4},{"damage":3,"enemies":"2 Fungi Beasts","floor":4,"turns":4},{"damage":18,"enemies":"Lots of Slimes","floor":5,"turns":5},{"damage":24,"enemies":"3 Sentries","floor":10,"turns":8},{"damage":35,"enemies":"Gremlin Gang","floor":11,"turns":3}],"seed_played":"-1889342192715871447","potions_obtained":[{"floor":2,"key":"AttackPotion"},{"floor":4,"key":"EssenceOfSteel"}],"is_trial":false,"path_per_floor":["M","M","M","M","M","R","?","R","T","E","M"],"character_chosen":"DEFECT","items_purchased":[],"campfire_rested":1,"item_purchase_floors":[],"current_hp_per_floor":[64,60,54,51,33,33,33,54,54,30,0],"gold":254,"neow_bonus":"THREE_CARDS","is_prod":false,"is_daily":false,"chose_seed":false,"campfire_upgraded":1,"win_rate":0,"timestamp":1558714556,"path_taken":["M","M","M","M","M","R","?","R","T","E","M"],"build_version":"2019-01-23","purchased_purges":0,"victory":false,"max_hp_per_floor":[71,71,71,71,71,71,71,71,71,71,71],"card_choices":[{"not_picked":["Leap","Streamline"],"picked":"Skim","floor":0},{"not_picked":["Sweeping Beam","Ball Lightning"],"picked":"Streamline","floor":1},{"not_picked":["Steam Power","Beam Cell"],"picked":"Hologram","floor":2},{"not_picked":["Blizzard","Go for the Eyes"],"picked":"Chaos","floor":3},{"not_picked":["Coolheaded","Steam"],"picked":"White Noise","floor":4},{"not_picked":["Chill","Hologram"],"picked":"Ball Lightning","floor":5},{"not_picked":["Hello World","Conserve Battery"],"picked":"Sunder","floor":10}],"player_experience":5141612,"relics_obtained":[{"floor":9,"key":"Bag of Marbles"},{"floor":10,"key":"Ornamental Fan"}],"event_choices":[{"damage_healed":0,"gold_gain":0,"player_choice":"Ignored","damage_taken":0,"max_hp_gain":0,"max_hp_loss":0,"event_name":"Liars Game","floor":7,"gold_loss":0}],"is_beta":false,"boss_relics":[],"items_purged_floors":[],"is_endless":false,"potions_floor_spawned":[2,4],"killed_by":"Gremlin Gang","ascension_level":20}