{"gold_per_floor":[212,212,212,236,261,292,292,310,310,310,310,348,19,40,40,40],"floor_reached":16,"playtime":870,"items_purged":[],"score":200,"play_id":"7f8bc44d-d6c1-4665-b1cf-b8839b235152","local_time":"20190318135745","is_ascension_mode":true,"campfire_choices":[{"floor":7,"key":"REST"},{"floor":10,"key":"REST"},{"data":"Skewer","floor":15,"key":"SMITH"}],"neow_cost":"NONE","seed_source_timestamp":1602558174330235,"circlet_count":0,"master_deck":["AscendersBane","Defend_G","Defend_G","Defend_G","Defend_G","Defend_G","Strike_G","Strike_G","Strike_G","Strike_G","Strike_G","Survivor","Neutralize","Endless Agony","Well Laid Plans","Skewer+1","Deadly Poison","Corpse Explosion","Prepared+1","Blade Dance+1"],"relics":["Ring of the Snake","Golden Idol","Pen Nib","Ninja Scroll","GremlinMask","Strawberry","Toxic Egg 2"],"potions_floor_usage":[6,12],"damage_taken":[{"damage":1,"enemies":"Small Slimes","floor":1,"turns":4},{"damage":6,"enemies":"2 Louse","floor":4,"turns":3},{"damage":51,"enemies":"Gremlin Nob","floor":6,"turns":7},{"damage":2,"enemies":"Jaw Worm","floor":8,"turns":4},{"damage":7,"enemies":"Lagavulin","floor":12,"turns":7},{"damage":9,"enemies":"Lots of Slimes","floor":14,"turns":3},{"damage":31,"enemies":"Slime Boss","floor":16,"turns":9}],"seed_played":"1842008511208933703","potions_obtained":[{"floor":1,"key":"SpeedPotion"},{"floor":6,"key":"Dexterity Potion"}],"is_trial":false,"path_per_floor":["M","?","?","M","T","E","R","M","T","R","?","E","$","M","R","B"],"character_chosen":"THE_SILENT","items_purchased":["Toxic Egg 2","Prepared+1"],"campfire_rested":2,"item_purchase_floors":[13,13],"current_hp_per_floor":[58,63,63,57,57,6,25,23,23,42,42,42,42,33,33,2],"gold":40,"neow_bonus":"HUNDRED_GOLD","is_prod":false,"is_daily":false,"chose_seed":false,"campfire_upgraded":1,"win_rate":0,"timestamp":1552885065,"path_taken":["M","?","?","M","?","E","R","?","T","R","?","E","$","M","R","BOSS"],"build_version":"2019-03-15","purchased_purges":0,"victory":false,"max_hp_per_floor":[66,71,64,64,64,64,64,64,64,64,64,71,71,71,71,71],"card_choices":[{"not_picked":["Finisher","Deflect"],"picked":"Endless Agony","floor":1},{"not_picked":["Underhanded Strike","Crippling Poison"],"picked":"Well Laid Plans","floor":4},{"not_picked":["Outmaneuver","Flying Knee"],"picked":"Skewer","floor":6},{"not_picked":["Blade Dance","Acrobatics"],"picked":"Deadly Poison","floor":8},{"not_picked":["Bane","Slice"],"picked":"Corpse Explosion","floor":12},{"not_picked":["Flying Knee","Poisoned Stab"],"picked":"Blade Dance+1","floor":14}],"player_experience":2697488,"relics_obtained":[{"floor":6,"key":"Pen Nib"},{"floor":9,"key":"Ninja Scroll"},{"floor":12,"key":"Strawberry"}],"event_choices":[{"damage_healed":0,"gold_gain":0,"player_choice":"Donut","damage_taken":0,"max_hp_gain":5,"max_hp_loss":0,"event_name":"Big Fish","floor":2,"gold_loss":0},{"damage_healed":0,"gold_gain":0,"player_choice":"Lose Max HP","damage_taken":0,"relics_obtained":["Golden Idol"],"max_hp_gain":0,"max_hp_loss":7,"event_name":"Golden Idol","floor":3,"gold_loss":0},{"damage_healed":0,"gold_gain":0,"player_choice":"Trade","damage_taken":0,"relics_obtained":["GremlinMask"],"max_hp_gain":0,"max_hp_loss":0,"event_name":"FaceTrader","floor":11,"gold_loss":0}],"is_beta":true,"boss_relics":[],"items_purged_floors":[],"is_endless":false,"potions_floor_spawned":[1,6],"killed_by":"Slime Boss","ascension_level":17}