{"gold_per_floor":[110,128,71,84,94,94,122,141,141,175,175,191,222,222,222,318,318,342,356,356,387,42,42,42,42,42,42,42,55,55],"floor_reached":30,"playtime":1964,"items_purged":[],"score":475,"play_id":"e8ac1806-ead3-486f-b403-5652efa66e8f","local_time":"20190523085643","is_ascension_mode":true,"campfire_choices":[{"data":"Poisoned Stab","floor":6.0,"key":"SMITH"},{"floor":11.0,"key":"REST"},{"data":"Neutralize","floor":15.0,"key":"SMITH"},{"floor":23,"key":"REST"},{"data":"Footwork","floor":28,"key":"SMITH"}],"neow_cost":"NONE","seed_source_timestamp":347357425018213,"circlet_count":0,"master_deck":["AscendersBane","Defend_G","Defend_G","Defend_G","Defend_G","Defend_G","Strike_G","Strike_G","Strike_G","Strike_G","Strike_G","Survivor","Neutralize+1","Flying Knee","Leg Sweep","Backstab","Poisoned Stab+1","Adrenaline","PiercingWail","Adrenaline","Leg Sweep","PiercingWail","Wraith Form v2","PiercingWail","Quick Slash","Footwork+1","Writhe"],"special_seed":0,"relics":["Ring of the Snake","Lantern","Ancient Tea Set","Shuriken","Pocketwatch","Golden Idol","Philosopher\u0027s Stone","Red Mask","Bottled Tornado","Happy Flower","Nloth\u0027s Gift","Paper Crane"],"potions_floor_usage":[27,27],"damage_taken":[{"damage":2.0,"enemies":"Small Slimes","floor":1.0,"turns":3.0},{"damage":0.0,"enemies":"2 Louse","floor":2.0,"turns":3.0},{"damage":0.0,"enemies":"Cultist","floor":4.0,"turns":4.0},{"damage":1.0,"enemies":"Large Slime","floor":5.0,"turns":8.0},{"damage":17.0,"enemies":"Lagavulin","floor":7.0,"turns":5.0},{"damage":1.0,"enemies":"2 Fungi Beasts","floor":8.0,"turns":3.0},{"damage":10.0,"enemies":"3 Sentries","floor":10.0,"turns":9.0},{"damage":0.0,"enemies":"Red Slaver","floor":12.0,"turns":2.0},{"damage":27.0,"enemies":"Gremlin Nob","floor":13.0,"turns":5.0},{"damage":13.0,"enemies":"Hexaghost","floor":16.0,"turns":13.0},{"damage":2.0,"enemies":"3 Byrds","floor":18.0,"turns":8.0},{"damage":7.0,"enemies":"Spheric Guardian","floor":19.0,"turns":4.0},{"damage":32.0,"enemies":"Masked Bandits","floor":21.0,"turns":6.0},{"damage":7,"enemies":"3 Cultists","floor":27,"turns":7},{"damage":7,"enemies":"Centurion and Healer","floor":29,"turns":8},{"damage":30,"enemies":"Slavers","floor":30,"turns":3}],"seed_played":"-5554476662208522635","potions_obtained":[{"floor":2.0,"key":"Swift Potion"},{"floor":7.0,"key":"Swift Potion"},{"floor":12.0,"key":"EssenceOfSteel"},{"floor":13.0,"key":"SmokeBomb"},{"floor":21.0,"key":"GamblersBrew"}],"is_trial":false,"path_per_floor":["M","M","$","M","M","R","E","M","T","E","R","M","E","?","R","B",null,"M","M","?","?","$","R","?","?","T","M","R","M","E"],"character_chosen":"THE_SILENT","items_purchased":["FearPotion","Footwork","Bottled Tornado"],"campfire_rested":2,"item_purchase_floors":[3,22,22],"current_hp_per_floor":[57,57,57,57,56,56,39,38,38,28,47,47,20,20,20,7,47,45,38,38,6,6,24,24,24,24,17,17,10,0],"gold":55,"neow_bonus":"RANDOM_COMMON_RELIC","is_prod":false,"is_daily":false,"chose_seed":false,"campfire_upgraded":3,"win_rate":0,"timestamp":1558569403,"path_taken":["M","M","$","M","M","R","E","M","T","E","R","M","E","?","R","BOSS","M","M","?","?","$","R","?","?","T","?","R","M","E"],"build_version":"2019-05-07","purchased_purges":0,"victory":false,"max_hp_per_floor":[66,66,66,66,66,66,66,66,66,66,66,66,66,60,60,60,60,60,60,60,60,60,60,60,60,60,60,60,60,60],"card_choices":[{"not_picked":["Quick Slash","Crippling Poison"],"picked":"Flying Knee","floor":1.0},{"not_picked":["Poisoned Stab","Bane"],"picked":"Leg Sweep","floor":2.0},{"not_picked":["Underhanded Strike","Flying Knee"],"picked":"Backstab","floor":4.0},{"not_picked":["Sucker Punch","Dodge and Roll"],"picked":"Poisoned Stab","floor":5.0},{"not_picked":["Flying Knee","Slice"],"picked":"Adrenaline","floor":7.0},{"not_picked":["Blade Dance","Flying Knee"],"picked":"PiercingWail","floor":8.0},{"not_picked":["Escape Plan","Deadly Poison"],"picked":"Adrenaline","floor":10.0},{"not_picked":["Poisoned Stab","Sucker Punch"],"picked":"Leg Sweep","floor":12.0},{"not_picked":["Reflex","Crippling Poison"],"picked":"PiercingWail","floor":13.0},{"not_picked":["Unload","Die Die Die"],"picked":"Wraith Form v2","floor":16.0},{"not_picked":["Slice","Prepared"],"picked":"PiercingWail","floor":18.0},{"not_picked":["All Out Attack","Bane","Masterful Stab"],"picked":"SKIP","floor":19.0},{"not_picked":["Underhanded Strike","Poisoned Stab"],"picked":"Quick Slash","floor":21.0},{"not_picked":["Grand Finale","Choke","Slice"],"picked":"SKIP","floor":29}],"player_experience":3314684,"relics_obtained":[{"floor":7.0,"key":"Ancient Tea Set"},{"floor":9.0,"key":"Shuriken"},{"floor":10.0,"key":"Centennial Puzzle"},{"floor":13.0,"key":"Pocketwatch"},{"floor":21.0,"key":"Red Mask"},{"floor":26,"key":"Paper Crane"}],"event_choices":[{"damage_healed":0.0,"max_hp_gain":0.0,"max_hp_loss":6.0,"gold_gain":0.0,"event_name":"Golden Idol","player_choice":"Lose Max HP","floor":14.0,"gold_loss":0.0,"damage_taken":0.0,"relics_obtained":["Golden Idol"]},{"damage_healed":0.0,"max_hp_gain":0.0,"max_hp_loss":0.0,"gold_gain":0.0,"event_name":"Ghosts","player_choice":"Ignored","floor":20.0,"gold_loss":0.0,"damage_taken":0.0},{"damage_healed":0.0,"max_hp_gain":0.0,"max_hp_loss":0.0,"gold_gain":0.0,"event_name":"Masked Bandits","player_choice":"Fought Bandits","floor":21.0,"gold_loss":0.0,"damage_taken":0.0},{"damage_healed":0,"gold_gain":0,"player_choice":"Opened","damage_taken":0,"relics_obtained":["Happy Flower"],"max_hp_gain":0,"max_hp_loss":0,"event_name":"The Mausoleum","floor":24,"gold_loss":0,"cards_obtained":["Writhe"]},{"damage_healed":0,"gold_gain":0,"player_choice":"Traded Relic","damage_taken":0,"relics_obtained":["Nloth\u0027s Gift"],"max_hp_gain":0,"max_hp_loss":0,"event_name":"N\u0027loth","floor":25,"relics_lost":["Centennial Puzzle"],"gold_loss":0}],"is_beta":true,"boss_relics":[{"not_picked":["HoveringKite","Busted Crown"],"picked":"Philosopher\u0027s Stone"}],"items_purged_floors":[],"is_endless":false,"potions_floor_spawned":[2,7,12,13,21],"killed_by":"Slavers","ascension_level":18}