{"gold_per_floor":[113,132,148,160,176,203,203,237,237,237],"floor_reached":10,"playtime":187,"items_purged":[],"score":160,"play_id":"49d5d9ff-5301-4301-832a-d2ad30da88ff","local_time":"20190302015858","is_ascension_mode":true,"campfire_choices":[{"floor":7,"key":"REST"}],"neow_cost":"NONE","seed_source_timestamp":1338631221362100,"circlet_count":0,"master_deck":["AscendersBane","Strike_B","Strike_B","Strike_B","Strike_B","Defend_B","Defend_B","Defend_B","Defend_B","Zap","Dualcast","Leap","Consume","Ball Lightning","Tempest","Sunder","Coolheaded","Doom and Gloom"],"relics":["Cracked Core","NeowsBlessing","Potion Belt","Bottled Lightning","Incense Burner"],"potions_floor_usage":[],"damage_taken":[{"damage":0,"enemies":"Cultist","floor":1,"turns":1},{"damage":0,"enemies":"Small Slimes","floor":2,"turns":1},{"damage":0,"enemies":"Jaw Worm","floor":3,"turns":1},{"damage":13,"enemies":"Exordium Wildlife","floor":4,"turns":3},{"damage":6,"enemies":"Looter","floor":5,"turns":3},{"damage":26,"enemies":"Lagavulin","floor":6,"turns":7},{"damage":36,"enemies":"Gremlin Nob","floor":8,"turns":4},{"damage":0,"enemies":"2 Fungi Beasts","floor":10,"turns":2}],"seed_played":"-7733619945250054557","potions_obtained":[{"floor":3,"key":"SteroidPotion"},{"floor":8,"key":"Poison Potion"}],"is_trial":false,"path_per_floor":["M","M","M","M","M","E","R","E","T","M"],"character_chosen":"DEFECT","items_purchased":[],"campfire_rested":1,"item_purchase_floors":[],"current_hp_per_floor":[64,64,64,51,45,19,40,4,4,4],"gold":237,"neow_bonus":"THREE_ENEMY_KILL","is_prod":false,"is_daily":false,"chose_seed":false,"campfire_upgraded":0,"win_rate":0,"timestamp":1551459538,"path_taken":["M","?","?","?","M","E","R","E","T","M"],"build_version":"2019-01-23","purchased_purges":0,"victory":false,"max_hp_per_floor":[71,71,71,71,71,71,71,71,71,71],"card_choices":[{"not_picked":["Hologram","Storm"],"picked":"Leap","floor":1},{"not_picked":["Gash","Rebound"],"picked":"Consume","floor":2},{"not_picked":["Rip and Tear","Redo"],"picked":"Ball Lightning","floor":3},{"not_picked":["Force Field","Go for the Eyes"],"picked":"Tempest","floor":4},{"not_picked":["Scrape","Redo"],"picked":"Sunder","floor":5},{"not_picked":["Storm","Turbo"],"picked":"Coolheaded","floor":6},{"not_picked":["Recycle","Consume"],"picked":"Doom and Gloom","floor":8}],"player_experience":4445591,"relics_obtained":[{"floor":6,"key":"Potion Belt"},{"floor":8,"key":"Bottled Lightning"},{"floor":9,"key":"Incense Burner"}],"event_choices":[],"is_beta":false,"boss_relics":[],"items_purged_floors":[],"is_endless":false,"potions_floor_spawned":[3,8],"killed_by":"2 Fungi Beasts","ascension_level":20}