{"gold_per_floor":[110,110,0,30,43,69,120,120,145,145,173,197,209,232,244,256],"floor_reached":16,"playtime":602,"items_purged":[],"score":233,"play_id":"bd5d5916-338d-4d30-bba6-07860949b4da","local_time":"20190512160124","is_ascension_mode":true,"campfire_choices":[{"data":"Corruption","floor":10,"key":"SMITH"},{"floor":13,"key":"REST"},{"floor":15,"key":"REST"}],"neow_cost":"NONE","seed_source_timestamp":2672882567964285,"circlet_count":0,"master_deck":["AscendersBane","Strike_R","Strike_R","Strike_R","Strike_R","Strike_R","Defend_R","Defend_R+1","Defend_R+1","Defend_R","Bash","Armaments","Corruption+1","Infernal Blade","Sentinel","Shrug It Off","Burning Pact","Fiend Fire","Uppercut"],"relics":["Burning Blood","NeowsBlessing","Tiny Chest","War Paint","Boot","Happy Flower","MawBank"],"potions_floor_usage":[],"damage_taken":[{"damage":0,"enemies":"Jaw Worm","floor":1,"turns":1},{"damage":0,"enemies":"Small Slimes","floor":5,"turns":1},{"damage":0,"enemies":"3 Sentries","floor":6,"turns":2},{"damage":50,"enemies":"Gremlin Nob","floor":11,"turns":5},{"damage":0,"enemies":"2 Louse","floor":12,"turns":2},{"damage":2,"enemies":"Looter","floor":14,"turns":4},{"damage":75,"enemies":"The Guardian","floor":16,"turns":9}],"seed_played":"1892960421952642144","potions_obtained":[{"floor":14,"key":"Energy Potion"}],"is_trial":false,"path_per_floor":["M","?","$","?","M","E","T","?","T","R","E","M","R","M","R","B"],"character_chosen":"IRONCLAD","items_purchased":["Corruption","Infernal Blade"],"campfire_rested":2,"item_purchase_floors":[3,3],"current_hp_per_floor":[74,74,74,48,54,60,60,60,60,60,16,22,44,48,70,0],"gold":256,"neow_bonus":"THREE_ENEMY_KILL","is_prod":false,"is_daily":false,"chose_seed":false,"campfire_upgraded":1,"win_rate":0,"timestamp":1557666084,"path_taken":["M","?","$","?","M","E","?","?","T","R","E","M","R","M","R","BOSS"],"build_version":"2019-01-23","purchased_purges":0,"victory":false,"max_hp_per_floor":[75,75,75,75,75,75,75,75,75,75,75,75,75,75,75,75],"card_choices":[{"not_picked":["True Grit","Combust"],"picked":"Armaments","floor":1},{"not_picked":["Headbutt","Pommel Strike"],"picked":"Sentinel","floor":5},{"not_picked":["Warcry","Thunderclap"],"picked":"Shrug It Off","floor":6},{"not_picked":["Ghostly Armor","Twin Strike"],"picked":"Burning Pact","floor":11},{"not_picked":["Iron Wave","Fire Breathing"],"picked":"Fiend Fire","floor":12},{"not_picked":["Clash","Armaments"],"picked":"Uppercut","floor":14}],"player_experience":1344381,"relics_obtained":[{"floor":6,"key":"War Paint"},{"floor":7,"key":"Boot"},{"floor":9,"key":"Happy Flower"},{"floor":11,"key":"MawBank"}],"event_choices":[{"damage_healed":0,"gold_gain":0,"player_choice":"Leave","damage_taken":0,"max_hp_gain":0,"max_hp_loss":0,"event_name":"The Cleric","floor":2,"gold_loss":0},{"damage_healed":0,"gold_gain":0,"player_choice":"Success","damage_taken":26,"relics_obtained":["Tiny Chest"],"max_hp_gain":0,"max_hp_loss":0,"event_name":"Scrap Ooze","floor":4,"gold_loss":0},{"damage_healed":0,"gold_gain":0,"player_choice":"Ignored","damage_taken":0,"max_hp_gain":0,"max_hp_loss":0,"event_name":"Shining Light","floor":8,"gold_loss":0}],"is_beta":false,"boss_relics":[],"items_purged_floors":[],"is_endless":false,"potions_floor_spawned":[14],"killed_by":"The Guardian","ascension_level":15}