{"gold_per_floor":[114,114,114,128,35,67,67,101,124,158,158,158,169,30,30,30],"floor_reached":16,"playtime":503,"items_purged":["Strike_B"],"score":183,"play_id":"b4a84830-1116-4920-98a6-0bdd15fe7c9e","local_time":"20190106142721","is_ascension_mode":true,"campfire_choices":[{"data":"Double Energy","floor":7,"key":"SMITH"},{"data":"Double Energy","floor":12,"key":"SMITH"},{"data":"Zap","floor":15,"key":"SMITH"}],"neow_cost":"NONE","seed_source_timestamp":1271156412977601,"circlet_count":0,"master_deck":["Strike_B+1","Defend_B","Defend_B","Defend_B","Defend_B+1","Zap+1","Dualcast","Double Energy+1","Conserve Battery","Double Energy+1","Sunder","Redo","Redo","Buffer","Conserve Battery","Capacitor","Sweeping Beam","Genetic Algorithm","Streamline"],"relics":["Cracked Core","NeowsBlessing","Oddly Smooth Stone","Ginger","Smiling Mask","Strawberry"],"potions_floor_usage":[10,16],"damage_taken":[{"damage":0,"enemies":"Cultist","floor":1,"turns":1},{"damage":0,"enemies":"2 Louse","floor":4,"turns":1},{"damage":0,"enemies":"Lagavulin","floor":6,"turns":1},{"damage":12,"enemies":"3 Sentries","floor":8,"turns":7},{"damage":7,"enemies":"Lagavulin","floor":10,"turns":5},{"damage":2,"enemies":"Small Slimes","floor":13,"turns":3},{"damage":50,"enemies":"Slime Boss","floor":16,"turns":8}],"seed_played":"8396454361515261037","potions_obtained":[{"floor":1,"key":"Energy Potion"},{"floor":6,"key":"SmokeBomb"},{"floor":13,"key":"FearPotion"}],"is_trial":false,"path_per_floor":["M","?","?","M","$","E","R","E","T","E","?","R","M","$","R","B"],"character_chosen":"DEFECT","items_purchased":["Sunder","Redo","Genetic Algorithm","Streamline"],"campfire_rested":0,"item_purchase_floors":[5,5,14,14],"current_hp_per_floor":[68,53,53,53,53,53,53,41,41,41,41,41,39,39,39,0],"gold":30,"neow_bonus":"THREE_ENEMY_KILL","is_prod":false,"is_daily":false,"chose_seed":false,"campfire_upgraded":3,"win_rate":0,"timestamp":1546752441,"path_taken":["M","?","?","?","$","E","R","E","T","E","?","R","M","$","R","BOSS"],"build_version":"2019-01-03v4","purchased_purges":1,"victory":false,"max_hp_per_floor":[75,75,75,75,75,75,75,75,75,82,82,82,82,82,82,82],"card_choices":[{"not_picked":["Streamline","Capacitor"],"picked":"Double Energy","floor":1},{"not_picked":["Compile Driver","Blizzard"],"picked":"Double Energy","floor":4},{"not_picked":["Hologram","Go for the Eyes"],"picked":"Redo","floor":6},{"not_picked":["Steam","Chill"],"picked":"Buffer","floor":8},{"not_picked":["Leap","Reboot"],"picked":"Conserve Battery","floor":10},{"not_picked":["Steam Power","Redo"],"picked":"Sweeping Beam","floor":13}],"player_experience":319500,"relics_obtained":[{"floor":6,"key":"Oddly Smooth Stone"},{"floor":8,"key":"Ginger"},{"floor":9,"key":"Smiling Mask"},{"floor":10,"key":"Strawberry"}],"event_choices":[{"damage_healed":0,"gold_gain":0,"player_choice":"Entered Light","damage_taken":15,"max_hp_gain":0,"max_hp_loss":0,"event_name":"Shining Light","floor":2,"gold_loss":0,"cards_upgraded":["Strike_B","Defend_B"]},{"damage_healed":0,"gold_gain":0,"cards_transformed":["Strike_B"],"player_choice":"Transformed","damage_taken":0,"max_hp_gain":0,"max_hp_loss":0,"event_name":"Transmorgrifier","floor":3,"gold_loss":0,"cards_obtained":["Conserve Battery"]},{"damage_healed":0,"gold_gain":0,"cards_transformed":["Strike_B"],"player_choice":"Change","damage_taken":0,"max_hp_gain":0,"max_hp_loss":0,"event_name":"Living Wall","floor":11,"gold_loss":0,"cards_obtained":["Capacitor"]}],"is_beta":false,"boss_relics":[],"items_purged_floors":[14],"is_endless":false,"potions_floor_spawned":[1,6,13],"killed_by":"Slime Boss","ascension_level":6}