{"gold_per_floor":[11,31,31,65,65,65,92,17,41,41,57,115,115,146,146,217,217,189,203,203,203,203,231,249,249,298,298,352,352,372,85,85,159,159,179,79,0,0,12,12,12,89,89,128,144,163,188,206,206,246,246,246,33,67,67],"floor_reached":55,"playtime":8671,"items_purged":["Strike_G","Decay","Magnetism+1"],"score":1349,"play_id":"c8f8393f-4cd9-401d-9a95-9a8afde73726","local_time":"20190416054305","is_ascension_mode":true,"campfire_choices":[{"data":"Magnetism","floor":6.0,"key":"SMITH"},{"floor":10.0,"key":"REST"},{"floor":13.0,"key":"REST"},{"data":"Skewer","floor":15.0,"key":"SMITH"},{"data":"Burst","floor":25.0,"key":"SMITH"},{"floor":27.0,"key":"REST"},{"data":"Footwork","floor":29.0,"key":"SMITH"},{"floor":32.0,"key":"REST"},{"floor":41.0,"key":"RECALL"},{"floor":49,"key":"REST"},{"floor":52,"key":"REST"}],"neow_cost":"NO_GOLD","seed_source_timestamp":300780280681009,"circlet_count":0,"master_deck":["AscendersBane","Defend_G+1","Defend_G+1","Defend_G+1","Defend_G+1","Strike_G+1","Strike_G+1","Strike_G+1","Survivor+1","Neutralize+1","Secret Technique+1","Sucker Punch+1","Backflip+1","Skewer+1","Die Die Die+1","Cloak And Dagger+1","Blur+1","Burst+1","Expertise+1","Footwork+1","Well Laid Plans+1","Backflip+1","Deflect+1","Madness+1","Magnetism+1","Bullet Time+1","Calculated Gamble+1","Caltrops+1","PiercingWail+1","Night Terror","Caltrops"],"special_seed":0,"relics":["Ring of the Snake","Oddly Smooth Stone","Anchor","Gambling Chip","Sozu","Dream Catcher","Cursed Key","Red Mask","Mark of the Bloom","Pantograph"],"potions_floor_usage":[],"damage_taken":[{"damage":1.0,"enemies":"Cultist","floor":1.0,"turns":4.0},{"damage":3.0,"enemies":"Small Slimes","floor":2.0,"turns":5.0},{"damage":17.0,"enemies":"Jaw Worm","floor":4.0,"turns":4.0},{"damage":23.0,"enemies":"Lagavulin","floor":7.0,"turns":10.0},{"damage":0.0,"enemies":"Exordium Wildlife","floor":11.0,"turns":3.0},{"damage":0.0,"enemies":"3 Louse","floor":12.0,"turns":4.0},{"damage":8.0,"enemies":"3 Sentries","floor":14.0,"turns":6.0},{"damage":7.0,"enemies":"Slime Boss","floor":16.0,"turns":10.0},{"damage":8.0,"enemies":"2 Thieves","floor":18.0,"turns":5.0},{"damage":2.0,"enemies":"Chosen","floor":19.0,"turns":6.0},{"damage":20.0,"enemies":"Slavers","floor":23.0,"turns":7.0},{"damage":8.0,"enemies":"Snecko","floor":24.0,"turns":6.0},{"damage":10.0,"enemies":"3 Cultists","floor":28.0,"turns":6.0},{"damage":6.0,"enemies":"Chosen and Byrds","floor":30.0,"turns":11.0},{"damage":41.0,"enemies":"Collector","floor":33.0,"turns":12.0},{"damage":0.0,"enemies":"Orb Walker","floor":35.0,"turns":5.0},{"damage":2.0,"enemies":"3 Darklings","floor":39.0,"turns":7.0},{"damage":0.0,"enemies":"Jaw Worm Horde","floor":42.0,"turns":6.0},{"damage":0,"enemies":"4 Shapes","floor":44,"turns":5},{"damage":0,"enemies":"Sphere and 2 Shapes","floor":45,"turns":4},{"damage":2,"enemies":"3 Darklings","floor":46,"turns":5},{"damage":0,"enemies":"Giant Head","floor":47,"turns":12},{"damage":0,"enemies":"Writhing Mass","floor":48,"turns":9},{"damage":2,"enemies":"Donu and Deca","floor":50,"turns":20},{"damage":26,"enemies":"Shield and Spear","floor":54,"turns":21},{"damage":25,"enemies":"The Heart","floor":55,"turns":15}],"seed_played":"2842508716697961450","potions_obtained":[{"floor":1.0,"key":"Ancient Potion"},{"floor":7.0,"key":"Poison Potion"},{"floor":12.0,"key":"EntropicBrew"}],"is_trial":false,"path_per_floor":["M","M","$","M","?","R","E","$","T","R","M","M","R","E","R","B",null,"M","M","?","?","?","E","M","R","T","R","M","R","M","$","R","B",null,"M","$","?","?","M","?","R","M","T","M","M","M","E","M","R","B",null,"R","$","E","B"],"character_chosen":"THE_SILENT","items_purchased":["Madness","Magnetism","Caltrops"],"campfire_rested":6,"item_purchase_floors":[31,31,53],"current_hp_per_floor":[58,55,55,38,38,38,15,15,15,34,34,34,53,45,45,38,59,51,49,49,49,49,29,21,21,21,40,30,30,24,24,43,2,50,50,50,50,50,48,48,48,48,48,48,48,46,46,46,46,44,44,44,44,18,0],"gold":67,"neow_bonus":"RANDOM_COLORLESS_2","is_prod":false,"is_daily":false,"chose_seed":false,"campfire_upgraded":4,"win_rate":0,"timestamp":1555360985,"path_taken":["M","M","?","M","?","R","E","$","T","R","?","M","R","E","R","BOSS","M","M","?","?","?","E","?","R","T","R","M","R","M","$","R","BOSS","M","$","?","?","M","?","R","M","T","M","M","M","E","M","R","BOSS","R","$","E","BOSS"],"build_version":"2019-04-04","purchased_purges":3,"victory":false,"max_hp_per_floor":[66,66,66,66,66,66,66,66,66,66,66,66,66,66,66,66,66,66,66,66,66,66,66,66,66,66,66,66,66,66,66,66,66,66,66,66,66,66,66,66,66,66,66,66,66,66,66,66,66,66,66,66,66,66,66],"card_choices":[{"not_picked":["Acrobatics","Blade Dance"],"picked":"Sucker Punch","floor":1.0},{"not_picked":["Quick Slash","Blade Dance"],"picked":"Backflip","floor":2.0},{"not_picked":["Cloak And Dagger","Quick Slash"],"picked":"Skewer","floor":4.0},{"not_picked":["Prepared","Riddle With Holes"],"picked":"Die Die Die","floor":7.0},{"not_picked":["Slice","Riddle With Holes","Bane"],"picked":"SKIP","floor":11.0},{"not_picked":["Endless Agony","Underhanded Strike"],"picked":"Cloak And Dagger","floor":12.0},{"not_picked":["Skewer","Dagger Spray"],"picked":"Blur","floor":14.0},{"not_picked":["Glass Knife","Tools of the Trade"],"picked":"Burst","floor":16.0},{"not_picked":["Outmaneuver","Sucker Punch"],"picked":"Expertise+1","floor":18.0},{"not_picked":["Sucker Punch","Bane","Poisoned Stab"],"picked":"SKIP","floor":19.0},{"not_picked":["Leg Sweep","Sucker Punch"],"picked":"Well Laid Plans","floor":23.0},{"not_picked":["Reflex","Heel Hook"],"picked":"Backflip","floor":24.0},{"not_picked":["Flying Knee","Bane"],"picked":"Deflect","floor":28.0},{"not_picked":["Bane+1","Prepared","Eviscerate"],"picked":"SKIP","floor":30.0},{"not_picked":["Storm of Steel","Glass Knife"],"picked":"Bullet Time","floor":33.0},{"not_picked":["Dodge and Roll","Flying Knee"],"picked":"Calculated Gamble+1","floor":35.0},{"not_picked":["Acrobatics","Well Laid Plans"],"picked":"Caltrops+1","floor":39.0},{"not_picked":["Finisher","Dagger Throw+1","Deflect+1"],"picked":"SKIP","floor":42.0},{"not_picked":["Cloak And Dagger+1","Deadly Poison","Acrobatics"],"picked":"SKIP","floor":44},{"not_picked":["Finisher","Blade Dance"],"picked":"PiercingWail+1","floor":45},{"not_picked":["Skewer","Slice+1","Flying Knee"],"picked":"SKIP","floor":46},{"not_picked":["Slice","Concentrate"],"picked":"Night Terror","floor":47},{"not_picked":["Poisoned Stab+1","Flying Knee","Catalyst"],"picked":"SKIP","floor":48},{"not_picked":["Cloak And Dagger","Escape Plan","Acrobatics+1"],"picked":"SKIP","floor":54}],"player_experience":2962328,"relics_obtained":[{"floor":7.0,"key":"Oddly Smooth Stone"},{"floor":9.0,"key":"Anchor"},{"floor":14.0,"key":"Gambling Chip"},{"floor":23.0,"key":"Dream Catcher"},{"floor":54,"key":"Pantograph"}],"event_choices":[{"cards_removed":["Strike_G"],"damage_healed":0.0,"max_hp_gain":0.0,"max_hp_loss":0.0,"gold_gain":0.0,"event_name":"Purifier","player_choice":"Purged","floor":5.0,"gold_loss":0.0,"damage_taken":0.0},{"damage_healed":0.0,"max_hp_gain":0.0,"max_hp_loss":0.0,"gold_gain":0.0,"event_name":"The Library","player_choice":"Read","floor":20.0,"gold_loss":0.0,"damage_taken":0.0,"cards_obtained":["Footwork"]},{"damage_healed":0.0,"max_hp_gain":0.0,"max_hp_loss":0.0,"gold_gain":0.0,"event_name":"Vampires","player_choice":"Ignored","floor":21.0,"gold_loss":0.0,"damage_taken":0.0},{"damage_healed":0.0,"max_hp_gain":0.0,"max_hp_loss":0.0,"gold_gain":0.0,"event_name":"Forgotten Altar","player_choice":"Smashed Altar","floor":22.0,"gold_loss":0.0,"damage_taken":0.0,"cards_obtained":["Decay"]},{"damage_healed":0.0,"max_hp_gain":0.0,"max_hp_loss":0.0,"gold_gain":0.0,"event_name":"Tomb of Lord Red Mask","player_choice":"Paid","floor":37.0,"gold_loss":79.0,"damage_taken":0.0,"relics_obtained":["Red Mask"]},{"cards_removed":["Defend_G"],"damage_healed":0.0,"max_hp_gain":0.0,"max_hp_loss":0.0,"gold_gain":0.0,"event_name":"Falling","player_choice":"Removed Skill","floor":38.0,"gold_loss":0.0,"damage_taken":0.0},{"damage_healed":0.0,"max_hp_gain":0.0,"max_hp_loss":0.0,"gold_gain":0.0,"event_name":"MindBloom","player_choice":"Upgrade","floor":40.0,"gold_loss":0.0,"damage_taken":0.0,"cards_upgraded":["Defend_G","Defend_G","Defend_G","Defend_G","Strike_G","Strike_G","Strike_G","Survivor","Neutralize","Secret Technique","Sucker Punch","Backflip","Die Die Die","Cloak And Dagger","Blur","Well Laid Plans","Backflip","Deflect","Madness","Magnetism","Bullet Time"],"relics_obtained":["Mark of the Bloom"]}],"is_beta":true,"boss_relics":[{"not_picked":["Philosopher\u0027s Stone","Snecko Eye"],"picked":"Sozu"},{"not_picked":["Velvet Choker","Lizard Tail"],"picked":"Cursed Key"}],"items_purged_floors":[8,36,53],"is_endless":false,"potions_floor_spawned":[1,7,12,18,23,28,30,39,44,45,47,54],"killed_by":"The Heart","ascension_level":17}