{"gold_per_floor":[368,380,26,40,54,54,54,54,101,26,61,61,73,131,131,204,204,124,124,124,124,124,124,124,124,124,124,124,22,22,22,22,22],"floor_reached":33,"playtime":1847,"items_purged":["Normality"],"score":475,"play_id":"72f8bb69-41f0-49d1-ae7f-2e10392e645d","local_time":"20190515092537","is_ascension_mode":true,"campfire_choices":[{"data":"Footwork","floor":6.0,"key":"SMITH"},{"floor":8.0,"key":"REST"},{"data":"A Thousand Cuts","floor":12.0,"key":"SMITH"},{"data":"Neutralize","floor":15.0,"key":"SMITH"},{"data":"Dagger Spray","floor":23.0,"key":"SMITH"},{"floor":25.0,"key":"REST"},{"data":"Caltrops","floor":28.0,"key":"SMITH"},{"data":"Survivor","floor":30.0,"key":"SMITH"},{"data":"All Out Attack","floor":32.0,"key":"SMITH"}],"neow_cost":"CURSE","seed_source_timestamp":1613573230873638,"circlet_count":0,"master_deck":["AscendersBane","Defend_G","Defend_G","Defend_G","Defend_G","Defend_G","Strike_G","Strike_G","Strike_G","Survivor+1","Neutralize+1","Infinite Blades","Footwork+1","All Out Attack+1","A Thousand Cuts+1","Cloak And Dagger+1","Dagger Spray+1","Dodge and Roll+1","Night Terror+1","PiercingWail+1","Blade Dance+1","Cloak And Dagger+1","Caltrops+1","Deep Breath+1","PiercingWail+1"],"special_seed":0,"relics":["Ring of the Snake","Toxic Egg 2","Happy Flower","PreservedInsect","Tiny Chest","Ectoplasm","Singing Bowl"],"potions_floor_usage":[33,33],"damage_taken":[{"damage":1.0,"enemies":"Cultist","floor":1.0,"turns":5.0},{"damage":9.0,"enemies":"Small Slimes","floor":2.0,"turns":6.0},{"damage":0.0,"enemies":"2 Louse","floor":4.0,"turns":4.0},{"damage":9.0,"enemies":"Red Slaver","floor":5.0,"turns":4.0},{"damage":19.0,"enemies":"Lagavulin","floor":11.0,"turns":7.0},{"damage":5.0,"enemies":"Large Slime","floor":13.0,"turns":6.0},{"damage":5.0,"enemies":"3 Sentries","floor":14.0,"turns":5.0},{"damage":3.0,"enemies":"Slime Boss","floor":16.0,"turns":10.0},{"damage":9.0,"enemies":"2 Thieves","floor":18.0,"turns":4.0},{"damage":0.0,"enemies":"3 Byrds","floor":21.0,"turns":3.0},{"damage":2.0,"enemies":"Centurion and Healer","floor":22.0,"turns":8.0},{"damage":18.0,"enemies":"Snecko","floor":24.0,"turns":8.0},{"damage":2.0,"enemies":"3 Cultists","floor":27.0,"turns":5.0},{"damage":4.0,"enemies":"Cultist and Chosen","floor":31.0,"turns":5.0},{"damage":42,"enemies":"Collector","floor":33,"turns":10}],"seed_played":"-7051602259261821402","potions_obtained":[{"floor":4.0,"key":"Weak Potion"},{"floor":5.0,"key":"SteroidPotion"},{"floor":11.0,"key":"Dexterity Potion"},{"floor":14.0,"key":"SteroidPotion"},{"floor":31.0,"key":"AttackPotion"}],"is_trial":false,"path_per_floor":["M","M","$","M","M","R","?","R","T","?","E","R","M","E","R","B",null,"M","?","?","M","M","R","M","R","T","M","R","$","R","M","R","B"],"character_chosen":"THE_SILENT","items_purchased":["Toxic Egg 2","Deep Breath+1"],"campfire_rested":2,"item_purchase_floors":[3,29],"current_hp_per_floor":[58,49,49,49,40,40,33,52,52,52,33,33,28,23,23,20,55,46,46,46,46,44,44,26,45,45,43,43,43,43,39,39,0],"gold":22,"neow_bonus":"TWO_FIFTY_GOLD","is_prod":false,"is_daily":false,"chose_seed":false,"campfire_upgraded":7,"win_rate":0,"timestamp":1557879937,"path_taken":["M","M","?","M","M","R","?","R","T","?","E","R","M","E","R","BOSS","M","?","?","?","M","R","M","R","T","M","R","?","R","M","R","BOSS"],"build_version":"2019-05-07","purchased_purges":1,"victory":false,"max_hp_per_floor":[66,66,66,66,66,66,66,66,66,66,66,66,66,66,66,66,66,66,66,66,66,66,66,66,66,66,66,66,66,66,66,66,66],"card_choices":[{"not_picked":["Cloak And Dagger","Underhanded Strike"],"picked":"Infinite Blades","floor":1.0},{"not_picked":["Flechettes","Blade Dance"],"picked":"Footwork","floor":2.0},{"not_picked":["Quick Slash","All Out Attack","Choke"],"picked":"SKIP","floor":4.0},{"not_picked":["Quick Slash","Choke"],"picked":"All Out Attack","floor":4.0},{"not_picked":["Crippling Poison+1","Dagger Spray"],"picked":"A Thousand Cuts","floor":5.0},{"not_picked":["Endless Agony","Dagger Throw"],"picked":"Cloak And Dagger+1","floor":11.0},{"not_picked":["Underhanded Strike","Quick Slash"],"picked":"Dagger Spray","floor":13.0},{"not_picked":["Dash","Heel Hook"],"picked":"Dodge and Roll+1","floor":14.0},{"not_picked":["Glass Knife","Doppelganger+1"],"picked":"Night Terror+1","floor":16.0},{"not_picked":["Outmaneuver+1","Dagger Throw","Slice"],"picked":"SKIP","floor":18.0},{"not_picked":["Dagger Throw+1","Terror+1"],"picked":"PiercingWail+1","floor":21.0},{"not_picked":["Backflip+1","Backstab"],"picked":"Blade Dance+1","floor":22.0},{"not_picked":["Slice+1","Blade Dance+1"],"picked":"Cloak And Dagger+1","floor":24.0},{"not_picked":["Dagger Spray","Crippling Poison+1"],"picked":"Caltrops","floor":27.0},{"not_picked":["Dagger Spray+1","Backflip+1"],"picked":"PiercingWail+1","floor":31.0}],"player_experience":3243384,"relics_obtained":[{"floor":9.0,"key":"Happy Flower"},{"floor":11.0,"key":"PreservedInsect"},{"floor":14.0,"key":"Tiny Chest"},{"floor":20.0,"key":"Singing Bowl"}],"event_choices":[{"cards_removed":["Strike_G"],"damage_healed":0.0,"max_hp_gain":0.0,"max_hp_loss":0.0,"gold_gain":0.0,"event_name":"Golden Wing","player_choice":"Card Removal","floor":7.0,"gold_loss":0.0,"damage_taken":7.0},{"cards_removed":["Strike_G"],"damage_healed":0.0,"max_hp_gain":0.0,"max_hp_loss":0.0,"gold_gain":0.0,"event_name":"The Cleric","player_choice":"Card Removal","floor":10.0,"gold_loss":75.0,"damage_taken":0.0},{"damage_healed":0.0,"max_hp_gain":0.0,"max_hp_loss":0.0,"gold_gain":0.0,"event_name":"Vampires","player_choice":"Ignored","floor":19.0,"gold_loss":0.0,"damage_taken":0.0},{"damage_healed":0.0,"max_hp_gain":0.0,"max_hp_loss":0.0,"gold_gain":0.0,"event_name":"Wheel of Change","player_choice":"Relic","floor":20.0,"gold_loss":0.0,"damage_taken":0.0}],"is_beta":true,"boss_relics":[{"not_picked":["WristBlade","Calling Bell"],"picked":"Ectoplasm"}],"items_purged_floors":[3],"is_endless":false,"potions_floor_spawned":[4,5,11,14,21,22,31],"killed_by":"Collector","ascension_level":17}