{"gold_per_floor":[114,133,146,158,170,170,217,228,228,35,54,74,74,90,90,190,190,205,91,91,104,104,104,114,114,114,134,145,173,173,173],"floor_reached":31,"playtime":2342,"items_purged":["Strike_B"],"score":253,"play_id":"57faa21b-b260-47e8-8022-0618f8eb151a","local_time":"20181202211111","is_ascension_mode":false,"campfire_choices":[{"data":"Zap","floor":6,"key":"SMITH"},{"data":"Dualcast","floor":13,"key":"SMITH"},{"data":"Lockon","floor":15,"key":"SMITH"},{"floor":23,"key":"REST"},{"data":"Barrage","floor":25,"key":"SMITH"}],"neow_cost":"NONE","seed_source_timestamp":24999820797940,"circlet_count":0,"master_deck":["Strike_B","Strike_B","Defend_B","Defend_B","Defend_B","Zap+1","Dualcast+1","Hologram","Barrage+1","Steam","Beam Cell","Go for the Eyes","Lockon+1","Conserve Battery+1","Tempest+1","Seek+1","Steam+1","Chaos+1","Barrage+1","Loop+1"],"relics":["Cracked Core","Centennial Puzzle","Toxic Egg 2","Lee\u0027s Waffle","Inserter","Bag of Marbles","Bottled Lightning"],"potions_floor_usage":[16,16,24,29],"damage_taken":[{"damage":1,"enemies":"Cultist","floor":1,"turns":3},{"damage":3,"enemies":"Jaw Worm","floor":2,"turns":3},{"damage":1,"enemies":"2 Louse","floor":3,"turns":3},{"damage":15,"enemies":"Looter","floor":4,"turns":3},{"damage":6,"enemies":"Exordium Thugs","floor":5,"turns":4},{"damage":6,"enemies":"Blue Slaver","floor":8,"turns":3},{"damage":5,"enemies":"3 Louse","floor":11,"turns":3},{"damage":6,"enemies":"Large Slime","floor":12,"turns":4},{"damage":3,"enemies":"Red Slaver","floor":14,"turns":3},{"damage":25,"enemies":"Hexaghost","floor":16,"turns":7},{"damage":21,"enemies":"2 Thieves","floor":18,"turns":3},{"damage":10,"enemies":"Chosen","floor":21,"turns":2},{"damage":0,"enemies":"Snecko","floor":24,"turns":4},{"damage":17,"enemies":"3 Cultists","floor":27,"turns":5},{"damage":5,"enemies":"Centurion and Healer","floor":28,"turns":4},{"damage":26,"enemies":"Slavers","floor":29,"turns":5},{"damage":14,"enemies":"Sentry and Sphere","floor":31,"turns":2}],"seed_played":"1200684688838340746","potions_obtained":[{"floor":1,"key":"Ancient Potion"},{"floor":2,"key":"FocusPotion"},{"floor":3,"key":"Explosive Potion"},{"floor":8,"key":"SpeedPotion"},{"floor":18,"key":"Dexterity Potion"},{"floor":29,"key":"GamblersBrew"}],"is_trial":false,"path_per_floor":["M","M","M","M","M","R","T","M","T","$","M","M","R","M","R","B",null,"M","$","?","M","?","R","M","R","T","M","M","E","?","M"],"character_chosen":"DEFECT","items_purchased":["Lee\u0027s Waffle","Chaos+1"],"campfire_rested":1,"item_purchase_floors":[10,19],"current_hp_per_floor":[74,71,70,55,49,49,49,43,43,82,77,71,71,68,68,43,82,61,61,61,51,35,61,61,61,61,44,39,13,13,0],"gold":173,"neow_bonus":"TRANSFORM_CARD","is_prod":false,"is_daily":false,"chose_seed":false,"campfire_upgraded":4,"win_rate":0.0,"timestamp":1543752671,"path_taken":["M","M","?","M","M","R","?","M","T","?","?","M","R","M","R","BOSS","M","$","?","M","?","R","M","R","T","M","M","E","?","?"],"build_version":"2018-11-15","purchased_purges":1,"victory":false,"max_hp_per_floor":[75,75,75,75,75,75,75,75,75,82,82,82,82,82,82,82,82,82,82,82,82,87,87,87,87,87,87,87,87,87,87],"card_choices":[{"not_picked":["Heatsinks","Hello World"],"picked":"Barrage","floor":1},{"not_picked":["Storm","Leap"],"picked":"Steam","floor":2},{"not_picked":["FTL","Streamline"],"picked":"Beam Cell","floor":3},{"not_picked":["Stack","Gash","Rebound"],"picked":"SKIP","floor":4},{"not_picked":["Chaos","Reinforced Body"],"picked":"Go for the Eyes","floor":5},{"not_picked":["Gash","Streamline","Cold Snap"],"picked":"SKIP","floor":8},{"not_picked":["Self Repair","Coolheaded+1"],"picked":"Lockon","floor":11},{"not_picked":["Leap+1","Rebound"],"picked":"Conserve Battery+1","floor":12},{"not_picked":["Defragment","Seek+1"],"picked":"Tempest+1","floor":14},{"not_picked":["Echo Form","Biased Cognition"],"picked":"Seek+1","floor":16},{"not_picked":["Sweeping Beam","Turbo+1"],"picked":"Steam+1","floor":18},{"not_picked":["Sunder","Compile Driver"],"picked":"Barrage+1","floor":21},{"not_picked":["Coolheaded+1","Storm","Leap+1"],"picked":"SKIP","floor":24},{"not_picked":["Steam+1","Go for the Eyes+1"],"picked":"Loop+1","floor":27},{"not_picked":["Sweeping Beam","Coolheaded+1","Fusion+1"],"picked":"SKIP","floor":28},{"not_picked":["Creative AI","Go for the Eyes","Darkness+1"],"picked":"SKIP","floor":29}],"player_experience":64253,"relics_obtained":[{"floor":7,"key":"Centennial Puzzle"},{"floor":9,"key":"Toxic Egg 2"},{"floor":26,"key":"Bag of Marbles"},{"floor":29,"key":"Bottled Lightning"}],"event_choices":[{"damage_healed":0,"gold_gain":0,"player_choice":"Ignored","damage_taken":0,"max_hp_gain":0,"max_hp_loss":0,"event_name":"Vampires","floor":20,"gold_loss":0},{"damage_healed":0,"gold_gain":0,"player_choice":"Shed Blood","damage_taken":21,"max_hp_gain":5,"max_hp_loss":0,"event_name":"Forgotten Altar","floor":22,"gold_loss":0},{"cards_removed":["Defend_B"],"damage_healed":0,"gold_gain":0,"player_choice":"Offered Basic","damage_taken":0,"max_hp_gain":0,"max_hp_loss":0,"event_name":"Bonfire Elementals","floor":30,"gold_loss":0}],"is_beta":false,"boss_relics":[{"not_picked":["Astrolabe","Ectoplasm"],"picked":"Inserter"}],"items_purged_floors":[19],"is_endless":false,"potions_floor_spawned":[1,2,3,8,11,18,29],"killed_by":"Sentry and Sphere","ascension_level":0}