{"gold_per_floor":[113,113,38,53,70,70,90,127,153,153,183,203,213,228,228,228],"floor_reached":16,"playtime":1022,"items_purged":["Strike_G"],"score":170,"play_id":"0d9563b2-5b6b-4a3f-9d30-7f01c05e37c8","local_time":"20190119132839","is_ascension_mode":true,"campfire_choices":[{"data":"Neutralize","floor":6.0,"key":"SMITH"},{"data":"Tools of the Trade","floor":10.0,"key":"SMITH"},{"floor":15,"key":"REST"}],"neow_cost":"NONE","seed_source_timestamp":772357239988082,"circlet_count":0,"master_deck":["AscendersBane","Defend_G","Defend_G","Defend_G","Defend_G","Defend_G","Strike_G","Strike_G","Strike_G","Survivor","Neutralize+1","Malaise","Deadly Poison","Dash","Jack Of All Trades","Prepared","Well Laid Plans","Bane","Tools of the Trade+1","Deadly Poison","Blur","Adrenaline"],"special_seed":0,"relics":["Ring of the Snake","Art of War","Potion Belt"],"potions_floor_usage":[14,14,16],"damage_taken":[{"damage":3.0,"enemies":"Small Slimes","floor":1.0,"turns":6.0},{"damage":0.0,"enemies":"Cultist","floor":4.0,"turns":5.0},{"damage":3.0,"enemies":"2 Louse","floor":5.0,"turns":4.0},{"damage":1.0,"enemies":"Looter","floor":7.0,"turns":5.0},{"damage":7.0,"enemies":"Exordium Wildlife","floor":8.0,"turns":5.0},{"damage":28,"enemies":"Gremlin Nob","floor":11,"turns":5},{"damage":7,"enemies":"2 Fungi Beasts","floor":12,"turns":4},{"damage":0,"enemies":"Looter","floor":13,"turns":3},{"damage":12,"enemies":"Large Slime","floor":14,"turns":4},{"damage":32,"enemies":"Slime Boss","floor":16,"turns":11}],"seed_played":"3713699573832065604","potions_obtained":[{"floor":4.0,"key":"AttackPotion"},{"floor":11,"key":"Strength Potion"},{"floor":12,"key":"Fire Potion"},{"floor":13,"key":"AttackPotion"}],"is_trial":false,"path_per_floor":["M","?","$","M","M","R","M","M","T","R","E","M","M","M","R","B"],"character_chosen":"THE_SILENT","items_purchased":[],"campfire_rested":1,"item_purchase_floors":[],"current_hp_per_floor":[60,60,60,60,57,57,56,49,49,49,21,14,14,2,23,0],"gold":228,"neow_bonus":"TRANSFORM_CARD","is_prod":false,"is_daily":false,"chose_seed":false,"campfire_upgraded":2,"win_rate":0,"timestamp":1547872119,"path_taken":["M","?","$","M","?","R","M","M","T","R","E","M","M","M","R","BOSS"],"build_version":"2019-01-17v2","purchased_purges":1,"victory":false,"max_hp_per_floor":[70,70,70,70,70,70,70,70,70,70,70,70,70,70,70,70],"card_choices":[{"not_picked":["Underhanded Strike","Outmaneuver"],"picked":"Deadly Poison","floor":1.0},{"not_picked":["Cloak And Dagger","Outmaneuver"],"picked":"Prepared","floor":4.0},{"not_picked":["PiercingWail","Cloak And Dagger"],"picked":"Well Laid Plans","floor":5.0},{"not_picked":["Dagger Throw","Backflip"],"picked":"Bane","floor":7.0},{"not_picked":["Dagger Spray","Cloak And Dagger"],"picked":"Tools of the Trade","floor":8.0},{"not_picked":["Flying Knee","Slice"],"picked":"Deadly Poison","floor":11},{"not_picked":["Blade Dance","Backflip"],"picked":"Blur","floor":12},{"not_picked":["Outmaneuver","Flying Knee","Eviscerate"],"picked":"SKIP","floor":13},{"not_picked":["Backflip","PiercingWail"],"picked":"Adrenaline","floor":14}],"player_experience":408687,"relics_obtained":[{"floor":9.0,"key":"Art of War"},{"floor":11,"key":"Potion Belt"}],"event_choices":[{"damage_healed":0.0,"max_hp_gain":0.0,"max_hp_loss":0.0,"gold_gain":0.0,"event_name":"Match and Keep!","player_choice":"2 cards matched","floor":2.0,"gold_loss":0.0,"damage_taken":0.0,"cards_obtained":["Dash","Jack Of All Trades"]}],"is_beta":false,"boss_relics":[],"items_purged_floors":[3],"is_endless":false,"potions_floor_spawned":[4,11,12,13],"killed_by":"Slime Boss","ascension_level":12}