{"gold_per_floor":[109,125,125,50,50,50,84,97,144,144,155,155,168,181,181,257,257,276,286,296,296,24,24],"floor_reached":23,"playtime":1293,"items_purged":["Strike_G","Strike_G"],"score":403,"play_id":"9b87edac-5aa7-4fa5-95d1-2ad606a220bd","local_time":"20190501053535","is_ascension_mode":true,"campfire_choices":[{"data":"Cloak And Dagger","floor":6.0,"key":"SMITH"},{"data":"Neutralize","floor":10.0,"key":"SMITH"},{"data":"Cloak And Dagger","floor":12.0,"key":"SMITH"},{"data":"Deadly Poison","floor":15.0,"key":"SMITH"}],"neow_cost":"NONE","seed_source_timestamp":390766925281404,"circlet_count":0,"master_deck":["AscendersBane","Defend_G+1","Defend_G+1","Defend_G","Defend_G","Strike_G","Strike_G","Survivor","Neutralize+1","Cloak And Dagger+1","PiercingWail","Leg Sweep","Cloak And Dagger+1","Deadly Poison+1","PiercingWail","Malaise","Dagger Spray","Calculated Gamble"],"special_seed":0,"relics":["Ring of the Snake","NeowsBlessing","War Paint","Lantern","Snecko Eye","Membership Card"],"potions_floor_usage":[20,23,23],"damage_taken":[{"damage":0.0,"enemies":"Jaw Worm","floor":1.0,"turns":1.0},{"damage":0.0,"enemies":"Cultist","floor":2.0,"turns":1.0},{"damage":0.0,"enemies":"3 Sentries","floor":7.0,"turns":1.0},{"damage":0.0,"enemies":"2 Louse","floor":8.0,"turns":4.0},{"damage":0.0,"enemies":"Looter","floor":11.0,"turns":4.0},{"damage":7.0,"enemies":"Exordium Thugs","floor":13.0,"turns":8.0},{"damage":0.0,"enemies":"3 Louse","floor":14.0,"turns":3.0},{"damage":9.0,"enemies":"Hexaghost","floor":16.0,"turns":12.0},{"damage":3.0,"enemies":"Shell Parasite","floor":18.0,"turns":8.0},{"damage":19.0,"enemies":"Spheric Guardian","floor":19.0,"turns":7.0},{"damage":20,"enemies":"Shelled Parasite and Fungi","floor":20,"turns":10},{"damage":17,"enemies":"Gremlin Leader","floor":23,"turns":6}],"seed_played":"-1521621109782191620","potions_obtained":[{"floor":7.0,"key":"LiquidBronze"},{"floor":11.0,"key":"EssenceOfSteel"},{"floor":19.0,"key":"GamblersBrew"},{"floor":20,"key":"GamblersBrew"}],"is_trial":false,"path_per_floor":["M","M","?","$","?","R","E","M","T","R","M","R","M","M","R","B",null,"M","M","M","?","$","E"],"character_chosen":"THE_SILENT","items_purchased":["Membership Card"],"campfire_rested":0,"item_purchase_floors":[22],"current_hp_per_floor":[59,59,59,59,52,52,52,52,52,52,52,52,45,45,45,36,59,56,37,17,17,17,0],"gold":24,"neow_bonus":"THREE_ENEMY_KILL","is_prod":false,"is_daily":false,"chose_seed":false,"campfire_upgraded":4,"win_rate":0,"timestamp":1556656535,"path_taken":["M","M","?","?","?","R","E","M","T","R","M","R","M","M","R","BOSS","M","M","M","?","?","E"],"build_version":"2019-04-23","purchased_purges":2,"victory":false,"max_hp_per_floor":[66,66,66,66,66,66,66,66,66,66,66,66,66,66,66,66,66,66,66,66,66,66,66],"card_choices":[{"not_picked":["Deadly Poison","Bane"],"picked":"Cloak And Dagger","floor":1.0},{"not_picked":["Quick Slash","Poisoned Stab","Bane"],"picked":"SKIP","floor":2.0},{"not_picked":["Dodge and Roll","Unload"],"picked":"PiercingWail","floor":7.0},{"not_picked":["Calculated Gamble","Outmaneuver"],"picked":"Leg Sweep","floor":8.0},{"not_picked":["Accuracy","Quick Slash"],"picked":"Cloak And Dagger","floor":11.0},{"not_picked":["Backflip","Sucker Punch"],"picked":"Deadly Poison","floor":13.0},{"not_picked":["Finisher","Infinite Blades"],"picked":"PiercingWail","floor":14.0},{"not_picked":["Phantasmal Killer","Unload"],"picked":"Malaise","floor":16.0},{"not_picked":["Slice","Sucker Punch"],"picked":"Dagger Spray","floor":18.0},{"not_picked":["Setup","All Out Attack"],"picked":"Calculated Gamble","floor":19.0},{"not_picked":["Dodge and Roll","Slice","Tactician"],"picked":"SKIP","floor":20}],"player_experience":3124336,"relics_obtained":[{"floor":7.0,"key":"War Paint"},{"floor":9.0,"key":"Lantern"}],"event_choices":[{"cards_removed":["Strike_G"],"damage_healed":0.0,"max_hp_gain":0.0,"max_hp_loss":0.0,"gold_gain":0.0,"event_name":"Purifier","player_choice":"Purged","floor":3.0,"gold_loss":0.0,"damage_taken":0.0},{"cards_removed":["Defend_G"],"damage_healed":0.0,"max_hp_gain":0.0,"max_hp_loss":0.0,"gold_gain":0.0,"event_name":"Golden Wing","player_choice":"Card Removal","floor":5.0,"gold_loss":0.0,"damage_taken":7.0},{"damage_healed":0,"gold_gain":0,"player_choice":"Ignored","damage_taken":0,"max_hp_gain":0,"max_hp_loss":0,"event_name":"Vampires","floor":21,"gold_loss":0}],"is_beta":true,"boss_relics":[{"not_picked":["Orrery","Tiny House"],"picked":"Snecko Eye"}],"items_purged_floors":[4,22],"is_endless":false,"potions_floor_spawned":[7,11,19,20],"killed_by":"Gremlin Leader","ascension_level":17}