{"gold_per_floor":[114,124,138,152,166,166,166,166,166,176,176,101,101,135,135,212,212,225,225],"floor_reached":19,"playtime":963,"items_purged":["Strike_B"],"score":313,"play_id":"4a800817-9e4b-49ce-9b82-6af1bbc86707","local_time":"20190415194125","is_ascension_mode":true,"campfire_choices":[{"data":"Zap","floor":6,"key":"SMITH"},{"data":"Thunder Strike","floor":8,"key":"SMITH"},{"floor":11,"key":"REST"},{"floor":13,"key":"REST"},{"floor":15,"key":"REST"}],"neow_cost":"NONE","seed_source_timestamp":272409780996837,"circlet_count":0,"master_deck":["AscendersBane","Strike_B","Strike_B","Strike_B","Defend_B","Defend_B","Defend_B","Defend_B","Zap+1","Dualcast","Rip and Tear","Conserve Battery","Reprogram","Thunder Strike+1","Leap","Echo Form","Biased Cognition","Writhe","Go for the Eyes+1"],"relics":["Cracked Core","Strawberry","Omamori","Calling Bell","Anchor","Molten Egg 2","Nunchaku"],"potions_floor_usage":[10,14,14,16,18],"damage_taken":[{"damage":3,"enemies":"2 Louse","floor":1,"turns":3},{"damage":1,"enemies":"Cultist","floor":2,"turns":3},{"damage":10,"enemies":"Small Slimes","floor":3,"turns":3},{"damage":20,"enemies":"3 Louse","floor":4,"turns":4},{"damage":13,"enemies":"Red Slaver","floor":5,"turns":5},{"damage":13,"enemies":"Blue Slaver","floor":10,"turns":4},{"damage":28,"enemies":"Gremlin Nob","floor":14,"turns":5},{"damage":28,"enemies":"The Guardian","floor":16,"turns":13},{"damage":52,"enemies":"Chosen","floor":18,"turns":6},{"damage":15,"enemies":"Spheric Guardian","floor":19,"turns":3}],"seed_played":"-4124758595273089488","potions_obtained":[{"floor":1,"key":"Energy Potion"},{"floor":3,"key":"EntropicBrew"},{"floor":4,"key":"Block Potion"},{"floor":14,"key":"PowerPotion"}],"is_trial":false,"path_per_floor":["M","M","M","M","M","R","?","R","T","M","R","$","R","E","R","B",null,"M","M"],"character_chosen":"DEFECT","items_purchased":[],"campfire_rested":3,"item_purchase_floors":[],"current_hp_per_floor":[68,67,57,37,24,24,24,24,24,11,34,34,57,29,52,24,65,13,0],"gold":225,"neow_bonus":"RANDOM_COMMON_RELIC","is_prod":false,"is_daily":false,"chose_seed":false,"campfire_upgraded":2,"win_rate":0,"timestamp":1555324885,"path_taken":["M","M","M","M","M","R","?","R","T","M","R","?","R","E","R","BOSS","M","M"],"build_version":"2019-04-04","purchased_purges":1,"victory":false,"max_hp_per_floor":[78,78,78,78,78,78,78,78,78,78,78,78,78,78,78,78,78,78,78],"card_choices":[{"not_picked":["Coolheaded","Stack"],"picked":"Rip and Tear","floor":1},{"not_picked":["Coolheaded","Darkness","Redo"],"picked":"SKIP","floor":2},{"not_picked":["Stack","Turbo"],"picked":"Conserve Battery","floor":3},{"not_picked":["Turbo","Stack"],"picked":"Reprogram","floor":4},{"not_picked":["Sweeping Beam","Recycle"],"picked":"Thunder Strike","floor":5},{"not_picked":["Beam Cell","Stack"],"picked":"Leap","floor":10},{"not_picked":["White Noise","Turbo"],"picked":"Echo Form","floor":14},{"not_picked":["Rainbow","Meteor Strike"],"picked":"Biased Cognition","floor":16},{"not_picked":["Streamline+1","Barrage+1"],"picked":"Go for the Eyes+1","floor":18}],"player_experience":2950990,"relics_obtained":[{"floor":14,"key":"Omamori"},{"floor":17,"key":"Anchor"},{"floor":17,"key":"Molten Egg 2"},{"floor":17,"key":"Nunchaku"}],"event_choices":[{"damage_healed":0,"gold_gain":0,"player_choice":"Got Potions","damage_taken":0,"max_hp_gain":0,"max_hp_loss":0,"event_name":"Lab","floor":7,"gold_loss":0}],"is_beta":true,"boss_relics":[{"not_picked":["Black Star","Runic Dome"],"picked":"Calling Bell"}],"items_purged_floors":[12],"is_endless":false,"potions_floor_spawned":[1,3,4,14],"killed_by":"Spheric Guardian","ascension_level":17}