{"gold_per_floor":[111,111,122,141,160,160,160,170,222,222,256,256,256,272,272,374,374,394,55,75,75,87,107,107,117,117,167,177,177,207,225,225,326,326,341,341,355,355],"floor_reached":38,"playtime":2909,"items_purged":["Parasite"],"score":585,"play_id":"5d622a18-8bd8-413d-9bda-55f47a8a920d","local_time":"20190602131144","is_ascension_mode":true,"campfire_choices":[{"data":"Corruption","floor":6.0,"key":"SMITH"},{"data":"Shockwave","floor":13.0,"key":"SMITH"},{"data":"Iron Wave","floor":15.0,"key":"SMITH"},{"floor":24.0,"key":"REST"},{"floor":29.0,"key":"REST"},{"floor":32.0,"key":"REST"}],"neow_cost":"NONE","seed_source_timestamp":0,"circlet_count":0,"master_deck":["Strike_R","Strike_R","Strike_R+1","Strike_R","Strike_R","Defend_R","Defend_R","Defend_R","Defend_R","Bash","Deep Breath","Shrug It Off+1","Iron Wave+1","Corruption+1","Shockwave+1","Havoc","Dropkick","Thunderclap","Dark Embrace","Iron Wave","Feel No Pain+1","Master of Strategy","Shockwave","Sentinel","Combust+1","Burning Pact","Shockwave","Fiend Fire","Shockwave+1","Fire Breathing","Metallicize","Iron Wave+1","Havoc+1"],"special_seed":0,"relics":["Burning Blood","NlothsMask","Mummified Hand","Philosopher\u0027s Stone","Shuriken","Anchor","Orrery"],"potions_floor_usage":[],"damage_taken":[{"damage":19.0,"enemies":"Small Slimes","floor":1.0,"turns":4.0},{"damage":3.0,"enemies":"Cultist","floor":3.0,"turns":4.0},{"damage":1.0,"enemies":"2 Louse","floor":4.0,"turns":4.0},{"damage":11.0,"enemies":"2 Fungi Beasts","floor":5.0,"turns":5.0},{"damage":0.0,"enemies":"Exordium Wildlife","floor":8.0,"turns":3.0},{"damage":34.0,"enemies":"Gremlin Nob","floor":11.0,"turns":5.0},{"damage":3.0,"enemies":"Looter","floor":14.0,"turns":4.0},{"damage":20.0,"enemies":"Hexaghost","floor":16.0,"turns":9.0},{"damage":21.0,"enemies":"Spheric Guardian","floor":18.0,"turns":5.0},{"damage":15.0,"enemies":"Shell Parasite","floor":20.0,"turns":5.0},{"damage":12.0,"enemies":"Snake Plant","floor":22.0,"turns":5.0},{"damage":11.0,"enemies":"3 Cultists","floor":23.0,"turns":5.0},{"damage":6.0,"enemies":"Shelled Parasite and Fungi","floor":25.0,"turns":5.0},{"damage":12.0,"enemies":"Centurion and Healer","floor":28.0,"turns":6.0},{"damage":15.0,"enemies":"Slavers","floor":30.0,"turns":4.0},{"damage":20.0,"enemies":"3 Cultists","floor":31.0,"turns":5.0},{"damage":24.0,"enemies":"Automaton","floor":33.0,"turns":8.0},{"damage":33.0,"enemies":"Orb Walker","floor":35.0,"turns":5.0},{"damage":37.0,"enemies":"3 Shapes","floor":37.0,"turns":3.0},{"damage":15,"enemies":"Maw","floor":38,"turns":2}],"seed_played":"7521083255919778249","potions_obtained":[{"floor":4.0,"key":"SkillPotion"},{"floor":8.0,"key":"Strength Potion"},{"floor":14.0,"key":"AttackPotion"},{"floor":18.0,"key":"Strength Potion"},{"floor":23.0,"key":"Dexterity Potion"},{"floor":28.0,"key":"EntropicBrew"}],"is_trial":false,"path_per_floor":["M","?","M","M","M","R","?","M","T","?","E","?","R","M","R","B",null,"M","$","M","?","M","M","R","M","T","?","M","R","E","M","R","B",null,"M","?","M","M"],"character_chosen":"IRONCLAD","items_purchased":["Feel No Pain","Master of Strategy"],"campfire_rested":3,"item_purchase_floors":[19,19],"current_hp_per_floor":[59,59,62,67,62,62,80,80,80,64,36,56,56,59,59,45,71,56,56,47,33,27,22,46,46,46,46,40,64,55,41,65,47,73,46,46,15,0],"gold":355,"neow_bonus":"RANDOM_COLORLESS","is_prod":false,"is_daily":false,"chose_seed":false,"campfire_upgraded":3,"win_rate":0,"timestamp":1559495504,"path_taken":["M","?","M","?","M","R","?","M","T","?","E","?","R","?","R","BOSS","M","$","M","?","M","M","R","M","T","?","?","R","E","M","R","BOSS","M","?","?","M"],"build_version":"2019-01-23","purchased_purges":1,"victory":false,"max_hp_per_floor":[80,80,80,80,80,80,80,80,80,80,80,80,80,80,80,80,80,80,77,77,82,82,82,82,82,82,82,82,82,82,82,82,82,82,82,82,82,82],"card_choices":[{"not_picked":["Iron Wave","Second Wind"],"picked":"Shrug It Off","floor":1.0},{"not_picked":["Entrench","Clothesline"],"picked":"Iron Wave","floor":3.0},{"not_picked":["Hemokinesis","Heavy Blade"],"picked":"Corruption","floor":4.0},{"not_picked":["Clothesline","Infernal Blade"],"picked":"Shockwave","floor":5.0},{"not_picked":["Wild Strike","Blood for Blood"],"picked":"Havoc","floor":8.0},{"not_picked":["Hemokinesis","Clash"],"picked":"Dropkick","floor":11.0},{"not_picked":["Warcry","Flex"],"picked":"Thunderclap","floor":14.0},{"not_picked":["Exhume","Fiend Fire"],"picked":"Dark Embrace","floor":16.0},{"not_picked":["Rupture","Pummel"],"picked":"Iron Wave","floor":18.0},{"not_picked":["Flex+1","Searing Blow"],"picked":"Shockwave","floor":20.0},{"not_picked":["Twin Strike","Entrench"],"picked":"Sentinel","floor":22.0},{"not_picked":["Corruption","Second Wind"],"picked":"Combust+1","floor":23.0},{"not_picked":["Heavy Blade","Pommel Strike","Perfected Strike"],"picked":"SKIP","floor":25.0},{"not_picked":["Wild Strike","Ghostly Armor"],"picked":"Burning Pact","floor":28.0},{"not_picked":["Spot Weakness+1","Second Wind"],"picked":"Shockwave","floor":30.0},{"not_picked":["Spot Weakness","Blood for Blood","Headbutt"],"picked":"SKIP","floor":31.0},{"not_picked":["Brutality","Limit Break"],"picked":"Fiend Fire","floor":33.0},{"not_picked":["Blood for Blood+1","Pommel Strike"],"picked":"Shockwave+1","floor":34.0},{"not_picked":["Clash","Heavy Blade"],"picked":"Fire Breathing","floor":34.0},{"not_picked":["Whirlwind","Pummel"],"picked":"Metallicize","floor":34.0},{"not_picked":["Shockwave","Havoc"],"picked":"Iron Wave+1","floor":35.0},{"not_picked":["Wild Strike+1","Headbutt+1"],"picked":"Havoc+1","floor":37.0}],"player_experience":356620,"relics_obtained":[{"floor":11.0,"key":"Mummified Hand"},{"floor":26.0,"key":"Shuriken"},{"floor":30.0,"key":"Anchor"}],"event_choices":[{"damage_healed":0.0,"max_hp_gain":0.0,"max_hp_loss":0.0,"gold_gain":0.0,"event_name":"FaceTrader","player_choice":"Trade","floor":2.0,"gold_loss":0.0,"damage_taken":0.0,"relics_obtained":["NlothsMask"]},{"damage_healed":26.0,"max_hp_gain":0.0,"max_hp_loss":0.0,"gold_gain":0.0,"event_name":"Big Fish","player_choice":"Banana","floor":7.0,"gold_loss":0.0,"damage_taken":0.0},{"damage_healed":0.0,"max_hp_gain":0.0,"max_hp_loss":0.0,"gold_gain":0.0,"event_name":"Shining Light","player_choice":"Entered Light","floor":10.0,"gold_loss":0.0,"damage_taken":16.0,"cards_upgraded":["Shrug It Off","Strike_R"]},{"damage_healed":20.0,"max_hp_gain":0.0,"max_hp_loss":0.0,"gold_gain":0.0,"event_name":"Mushrooms","player_choice":"Healed and dodged fight","floor":12.0,"gold_loss":0.0,"damage_taken":0.0,"cards_obtained":["Parasite"]},{"damage_healed":0.0,"max_hp_gain":5.0,"max_hp_loss":0.0,"gold_gain":0.0,"event_name":"Forgotten Altar","player_choice":"Shed Blood","floor":21.0,"gold_loss":0.0,"damage_taken":19.0},{"damage_healed":0.0,"max_hp_gain":0.0,"max_hp_loss":0.0,"gold_gain":100.0,"event_name":"The Joust","player_choice":"Bet on Murderer","floor":27.0,"gold_loss":50.0,"damage_taken":0.0},{"damage_healed":0.0,"max_hp_gain":0.0,"max_hp_loss":0.0,"gold_gain":0.0,"event_name":"Accursed Blacksmith","player_choice":"Forge","floor":36.0,"gold_loss":0.0,"damage_taken":0.0,"cards_upgraded":["Feel No Pain"]}],"is_beta":false,"boss_relics":[{"not_picked":["Eternal Feather","Cursed Key"],"picked":"Philosopher\u0027s Stone"},{"not_picked":["White Beast Statue","Runic Pyramid"],"picked":"Orrery"}],"items_purged_floors":[19],"is_endless":false,"potions_floor_spawned":[4,8,14,18,23,28,35],"killed_by":"Maw","ascension_level":8}