{"gold_per_floor":[14,14,25,41,52,52,72,72,99,99,99,114,149,176,188,200],"floor_reached":16,"playtime":548,"items_purged":[],"score":192,"play_id":"b0272539-caba-4ad4-b2e6-03a1cd2e0522","local_time":"20190407234833","is_ascension_mode":true,"campfire_choices":[{"data":"Burst","floor":6.0,"key":"SMITH"},{"data":"Noxious Fumes","floor":11.0,"key":"SMITH"},{"floor":15,"key":"REST"}],"neow_cost":"NO_GOLD","seed_source_timestamp":3366187156301007,"circlet_count":0,"master_deck":["AscendersBane","Defend_G","Defend_G","Defend_G+1","Defend_G","Defend_G","Strike_G","Strike_G","Strike_G","Strike_G","Survivor+1","Neutralize","Burst+1","Flying Knee","Sucker Punch","Backstab","Noxious Fumes+1","PiercingWail","Corpse Explosion","All Out Attack","Leg Sweep"],"special_seed":0,"relics":["Ring of the Snake","War Paint","Potion Belt","MawBank"],"potions_floor_usage":[13,13,16,16],"damage_taken":[{"damage":0.0,"enemies":"2 Louse","floor":1.0,"turns":5.0},{"damage":18.0,"enemies":"Jaw Worm","floor":3.0,"turns":8.0},{"damage":6.0,"enemies":"Small Slimes","floor":4.0,"turns":5.0},{"damage":0.0,"enemies":"Exordium Wildlife","floor":5.0,"turns":6.0},{"damage":5.0,"enemies":"3 Louse","floor":7.0,"turns":4.0},{"damage":0.0,"enemies":"2 Fungi Beasts","floor":12.0,"turns":3.0},{"damage":25,"enemies":"Gremlin Nob","floor":13,"turns":5},{"damage":2,"enemies":"Exordium Thugs","floor":14,"turns":3},{"damage":25,"enemies":"Slime Boss","floor":16,"turns":5}],"seed_played":"5959073178453801795","potions_obtained":[{"floor":5.0,"key":"Ancient Potion"},{"floor":12.0,"key":"Energy Potion"},{"floor":13,"key":"Energy Potion"},{"floor":14,"key":"Swift Potion"}],"is_trial":false,"path_per_floor":["M","?","M","M","M","R","M","?","T","?","R","M","E","M","R","B"],"character_chosen":"THE_SILENT","items_purchased":[],"campfire_rested":1,"item_purchase_floors":[],"current_hp_per_floor":[59,64,46,40,40,40,35,35,35,30,30,30,5,3,24,0],"gold":200,"neow_bonus":"THREE_RARE_CARDS","is_prod":false,"is_daily":false,"chose_seed":false,"campfire_upgraded":2,"win_rate":0,"timestamp":1554648513,"path_taken":["M","?","M","M","M","R","M","?","T","?","R","M","E","M","R","BOSS"],"build_version":"2019-04-04","purchased_purges":0,"victory":false,"max_hp_per_floor":[66,71,71,71,71,71,71,71,71,71,71,71,71,71,71,71],"card_choices":[{"not_picked":["Glass Knife","Wraith Form v2"],"picked":"Burst","floor":0.0},{"not_picked":["Poisoned Stab","Acrobatics"],"picked":"Flying Knee","floor":1.0},{"not_picked":["Terror","Eviscerate"],"picked":"Sucker Punch","floor":3.0},{"not_picked":["Infinite Blades","Underhanded Strike"],"picked":"Backstab","floor":4.0},{"not_picked":["Accuracy","Expertise"],"picked":"Noxious Fumes","floor":5.0},{"not_picked":["All Out Attack","Underhanded Strike"],"picked":"PiercingWail","floor":7.0},{"not_picked":["Poisoned Stab","Sucker Punch"],"picked":"Corpse Explosion","floor":12.0},{"not_picked":["Deadly Poison","Infinite Blades"],"picked":"All Out Attack","floor":13},{"not_picked":["Flechettes","Finisher"],"picked":"Leg Sweep","floor":14}],"player_experience":2844189,"relics_obtained":[{"floor":9.0,"key":"War Paint"},{"floor":13,"key":"MawBank"}],"event_choices":[{"damage_healed":0.0,"max_hp_gain":5.0,"max_hp_loss":0.0,"gold_gain":0.0,"event_name":"Big Fish","player_choice":"Donut","floor":2.0,"gold_loss":0.0,"damage_taken":0.0},{"cards_removed":["Strike_G"],"damage_healed":0.0,"max_hp_gain":0.0,"max_hp_loss":0.0,"gold_gain":0.0,"event_name":"Living Wall","player_choice":"Forget","floor":8.0,"gold_loss":0.0,"damage_taken":0.0},{"damage_healed":0.0,"max_hp_gain":0.0,"max_hp_loss":0.0,"gold_gain":0.0,"event_name":"Scrap Ooze","player_choice":"Success","floor":10.0,"gold_loss":0.0,"damage_taken":5.0,"relics_obtained":["Potion Belt"]}],"is_beta":true,"boss_relics":[],"items_purged_floors":[],"is_endless":false,"potions_floor_spawned":[5,12,13,14],"killed_by":"Slime Boss","ascension_level":17}