{"gold_per_floor":[109,120,137,153,153,153,178,178,178,328,354,354,8,38,38,38],"floor_reached":16,"playtime":406,"items_purged":["Doubt"],"score":216,"play_id":"d5e52d95-6111-45f7-8bd5-6f2277d1ea0f","local_time":"20190525012314","is_ascension_mode":true,"campfire_choices":[{"data":"Chaos","floor":6,"key":"SMITH"},{"data":"Dualcast","floor":8,"key":"SMITH"},{"data":"Self Repair","floor":12,"key":"SMITH"},{"data":"Echo Form","floor":15,"key":"SMITH"}],"neow_cost":"NONE","seed_source_timestamp":178926414830500,"circlet_count":0,"master_deck":["AscendersBane","Strike_B","Strike_B","Strike_B","Strike_B","Defend_B","Defend_B","Defend_B","Defend_B","Zap","Dualcast+1","Coolheaded","Self Repair+1","Compile Driver","Chaos+1","Echo Form+1","Hologram","Biased Cognition+1"],"relics":["Cracked Core","Juzu Bracelet","Odd Mushroom","Frozen Egg 2","Nunchaku"],"potions_floor_usage":[7,7,14],"damage_taken":[{"damage":4,"enemies":"Small Slimes","floor":1,"turns":3},{"damage":7,"enemies":"Cultist","floor":2,"turns":4},{"damage":6,"enemies":"2 Louse","floor":3,"turns":3},{"damage":9,"enemies":"Exordium Thugs","floor":4,"turns":5},{"damage":25,"enemies":"3 Sentries","floor":7,"turns":11},{"damage":23,"enemies":"The Mushroom Lair","floor":11,"turns":5},{"damage":34,"enemies":"Gremlin Nob","floor":14,"turns":4},{"damage":27,"enemies":"The Guardian","floor":16,"turns":2}],"seed_played":"-4396540181112526474","potions_obtained":[{"floor":3,"key":"Block Potion"},{"floor":4,"key":"Regen Potion"},{"floor":7,"key":"Poison Potion"}],"is_trial":false,"path_per_floor":["M","M","M","M","?","R","E","R","T","?","?","R","$","E","R","B"],"character_chosen":"DEFECT","items_purchased":["Frozen Egg 2"],"campfire_rested":0,"item_purchase_floors":[13],"current_hp_per_floor":[67,60,61,59,59,59,63,63,63,63,47,47,47,23,23,0],"gold":38,"neow_bonus":"TEN_PERCENT_HP_BONUS","is_prod":false,"is_daily":false,"chose_seed":false,"campfire_upgraded":4,"win_rate":0,"timestamp":1558714994,"path_taken":["M","M","M","M","?","R","E","R","T","?","?","R","$","E","R","BOSS"],"build_version":"2019-01-23","purchased_purges":1,"victory":false,"max_hp_per_floor":[78,78,78,78,78,78,78,78,78,78,78,78,78,78,78,78],"card_choices":[{"not_picked":["Recycle","Steam Power"],"picked":"Coolheaded","floor":1},{"not_picked":["Go for the Eyes","Coolheaded"],"picked":"Self Repair","floor":2},{"not_picked":["Coolheaded","Go for the Eyes"],"picked":"Compile Driver","floor":3},{"not_picked":["Redo","Stack"],"picked":"Chaos","floor":4},{"not_picked":["Stack","Leap"],"picked":"Hologram","floor":7},{"not_picked":["Chaos","Barrage"],"picked":"Biased Cognition+1","floor":14}],"player_experience":5142139,"relics_obtained":[{"floor":7,"key":"Juzu Bracelet"},{"floor":11,"key":"Odd Mushroom"},{"floor":14,"key":"Nunchaku"}],"event_choices":[{"damage_healed":0,"gold_gain":0,"player_choice":"1 cards matched","damage_taken":0,"max_hp_gain":0,"max_hp_loss":0,"event_name":"Match and Keep!","floor":5,"gold_loss":0,"cards_obtained":["Echo Form"]},{"damage_healed":0,"gold_gain":150,"player_choice":"AGREE","damage_taken":0,"max_hp_gain":0,"max_hp_loss":0,"event_name":"Liars Game","floor":10,"gold_loss":0,"cards_obtained":["Doubt"]},{"damage_healed":0,"gold_gain":0,"player_choice":"Fought Mushrooms","damage_taken":0,"max_hp_gain":0,"max_hp_loss":0,"event_name":"Mushrooms","floor":11,"gold_loss":0}],"is_beta":false,"boss_relics":[],"items_purged_floors":[13],"is_endless":false,"potions_floor_spawned":[3,4,7],"killed_by":"The Guardian","ascension_level":20}