{"gold_per_floor":[110,121,139,156,156,156,185,198,198,78,96,96,123,141,141,243,243,260,275,205,219,235,235],"floor_reached":23,"playtime":1239,"items_purged":["Strike_B"],"score":321,"play_id":"9aa9f98e-6469-4489-a752-1c7ebfe0b37d","local_time":"20190512120842","is_ascension_mode":true,"campfire_choices":[{"data":"Zap","floor":6,"key":"SMITH"},{"data":"Loop","floor":15,"key":"SMITH"}],"neow_cost":"NONE","seed_source_timestamp":1354131999209229,"circlet_count":0,"master_deck":["AscendersBane","Defend_B","Defend_B","Defend_B","Defend_B","Zap+1","Dualcast","Defragment+1","Barrage","Steam","Coolheaded","Coolheaded","Ball Lightning","Loop+1","Leap","Machine Learning","Seek+1","Darkness+1","Undo+1","Barrage","Storm","Go for the Eyes","Storm"],"relics":["Cracked Core","Mercury Hourglass","Matryoshka","Mummified Hand","Astrolabe"],"potions_floor_usage":[7,16,19],"damage_taken":[{"damage":0,"enemies":"2 Louse","floor":1,"turns":2},{"damage":1,"enemies":"Cultist","floor":2,"turns":4},{"damage":4,"enemies":"Jaw Worm","floor":3,"turns":3},{"damage":14,"enemies":"Blue Slaver","floor":4,"turns":4},{"damage":19,"enemies":"Lagavulin","floor":7,"turns":6},{"damage":3,"enemies":"2 Fungi Beasts","floor":8,"turns":3},{"damage":6,"enemies":"Red Slaver","floor":11,"turns":3},{"damage":8,"enemies":"3 Sentries","floor":13,"turns":6},{"damage":6,"enemies":"Large Slime","floor":14,"turns":4},{"damage":5,"enemies":"Slime Boss","floor":16,"turns":8},{"damage":8,"enemies":"Shell Parasite","floor":18,"turns":3},{"damage":8,"enemies":"3 Byrds","floor":19,"turns":3},{"damage":11,"enemies":"Snake Plant","floor":21,"turns":5},{"damage":17,"enemies":"Cultist and Chosen","floor":22,"turns":6},{"damage":26,"enemies":"Book of Stabbing","floor":23,"turns":3}],"seed_played":"-2281473349513775853","potions_obtained":[{"floor":1,"key":"SteroidPotion"},{"floor":2,"key":"FearPotion"},{"floor":7,"key":"FearPotion"},{"floor":13,"key":"LiquidBronze"},{"floor":14,"key":"Swift Potion"},{"floor":19,"key":"FocusPotion"}],"is_trial":false,"path_per_floor":["M","M","M","M","?","R","E","M","T","$","M","?","E","M","R","B",null,"M","M","$","M","M","E"],"character_chosen":"DEFECT","items_purchased":["Ball Lightning","Storm"],"campfire_rested":0,"item_purchase_floors":[10,20],"current_hp_per_floor":[75,74,70,56,56,56,37,34,34,34,28,28,20,14,14,9,64,56,48,48,37,20,0],"gold":235,"neow_bonus":"TEN_PERCENT_HP_BONUS","is_prod":false,"is_daily":false,"chose_seed":false,"campfire_upgraded":2,"win_rate":0,"timestamp":1557655722,"path_taken":["M","M","M","M","?","R","E","?","T","$","M","?","E","M","R","BOSS","M","M","$","?","M","E"],"build_version":"2019-01-23","purchased_purges":1,"victory":false,"max_hp_per_floor":[82,82,82,82,82,82,82,82,82,82,82,82,82,82,82,82,82,82,82,82,82,82,82],"card_choices":[{"not_picked":["Aggregate","Conserve Battery"],"picked":"Defragment","floor":1},{"not_picked":["Fusion","Double Energy"],"picked":"Barrage","floor":2},{"not_picked":["Recycle","Compile Driver","Rip and Tear"],"picked":"SKIP","floor":3},{"not_picked":["Auto Shields","Beam Cell"],"picked":"Steam","floor":4},{"not_picked":["Sweeping Beam","Chaos"],"picked":"Coolheaded","floor":7},{"not_picked":["Glacier","Steam"],"picked":"Coolheaded","floor":8},{"not_picked":["Double Energy","Undo","White Noise"],"picked":"SKIP","floor":11},{"not_picked":["Reinforced Body","FTL"],"picked":"Loop","floor":13},{"not_picked":["Coolheaded","Sweeping Beam"],"picked":"Leap","floor":14},{"not_picked":["Amplify","Thunder Strike"],"picked":"Machine Learning","floor":16},{"not_picked":["Chill","Conserve Battery"],"picked":"Barrage","floor":18},{"not_picked":["Loop","Undo","Sweeping Beam"],"picked":"SKIP","floor":19},{"not_picked":["FTL","Steam"],"picked":"Go for the Eyes","floor":21},{"not_picked":["Conserve Battery","Go for the Eyes"],"picked":"Storm","floor":22}],"player_experience":571717,"relics_obtained":[{"floor":7,"key":"Mercury Hourglass"},{"floor":9,"key":"Matryoshka"},{"floor":13,"key":"Mummified Hand"}],"event_choices":[{"damage_healed":0,"gold_gain":0,"player_choice":"Bought 0 Potions","damage_taken":0,"max_hp_gain":0,"max_hp_loss":0,"event_name":"The Woman in Blue","floor":5,"gold_loss":0},{"damage_healed":0,"gold_gain":0,"player_choice":"Upgraded","damage_taken":0,"max_hp_gain":0,"max_hp_loss":0,"event_name":"Upgrade Shrine","floor":12,"gold_loss":0,"cards_upgraded":["Defragment"]}],"is_beta":false,"boss_relics":[{"not_picked":["Lizard Tail","Orrery"],"picked":"Astrolabe"}],"items_purged_floors":[10],"is_endless":false,"potions_floor_spawned":[1,2,7,13,14,19],"killed_by":"Book of Stabbing","ascension_level":11}