{"gold_per_floor":[114,124,144,224,104,104,139,139,185,185,204,233,233,333,333,407,407,407,407,407,317,317,317,317,317,317,317,317,317,317,317,317,317,317,317,138,138,138,138,138,138,138,138,138,13,13,13,13,13,13],"floor_reached":51,"playtime":2870,"items_purged":["Strike_G","Strike_G","Strike_G+1"],"score":1273,"play_id":"66d01bea-fcb1-4b99-9841-d86fe1aaaaad","local_time":"20190523222533","is_ascension_mode":true,"campfire_choices":[{"data":"Dash","floor":6,"key":"SMITH"},{"data":"Deadly Poison","floor":8,"key":"SMITH"},{"floor":10,"key":"REST"},{"floor":15,"key":"REST"},{"data":"A Thousand Cuts","floor":23,"key":"SMITH"},{"floor":25,"key":"REST"},{"floor":30,"key":"REST"},{"floor":32,"key":"REST"},{"floor":40,"key":"REST"},{"floor":44,"key":"REST"},{"floor":49,"key":"REST"}],"neow_cost":"TEN_PERCENT_HP_LOSS","seed_source_timestamp":527232598419914,"circlet_count":0,"master_deck":["AscendersBane","Defend_G+1","Defend_G+1","Defend_G","Defend_G","Defend_G","Strike_G+1","Survivor","Neutralize+1","Dash+1","Deadly Poison+1","Escape Plan","PiercingWail","Poisoned Stab","Bouncing Flask+1","Night Terror+1","Deflect","A Thousand Cuts+1","Dodge and Roll+1","Catalyst+1","Dodge and Roll+1","Footwork","Backflip","Blur","Well Laid Plans","Blind","PiercingWail+1","Noxious Fumes+1"],"relics":["Ring of the Snake","Tingsha","Whetstone","Oddly Smooth Stone","Snake Skull","Ectoplasm","Omamori","War Paint","Dream Catcher","Fusion Hammer","Thread and Needle","Anchor"],"potions_floor_usage":[33,50,50],"damage_taken":[{"damage":15,"enemies":"Jaw Worm","floor":1,"turns":7},{"damage":1,"enemies":"2 Louse","floor":2,"turns":3},{"damage":0,"enemies":"Cultist","floor":3,"turns":4},{"damage":19,"enemies":"Gremlin Nob","floor":7,"turns":5},{"damage":2,"enemies":"Blue Slaver","floor":11,"turns":3},{"damage":6,"enemies":"Lagavulin","floor":12,"turns":6},{"damage":4,"enemies":"Hexaghost","floor":16,"turns":7},{"damage":0,"enemies":"Shell Parasite","floor":18,"turns":3},{"damage":0,"enemies":"3 Byrds","floor":19,"turns":4},{"damage":0,"enemies":"Snake Plant","floor":20,"turns":4},{"damage":9,"enemies":"Snecko","floor":22,"turns":4},{"damage":19,"enemies":"Slavers","floor":24,"turns":5},{"damage":24,"enemies":"Book of Stabbing","floor":27,"turns":4},{"damage":6,"enemies":"Centurion and Healer","floor":28,"turns":5},{"damage":0,"enemies":"Shelled Parasite and Fungi","floor":29,"turns":6},{"damage":5,"enemies":"3 Cultists","floor":31,"turns":5},{"damage":41,"enemies":"Collector","floor":33,"turns":9},{"damage":3,"enemies":"3 Shapes","floor":35,"turns":7},{"damage":20,"enemies":"3 Darklings","floor":37,"turns":6},{"damage":0,"enemies":"Sphere and 2 Shapes","floor":38,"turns":5},{"damage":26,"enemies":"Reptomancer","floor":41,"turns":5},{"damage":6,"enemies":"Spire Growth","floor":42,"turns":5},{"damage":0,"enemies":"Writhing Mass","floor":46,"turns":5},{"damage":21,"enemies":"Nemesis","floor":47,"turns":7},{"damage":0,"enemies":"4 Shapes","floor":48,"turns":9},{"damage":15,"enemies":"Awakened One","floor":50,"turns":11}],"seed_played":"2486821216247753024","potions_obtained":[{"floor":1,"key":"SkillPotion"},{"floor":2,"key":"SpeedPotion"},{"floor":7,"key":"LiquidBronze"},{"floor":35,"key":"GhostInAJar"},{"floor":41,"key":"Energy Potion"}],"is_trial":false,"path_per_floor":["M","M","M","?","$","R","E","R","T","R","M","E","?","?","R","B",null,"M","M","M","?","M","R","E","R","T","E","M","M","R","M","R","B",null,"M","$","M","M","?","R","E","M","T","R","$","M","E","M","R","B",null],"character_chosen":"THE_SILENT","items_purchased":["PiercingWail","Well Laid Plans"],"campfire_rested":8,"item_purchase_floors":[5,36],"current_hp_per_floor":[44,43,43,43,43,43,24,24,24,42,40,34,22,22,40,36,54,54,54,54,54,45,45,26,44,44,20,14,14,32,27,45,4,46,43,43,23,23,23,41,15,9,9,27,27,27,6,6,24,9],"gold":13,"neow_bonus":"ONE_RARE_RELIC","is_prod":false,"is_daily":false,"chose_seed":false,"campfire_upgraded":3,"win_rate":0,"timestamp":1558643133,"path_taken":["M","M","M","?","$","R","E","R","T","R","M","E","?","?","R","BOSS","M","M","?","?","M","R","E","R","T","E","?","M","R","M","R","BOSS","M","?","M","M","?","R","E","M","T","R","?","?","E","M","R","BOSS"],"build_version":"2019-01-23","purchased_purges":3,"victory":true,"max_hp_per_floor":[60,60,60,60,60,60,60,60,60,60,60,60,60,60,60,60,60,60,60,60,60,60,60,60,60,60,60,60,60,60,60,60,60,60,60,60,60,60,60,60,60,60,60,60,60,60,60,60,60,60],"card_choices":[{"not_picked":["Bane","Dagger Spray"],"picked":"Dash","floor":1},{"not_picked":["Quick Slash","Blade Dance"],"picked":"Deadly Poison","floor":2},{"not_picked":["Heel Hook","Prepared"],"picked":"Escape Plan","floor":3},{"not_picked":["Endless Agony","Prepared"],"picked":"Poisoned Stab","floor":7},{"not_picked":["Cloak And Dagger","Flying Knee","Blade Dance"],"picked":"SKIP","floor":11},{"not_picked":["Dash","Phantasmal Killer"],"picked":"Bouncing Flask","floor":12},{"not_picked":["Phantasmal Killer","Malaise"],"picked":"Night Terror","floor":16},{"not_picked":["Blade Dance","Outmaneuver","Dash"],"picked":"SKIP","floor":18},{"not_picked":["Riddle With Holes","Underhanded Strike"],"picked":"Deflect","floor":19},{"not_picked":["Accuracy","Deadly Poison"],"picked":"A Thousand Cuts","floor":20},{"not_picked":["Dagger Throw","Quick Slash"],"picked":"Dodge and Roll+1","floor":22},{"not_picked":["Bullet Time","Bane"],"picked":"Catalyst+1","floor":24},{"not_picked":["Bane+1","Skewer","Catalyst"],"picked":"SKIP","floor":27},{"not_picked":["Bane","Riddle With Holes"],"picked":"Dodge and Roll+1","floor":28},{"not_picked":["Riddle With Holes","Poisoned Stab+1","Expertise"],"picked":"SKIP","floor":29},{"not_picked":["Deflect","Acrobatics"],"picked":"Footwork","floor":30},{"not_picked":["Outmaneuver","Deadly Poison","Storm of Steel"],"picked":"SKIP","floor":31},{"not_picked":["Predator","Riddle With Holes"],"picked":"Backflip","floor":32},{"not_picked":["Reflex","Bane+1"],"picked":"Blur","floor":35},{"not_picked":["Flying Knee","Dagger Spray","Prepared"],"picked":"SKIP","floor":37},{"not_picked":["Infinite Blades","Bane","Wraith Form v2"],"picked":"SKIP","floor":38},{"not_picked":["Madness","Metamorphosis"],"picked":"Blind","floor":39},{"not_picked":["Setup","Flying Knee+1","Deadly Poison+1"],"picked":"SKIP","floor":41},{"not_picked":["Flying Knee","Cloak And Dagger"],"picked":"PiercingWail+1","floor":42},{"not_picked":["Expertise","Infinite Blades","Prepared"],"picked":"SKIP","floor":46},{"not_picked":["Finisher","Deadly Poison"],"picked":"Noxious Fumes+1","floor":47},{"not_picked":["Dodge and Roll","Skewer","Underhanded Strike"],"picked":"SKIP","floor":48}],"player_experience":604380,"relics_obtained":[{"floor":7,"key":"Whetstone"},{"floor":9,"key":"Oddly Smooth Stone"},{"floor":12,"key":"Snake Skull"},{"floor":24,"key":"Omamori"},{"floor":26,"key":"War Paint"},{"floor":27,"key":"Dream Catcher"},{"floor":41,"key":"Thread and Needle"},{"floor":47,"key":"Anchor"}],"event_choices":[{"damage_healed":0,"gold_gain":80,"player_choice":"Gained Gold","damage_taken":0,"max_hp_gain":0,"max_hp_loss":0,"event_name":"Golden Wing","floor":4,"gold_loss":0},{"damage_healed":0,"gold_gain":0,"player_choice":"Entered Light","damage_taken":12,"max_hp_gain":0,"max_hp_loss":0,"event_name":"Shining Light","floor":13,"gold_loss":0,"cards_upgraded":["Bouncing Flask","Defend_G"]},{"damage_healed":0,"gold_gain":100,"player_choice":"Pray","damage_taken":0,"max_hp_gain":0,"max_hp_loss":0,"event_name":"Golden Shrine","floor":14,"gold_loss":0},{"cards_removed":["Strike_G"],"damage_healed":0,"gold_gain":0,"player_choice":"Upgrade and Remove","damage_taken":0,"max_hp_gain":0,"max_hp_loss":0,"event_name":"Designer","floor":21,"gold_loss":90,"cards_upgraded":["Strike_G"]},{"damage_healed":0,"gold_gain":0,"player_choice":"Memory 1","damage_taken":0,"max_hp_gain":0,"max_hp_loss":0,"event_name":"SensoryStone","floor":39,"gold_loss":0}],"is_beta":false,"boss_relics":[{"not_picked":["Empty Cage","Ring of the Serpent"],"picked":"Ectoplasm"},{"not_picked":["Runic Dome","Coffee Dripper"],"picked":"Fusion Hammer"}],"items_purged_floors":[5,36,45],"is_endless":false,"potions_floor_spawned":[1,2,7,20,24,27,35,37,41,42],"ascension_level":14}