{"gold_per_floor":[212,212,226,376,22,22,22,22,69,69,102,115,115,129,129,129],"floor_reached":16,"playtime":528,"items_purged":["Doubt"],"score":181,"play_id":"ff2ff172-5165-4fa5-8c70-511716b0ab09","local_time":"20190318211750","is_ascension_mode":true,"campfire_choices":[{"data":"Zap","floor":6,"key":"SMITH"},{"data":"Dualcast","floor":10,"key":"SMITH"},{"data":"Coolheaded","floor":13,"key":"SMITH"},{"data":"Streamline","floor":15,"key":"SMITH"}],"neow_cost":"NONE","seed_source_timestamp":1629302449606636,"circlet_count":0,"master_deck":["AscendersBane","Strike_B","Strike_B","Strike_B","Strike_B","Defend_B","Defend_B","Defend_B","Defend_B","Zap+1","Dualcast+1","Auto Shields","Coolheaded+1","Cold Snap","Leap","Streamline+1"],"relics":["Cracked Core","Gremlin Horn","GremlinMask","Bronze Scales","Matryoshka"],"potions_floor_usage":[11,16],"damage_taken":[{"damage":7,"enemies":"Jaw Worm","floor":1,"turns":4},{"damage":10,"enemies":"Small Slimes","floor":3,"turns":4},{"damage":25,"enemies":"Gremlin Nob","floor":11,"turns":4},{"damage":0,"enemies":"Cultist","floor":12,"turns":4},{"damage":0,"enemies":"Red Slaver","floor":14,"turns":3},{"damage":42,"enemies":"Slime Boss","floor":16,"turns":9}],"seed_played":"3810977463879430408","potions_obtained":[{"floor":1,"key":"Poison Potion"},{"floor":11,"key":"Block Potion"}],"is_trial":false,"path_per_floor":["M","?","M","?","$","R","?","?","T","R","E","M","R","M","R","B"],"character_chosen":"DEFECT","items_purchased":["Gremlin Horn"],"campfire_rested":0,"item_purchase_floors":[5],"current_hp_per_floor":[57,62,52,52,52,52,52,52,52,52,27,27,27,27,27,0],"gold":129,"neow_bonus":"HUNDRED_GOLD","is_prod":false,"is_daily":false,"chose_seed":false,"campfire_upgraded":4,"win_rate":0,"timestamp":1552911470,"path_taken":["M","?","M","?","$","R","?","?","T","R","E","M","R","?","R","BOSS"],"build_version":"2019-03-15","purchased_purges":1,"victory":false,"max_hp_per_floor":[71,76,76,76,76,76,76,76,76,76,76,76,76,76,76,76],"card_choices":[{"not_picked":["Turbo","Steam Power"],"picked":"Auto Shields","floor":1},{"not_picked":["Darkness","Turbo"],"picked":"Coolheaded","floor":3},{"not_picked":["Static Discharge","Darkness"],"picked":"Cold Snap","floor":11},{"not_picked":["Redo","Heatsinks"],"picked":"Leap","floor":12},{"not_picked":["Turbo","Coolheaded"],"picked":"Streamline","floor":14}],"player_experience":2705845,"relics_obtained":[{"floor":9,"key":"Bronze Scales"},{"floor":11,"key":"Matryoshka"}],"event_choices":[{"damage_healed":0,"gold_gain":0,"player_choice":"Donut","damage_taken":0,"max_hp_gain":5,"max_hp_loss":0,"event_name":"Big Fish","floor":2,"gold_loss":0},{"damage_healed":0,"gold_gain":150,"player_choice":"AGREE","damage_taken":0,"max_hp_gain":0,"max_hp_loss":0,"event_name":"Liars Game","floor":4,"gold_loss":0,"cards_obtained":["Doubt"]},{"damage_healed":0,"gold_gain":0,"player_choice":"Leave","damage_taken":0,"max_hp_gain":0,"max_hp_loss":0,"event_name":"The Cleric","floor":7,"gold_loss":0},{"damage_healed":0,"gold_gain":0,"player_choice":"Trade","damage_taken":0,"relics_obtained":["GremlinMask"],"max_hp_gain":0,"max_hp_loss":0,"event_name":"FaceTrader","floor":8,"gold_loss":0}],"is_beta":true,"boss_relics":[],"items_purged_floors":[5],"is_endless":false,"potions_floor_spawned":[1,11],"killed_by":"Slime Boss","ascension_level":17}