{"path_per_floor":["M","?","?","M","$","E","R","M","T","E","$","M","M","?","R","B",null,"M","?","$","?","M","E","M","R","T","?","?","M","M","M","R"],"character_chosen":"THE_SILENT","items_purchased":["Finisher","Prepared","Panache"],"gold_per_floor":[112,173,173,192,113,146,146,161,206,233,15,28,42,42,42,141,171,185,285,210,210,223,255,267,267,317,297,297,310,329,339,339],"floor_reached":33,"campfire_rested":3,"playtime":4988,"current_hp_per_floor":[67,67,67,65,65,51,51,51,51,45,45,45,33,33,54,10,75,65,65,65,65,64,51,48,70,70,70,70,61,54,36,61],"items_purged":["Defend_G"],"gold":339,"score":277,"play_id":"1cf32ed9-a889-4a6d-ae69-9c9f8b204133","is_prod":false,"is_daily":false,"is_ascension_mode":false,"campfire_upgraded":1,"path_taken":["M","?","?","M","$","E","R","M","T","E","$","M","M","?","R","BOSS","M","?","$","?","M","E","M","R","T","?","?","M","M","M","R","BOSS"],"build_version":"2018-02-08-PROD1","purchased_purges":1,"victory":false,"master_deck":["Defend_G","Defend_G","Defend_G","Strike_G","Strike_G","Strike_G","Strike_G","Survivor","Neutralize","Masterful Stab","Dodge and Roll","Expertise+1","Finisher","Deflect","Slice","Endless Agony","Prepared","Panache","Dagger Throw","Slice","Deflect","Dodge and Roll+1","Terror+1","Deflect+1","Backstab","Calculated Gamble"],"max_hp_per_floor":[70,70,70,70,70,70,70,70,70,70,70,70,70,70,70,70,75,75,75,75,75,75,75,75,75,75,75,75,75,77,79,81],"relics":["Ring of the Snake","Orichalcum","Bronze Scales","Dream Catcher","Tiny House","Letter Opener","Singing Bowl"],"card_choices":[{"not_picked":["Acrobatics","Backflip"],"picked":"Dodge and Roll"},{"not_picked":["Malaise","Deadly Poison"],"picked":"Expertise"},{"not_picked":["Flechettes","Finisher"],"picked":"Deflect"},{"not_picked":["Eviscerate","Outmaneuver"],"picked":"Slice"},{"not_picked":["Quick Slash","Riddle With Holes"],"picked":"Endless Agony"},{"not_picked":["Slice","Doppelganger"],"picked":"Dagger Throw"},{"not_picked":["Dodge and Roll","Riddle With Holes"],"picked":"Slice"},{"not_picked":["Sucker Punch","Deadly Poison"],"picked":"Deflect"},{"not_picked":["Sucker Punch","Burst"],"picked":"Dodge and Roll"},{"not_picked":["Acrobatics","Poisoned Stab"],"picked":"Terror"},{"not_picked":["Dagger Spray","Outmaneuver"],"picked":"Deflect"},{"not_picked":["Backflip","Bullet Time"],"picked":"Backstab"},{"not_picked":["Poisoned Stab","Caltrops"],"picked":"Calculated Gamble"}],"player_experience":109148,"potions_floor_usage":[10,12,16,22,24,29,29,30,31,33],"damage_taken":[{"damage":3,"enemies":"Small Slimes","floor":1,"turns":3},{"damage":2,"enemies":"Jaw Worm","floor":4,"turns":8},{"damage":14,"enemies":"3 Sentries","floor":6,"turns":15},{"damage":0,"enemies":"Blue Slaver","floor":8,"turns":5},{"damage":6,"enemies":"Lagavulin","floor":10,"turns":8},{"damage":0,"enemies":"Large Slime","floor":12,"turns":3},{"damage":12,"enemies":"Lots of Slimes","floor":13,"turns":4},{"damage":44,"enemies":"Hexaghost","floor":16,"turns":10},{"damage":10,"enemies":"Shell Parasite","floor":18,"turns":4},{"damage":1,"enemies":"Chosen","floor":22,"turns":5},{"damage":13,"enemies":"Gremlin Leader","floor":23,"turns":5},{"damage":3,"enemies":"Snake Plant","floor":24,"turns":4},{"damage":9,"enemies":"Centurion and Healer","floor":29,"turns":4},{"damage":9,"enemies":"Cultist and Chosen","floor":30,"turns":5},{"damage":20,"enemies":"Sentry and Sphere","floor":31,"turns":6},{"damage":64,"enemies":"Champ","floor":33,"turns":11}],"event_choices":[{"event_name":"Golden Wing","player_choice":"Gained Gold","floor":2,"damage_taken":0},{"event_name":"Bonfire Elementals","player_choice":"BASIC","floor":3,"damage_taken":0},{"event_name":"Shining Light","player_choice":"Ignored","floor":14,"damage_taken":0},{"event_name":"Golden Shrine","player_choice":"Pray","floor":19,"damage_taken":0},{"event_name":"The Lab","player_choice":"Got Potions","floor":21,"damage_taken":0},{"event_name":"The Woman in Blue","player_choice":"Bought 1 Potion","floor":27,"damage_taken":0},{"event_name":"Drug Dealer","player_choice":"Ignored","floor":28,"damage_taken":0}],"boss_relics":[{"not_picked":["Question Card","Eternal Feather"],"picked":"Tiny House"}],"potions_floor_spawned":[4,10,12,16,18,24,30,31],"seed_played":"-2113310892915916177","killed_by":"Champ","ascension_level":0,"is_trial":false}