{"gold_per_floor":[110,110,122,141,141,141,175,175,253,283,293,307,318,335,335,436,436,455,415,18,31,65,91,91,118,187,187,187,187,53,71,71,166,166,182,182,182,57,57,57,88,88,88,99,113,113,113,132,132,132],"floor_reached":51,"playtime":2802,"items_purged":["Defend_G","Defend_G"],"score":757,"play_id":"82415cc7-faa9-4545-8088-d09a205d8d54","local_time":"20181128211258","is_ascension_mode":true,"campfire_choices":[{"data":"Accuracy","floor":6,"key":"SMITH"},{"floor":8,"key":"REST"},{"data":"Cloak And Dagger","floor":15,"key":"SMITH"},{"floor":27,"key":"REST"},{"data":"After Image","floor":29,"key":"SMITH"},{"data":"Blade Dance","floor":32,"key":"SMITH"},{"data":"Storm of Steel","floor":40,"key":"SMITH"},{"data":"Cloak And Dagger","floor":42,"key":"SMITH"},{"data":"Blade Dance","floor":46,"key":"SMITH"},{"data":"Phantasmal Killer","floor":49,"key":"SMITH"}],"neow_cost":"NONE","seed_source_timestamp":374494165992215,"circlet_count":0,"master_deck":["Defend_G","Defend_G","Defend_G","Strike_G","Strike_G","Strike_G","Strike_G","Strike_G","Survivor","Neutralize","Cloak And Dagger+1","Cloak And Dagger+1","Accuracy+1","Cloak And Dagger+1","Backstab","After Image+1","Finisher","Backstab","Blade Dance+1","Distraction+1","Backstab","Accuracy+1","Blade Dance+1","Storm of Steel+1","Prepared","Finisher+1","Phantasmal Killer+1"],"special_seed":0,"relics":["Ring of the Snake","NeowsBlessing","Happy Flower","Pantograph","Strawberry","Eternal Feather","Mercury Hourglass","Red Mask","Pocketwatch","StoneCalendar","Frozen Egg 2","Pear","Lizard Tail","Letter Opener","Molten Egg 2","Ice Cream"],"potions_floor_usage":[7,10,10,10,16,16,16,22,22,25,33,41,50,50],"damage_taken":[{"damage":0,"enemies":"2 Louse","floor":1,"turns":1},{"damage":0,"enemies":"Jaw Worm","floor":3,"turns":1},{"damage":0,"enemies":"Cultist","floor":4,"turns":1},{"damage":23,"enemies":"Lagavulin","floor":7,"turns":11},{"damage":2,"enemies":"Gremlin Nob","floor":10,"turns":4},{"damage":1,"enemies":"3 Louse","floor":11,"turns":4},{"damage":8,"enemies":"Exordium Wildlife","floor":12,"turns":5},{"damage":0,"enemies":"Large Slime","floor":13,"turns":4},{"damage":0,"enemies":"Looter","floor":14,"turns":3},{"damage":31,"enemies":"Hexaghost","floor":16,"turns":13},{"damage":0,"enemies":"3 Byrds","floor":18,"turns":5},{"damage":2,"enemies":"Shell Parasite","floor":21,"turns":4},{"damage":5,"enemies":"Masked Bandits","floor":22,"turns":5},{"damage":17,"enemies":"Gremlin Leader","floor":23,"turns":5},{"damage":30,"enemies":"Book of Stabbing","floor":25,"turns":6},{"damage":0,"enemies":"3 Cultists","floor":31,"turns":4},{"damage":41,"enemies":"Automaton","floor":33,"turns":8},{"damage":15,"enemies":"Orb Walker","floor":35,"turns":4},{"damage":22,"enemies":"Giant Head","floor":41,"turns":6},{"damage":0,"enemies":"3 Shapes","floor":44,"turns":4},{"damage":4,"enemies":"3 Darklings","floor":45,"turns":3},{"damage":1,"enemies":"4 Shapes","floor":48,"turns":4},{"damage":52,"enemies":"Donu and Deca","floor":50,"turns":8}],"seed_played":"6837921206187821425","potions_obtained":[{"floor":1,"key":"EntropicBrew"},{"floor":3,"key":"EssenceOfSteel"},{"floor":10,"key":"SneckoOil"},{"floor":13,"key":"Weak Potion"},{"floor":19,"key":"SmokeBomb"},{"floor":19,"key":"Dexterity Potion"},{"floor":19,"key":"Weak Potion"},{"floor":21,"key":"Ancient Potion"},{"floor":23,"key":"GamblersBrew"},{"floor":31,"key":"PowerPotion"},{"floor":45,"key":"SmokeBomb"}],"is_trial":false,"path_per_floor":["M","?","M","M","?","R","E","R","T","E","M","M","M","M","R","B",null,"M","?","$","M","?","E","T","E","T","R","?","R","$","M","R","B",null,"M","T","?","$","?","R","E","R","T","M","M","R","?","M","R","B",null],"character_chosen":"THE_SILENT","items_purchased":["Mercury Hourglass","Backstab","Accuracy+1","GhostInAJar","Swift Potion"],"campfire_rested":2,"item_purchase_floors":[20,20,30,38,38],"current_hp_per_floor":[70,70,70,70,75,75,52,74,74,79,78,70,70,70,70,51,82,82,82,82,80,75,58,58,28,38,77,77,89,89,89,92,51,92,77,77,77,77,77,87,65,77,77,77,73,87,87,86,87,35],"gold":132,"neow_bonus":"THREE_ENEMY_KILL","is_prod":false,"is_daily":false,"chose_seed":false,"campfire_upgraded":8,"win_rate":0,"timestamp":1543432378,"path_taken":["M","?","M","M","?","R","E","R","T","E","M","M","M","M","R","BOSS","M","?","$","?","?","E","?","E","T","R","?","R","?","M","R","BOSS","M","?","?","$","?","R","E","R","T","?","M","R","?","M","R","BOSS"],"build_version":"2018-11-15","purchased_purges":2,"victory":true,"max_hp_per_floor":[70,70,70,70,75,75,75,75,75,82,82,82,82,82,82,82,82,82,82,82,82,82,82,82,82,92,92,92,92,92,92,92,92,92,92,92,87,87,87,87,87,87,87,87,87,87,87,87,87,87],"card_choices":[{"not_picked":["Catalyst","Bane"],"picked":"Cloak And Dagger","floor":1},{"not_picked":["Sucker Punch","Backstab"],"picked":"Cloak And Dagger","floor":3},{"not_picked":["Bouncing Flask","Deadly Poison"],"picked":"Accuracy","floor":4},{"not_picked":["Endless Agony","Tactician","Underhanded Strike"],"picked":"SKIP","floor":7},{"not_picked":["Bane","Deadly Poison","Crippling Poison"],"picked":"SKIP","floor":10},{"not_picked":["Envenom","Flying Knee"],"picked":"Cloak And Dagger","floor":11},{"not_picked":["Dagger Throw","Dagger Spray"],"picked":"Backstab","floor":12},{"not_picked":["Underhanded Strike","Deflect","Cloak And Dagger"],"picked":"SKIP","floor":13},{"not_picked":["Dagger Throw","Predator","All Out Attack"],"picked":"SKIP","floor":14},{"not_picked":["Wraith Form v2","Corpse Explosion"],"picked":"After Image","floor":16},{"not_picked":["Underhanded Strike","Dagger Spray"],"picked":"Finisher","floor":18},{"not_picked":["Dodge and Roll","Acrobatics"],"picked":"Blade Dance","floor":21},{"not_picked":["Cloak And Dagger","Heel Hook"],"picked":"Distraction","floor":23},{"not_picked":["Quick Slash+1","Setup"],"picked":"Backstab","floor":25},{"not_picked":["Bane+1","Outmaneuver"],"picked":"Blade Dance","floor":31},{"not_picked":["Doppelganger","Glass Knife"],"picked":"Storm of Steel","floor":33},{"not_picked":["Poisoned Stab+1","Dodge and Roll+1","Caltrops+1"],"picked":"SKIP","floor":35},{"not_picked":["Bane","Sucker Punch+1","Skewer+1"],"picked":"SKIP","floor":41},{"not_picked":["Catalyst","Poisoned Stab+1"],"picked":"Prepared","floor":44},{"not_picked":["Slice+1","Bane+1"],"picked":"Finisher+1","floor":45},{"not_picked":["Dodge and Roll","Deadly Poison+1"],"picked":"Phantasmal Killer","floor":48}],"player_experience":803444,"relics_obtained":[{"floor":7,"key":"Happy Flower"},{"floor":9,"key":"Pantograph"},{"floor":10,"key":"Strawberry"},{"floor":22,"key":"Red Mask"},{"floor":23,"key":"Pocketwatch"},{"floor":24,"key":"StoneCalendar"},{"floor":25,"key":"Frozen Egg 2"},{"floor":26,"key":"Pear"},{"floor":36,"key":"Letter Opener"},{"floor":41,"key":"Molten Egg 2"},{"floor":43,"key":"Ice Cream"}],"event_choices":[{"damage_healed":0,"gold_gain":0,"player_choice":"Grow","damage_taken":0,"max_hp_gain":0,"max_hp_loss":0,"event_name":"Living Wall","floor":2,"gold_loss":0,"cards_upgraded":["Cloak And Dagger"]},{"damage_healed":0,"gold_gain":0,"player_choice":"Donut","damage_taken":0,"max_hp_gain":5,"max_hp_loss":0,"event_name":"Big Fish","floor":5,"gold_loss":0},{"damage_healed":0,"gold_gain":0,"player_choice":"Bought 3 Potions","damage_taken":0,"max_hp_gain":0,"max_hp_loss":0,"event_name":"The Woman in Blue","floor":19,"gold_loss":0},{"damage_healed":0,"gold_gain":0,"player_choice":"Fought Bandits","damage_taken":0,"max_hp_gain":0,"max_hp_loss":0,"event_name":"Masked Bandits","floor":22,"gold_loss":0},{"damage_healed":0,"gold_gain":0,"player_choice":"Ignored","damage_taken":0,"max_hp_gain":0,"max_hp_loss":0,"event_name":"Vampires","floor":28,"gold_loss":0},{"damage_healed":0,"gold_gain":0,"player_choice":"Max HP","damage_taken":0,"max_hp_gain":0,"max_hp_loss":5,"event_name":"Winding Halls","floor":37,"gold_loss":0},{"damage_healed":0,"gold_gain":0,"player_choice":"Ignored","damage_taken":0,"max_hp_gain":0,"max_hp_loss":0,"event_name":"Tomb of Lord Red Mask","floor":39,"gold_loss":0},{"damage_healed":0,"gold_gain":0,"player_choice":"Upgraded","damage_taken":0,"max_hp_gain":0,"max_hp_loss":0,"event_name":"Upgrade Shrine","floor":47,"gold_loss":0,"cards_upgraded":["Distraction"]}],"is_beta":false,"boss_relics":[{"not_picked":["Calling Bell","Orrery"],"picked":"Eternal Feather"},{"not_picked":["Pandora\u0027s Box","Fusion Hammer"],"picked":"Lizard Tail"}],"items_purged_floors":[20,30],"is_endless":false,"potions_floor_spawned":[1,3,10,13,21,23,31,45],"ascension_level":1}