{"gold_per_floor":[112,112,126,276,38,63,63,63,63,88,88,117,132,151,151,230,230,247,172,6,6,21,21,51,62,86,97,122,122,153,168,168,168],"floor_reached":33,"playtime":2173,"items_purged":["Regret"],"score":672,"play_id":"9f2fd6b3-2f80-411d-a91a-930d9d9d96cd","local_time":"20190501133707","is_ascension_mode":true,"campfire_choices":[{"data":"Footwork","floor":8.0,"key":"SMITH"},{"data":"Wraith Form v2","floor":11.0,"key":"SMITH"},{"data":"Deadly Poison","floor":15.0,"key":"SMITH"},{"data":"Acrobatics","floor":23.0,"key":"SMITH"},{"floor":29,"key":"REST"},{"floor":32,"key":"REST"}],"neow_cost":"NONE","seed_source_timestamp":418740588196005,"circlet_count":0,"master_deck":["AscendersBane","Defend_G","Defend_G","Defend_G","Defend_G","Defend_G","Strike_G","Strike_G","Strike_G","Strike_G","Strike_G","Survivor","Neutralize","Sucker Punch","Footwork+1","Wraith Form v2+1","Dodge and Roll","Deadly Poison+1","Endless Agony","Malaise","Bouncing Flask","Acrobatics+1","Caltrops","Deflect","Deadly Poison+1","Calculated Gamble","PiercingWail","Endless Agony","Backflip","Escape Plan+1"],"special_seed":0,"relics":["Ring of the Snake","NeowsBlessing","Bag of Preparation","Lantern","Omamori","Ancient Tea Set","Dream Catcher","Centennial Puzzle","Cursed Key","Happy Flower","Oddly Smooth Stone","Frozen Egg 2","Pen Nib"],"potions_floor_usage":[28,28,30],"damage_taken":[{"damage":0.0,"enemies":"Jaw Worm","floor":1.0,"turns":1.0},{"damage":0.0,"enemies":"2 Louse","floor":3.0,"turns":1.0},{"damage":0.0,"enemies":"Gremlin Nob","floor":6.0,"turns":1.0},{"damage":15.0,"enemies":"3 Sentries","floor":12.0,"turns":15.0},{"damage":1.0,"enemies":"Small Slimes","floor":13.0,"turns":5.0},{"damage":0.0,"enemies":"3 Louse","floor":14.0,"turns":5.0},{"damage":24.0,"enemies":"The Guardian","floor":16.0,"turns":15.0},{"damage":1.0,"enemies":"3 Byrds","floor":18.0,"turns":7.0},{"damage":11.0,"enemies":"Shell Parasite","floor":22.0,"turns":7.0},{"damage":0.0,"enemies":"Book of Stabbing","floor":24.0,"turns":8.0},{"damage":1.0,"enemies":"Chosen and Byrds","floor":25.0,"turns":6.0},{"damage":9.0,"enemies":"Snake Plant","floor":27.0,"turns":6.0},{"damage":25,"enemies":"Slavers","floor":28,"turns":8},{"damage":9,"enemies":"Gremlin Leader","floor":30,"turns":5},{"damage":12,"enemies":"3 Cultists","floor":31,"turns":7},{"damage":29,"enemies":"Champ","floor":33,"turns":15}],"seed_played":"-4121316611893066603","potions_obtained":[{"floor":6.0,"key":"Strength Potion"},{"floor":13.0,"key":"Weak Potion"},{"floor":16.0,"key":"AttackPotion"},{"floor":22.0,"key":"Swift Potion"},{"floor":24.0,"key":"Strength Potion"},{"floor":28,"key":"GamblersBrew"},{"floor":30,"key":"EssenceOfSteel"}],"is_trial":false,"path_per_floor":["M","?","M","?","$","E","$","R","T","T","R","E","M","M","R","B",null,"M","?","$","?","M","R","E","M","T","M","E","R","E","M","R","B"],"character_chosen":"THE_SILENT","items_purchased":["Lantern","Happy Flower"],"campfire_rested":2,"item_purchase_floors":[5,20],"current_hp_per_floor":[59,59,59,59,59,59,59,59,59,59,59,44,43,43,43,19,54,53,53,53,53,42,42,42,41,41,32,7,26,17,5,24,0],"gold":168,"neow_bonus":"THREE_ENEMY_KILL","is_prod":false,"is_daily":false,"chose_seed":false,"campfire_upgraded":4,"win_rate":0,"timestamp":1556685427,"path_taken":["M","?","M","?","$","E","$","R","T","?","R","E","M","M","R","BOSS","M","?","$","?","M","R","E","M","T","M","E","R","E","M","R","BOSS"],"build_version":"2019-04-23","purchased_purges":1,"victory":false,"max_hp_per_floor":[66,66,66,66,66,66,66,66,66,66,66,66,66,66,66,66,66,66,66,66,66,66,66,66,66,66,66,66,66,66,66,66,66],"card_choices":[{"not_picked":["Dodge and Roll","Terror"],"picked":"Sucker Punch","floor":1.0},{"not_picked":["Blur","Deflect"],"picked":"Footwork","floor":3.0},{"not_picked":["Finisher","Terror"],"picked":"Wraith Form v2","floor":6.0},{"not_picked":["Deflect","Dagger Spray"],"picked":"Dodge and Roll","floor":12.0},{"not_picked":["PiercingWail","Terror"],"picked":"Deadly Poison","floor":13.0},{"not_picked":["Acrobatics","Outmaneuver"],"picked":"Endless Agony","floor":14.0},{"not_picked":["Grand Finale","Tools of the Trade"],"picked":"Malaise","floor":16.0},{"not_picked":["Backflip","Quick Slash"],"picked":"Bouncing Flask","floor":18.0},{"not_picked":["PiercingWail","Bane"],"picked":"Caltrops","floor":22.0},{"not_picked":["Dagger Throw","Blade Dance"],"picked":"Deflect","floor":24.0},{"not_picked":["Poisoned Stab","Deadly Poison","Blade Dance"],"picked":"SKIP","floor":25.0},{"not_picked":["Prepared","Underhanded Strike"],"picked":"Deadly Poison+1","floor":27.0},{"not_picked":["Concentrate","Quick Slash"],"picked":"Calculated Gamble","floor":28},{"not_picked":["Bane","Blade Dance"],"picked":"PiercingWail","floor":29},{"not_picked":["Prepared","Quick Slash"],"picked":"Endless Agony","floor":30},{"not_picked":["Distraction","Quick Slash"],"picked":"Backflip","floor":31},{"not_picked":["Accuracy+1","Dagger Throw"],"picked":"Escape Plan+1","floor":32}],"player_experience":3129416,"relics_obtained":[{"floor":6.0,"key":"Omamori"},{"floor":9.0,"key":"Ancient Tea Set"},{"floor":10.0,"key":"Dream Catcher"},{"floor":12.0,"key":"Centennial Puzzle"},{"floor":24.0,"key":"Oddly Smooth Stone"},{"floor":28,"key":"Frozen Egg 2"},{"floor":30,"key":"Pen Nib"}],"event_choices":[{"damage_healed":0.0,"max_hp_gain":0.0,"max_hp_loss":0.0,"gold_gain":0.0,"event_name":"Big Fish","player_choice":"Box","floor":2.0,"gold_loss":0.0,"damage_taken":0.0,"relics_obtained":["Bag of Preparation"],"cards_obtained":["Regret"]},{"damage_healed":0.0,"max_hp_gain":0.0,"max_hp_loss":0.0,"gold_gain":150.0,"event_name":"Liars Game","player_choice":"AGREE","floor":4.0,"gold_loss":0.0,"damage_taken":0.0,"cards_obtained":["Doubt"]},{"cards_removed":["Doubt"],"damage_healed":0.0,"max_hp_gain":0.0,"max_hp_loss":0.0,"gold_gain":0.0,"event_name":"Beggar","player_choice":"Gave Gold","floor":19.0,"gold_loss":75.0,"damage_taken":0.0},{"damage_healed":0.0,"max_hp_gain":0.0,"max_hp_loss":0.0,"gold_gain":0.0,"event_name":"The Library","player_choice":"Read","floor":21.0,"gold_loss":0.0,"damage_taken":0.0,"cards_obtained":["Acrobatics"]}],"is_beta":true,"boss_relics":[{"not_picked":["Coffee Dripper","Runic Pyramid"],"picked":"Cursed Key"}],"items_purged_floors":[5],"is_endless":false,"potions_floor_spawned":[6,13,14,16,18,22,24,28,30],"killed_by":"Champ","ascension_level":17}