{"gold_per_floor":[119,119,136,149,149,149,176,186,186,186,202,202,14,28,28,105,105,105,21,0,0,0,0,0,0,0,0,0,0,0],"floor_reached":30,"playtime":1589,"items_purged":[],"score":496,"play_id":"76007b69-f67d-4c5b-a9ba-a4d30c89101e","local_time":"20190404054719","is_ascension_mode":true,"campfire_choices":[{"data":"Poisoned Stab","floor":6,"key":"SMITH"},{"data":"Prepared","floor":10,"key":"SMITH"},{"data":"Dodge and Roll","floor":12,"key":"SMITH"},{"floor":15,"key":"REST"},{"data":"Cloak And Dagger","floor":23,"key":"SMITH"},{"floor":25,"key":"REST"},{"data":"Metamorphosis","floor":28,"key":"SMITH"}],"neow_cost":"NONE","seed_source_timestamp":3041191008809784,"circlet_count":0,"master_deck":["AscendersBane","Defend_G","Defend_G","Defend_G","Defend_G","Defend_G","Strike_G","Strike_G","Strike_G","Strike_G","Strike_G","Survivor","Neutralize","Leg Sweep+1","Poisoned Stab+1","Flying Knee","Dagger Throw","Neutralize","Prepared+1","Die Die Die","Dodge and Roll+1","Metamorphosis+1","Tactician","Malaise","Backflip","Finisher","Cloak And Dagger+1","PiercingWail","RitualDagger","Acrobatics"],"relics":["Ring of the Snake","NeowsBlessing","Kunai","Mummified Hand","Ectoplasm","Question Card","Pear","Tiny Chest"],"potions_floor_usage":[7,16,20,24,29],"damage_taken":[{"damage":0,"enemies":"Jaw Worm","floor":1,"turns":1},{"damage":0,"enemies":"Cultist","floor":3,"turns":1},{"damage":0,"enemies":"Small Slimes","floor":4,"turns":1},{"damage":14,"enemies":"Gremlin Nob","floor":7,"turns":4},{"damage":23,"enemies":"Exordium Thugs","floor":8,"turns":5},{"damage":0,"enemies":"Large Slime","floor":11,"turns":5},{"damage":5,"enemies":"Looter","floor":14,"turns":4},{"damage":2,"enemies":"The Guardian","floor":16,"turns":12},{"damage":0,"enemies":"3 Byrds","floor":18,"turns":7},{"damage":11,"enemies":"2 Thieves","floor":20,"turns":4},{"damage":4,"enemies":"Snake Plant","floor":21,"turns":8},{"damage":20,"enemies":"Gremlin Leader","floor":24,"turns":11},{"damage":44,"enemies":"Slavers","floor":29,"turns":6},{"damage":11,"enemies":"Centurion and Healer","floor":30,"turns":2}],"seed_played":"-3886116430310552012","potions_obtained":[{"floor":4,"key":"PowerPotion"},{"floor":11,"key":"PowerPotion"},{"floor":14,"key":"SpeedPotion"},{"floor":16,"key":"AttackPotion"},{"floor":24,"key":"Explosive Potion"},{"floor":29,"key":"Poison Potion"}],"is_trial":false,"path_per_floor":["M","?","M","M","?","R","E","M","T","R","M","R","$","M","R","B",null,"M","$","M","M","$","R","E","R","T","?","R","E","M"],"character_chosen":"THE_SILENT","items_purchased":["Metamorphosis","Finisher"],"campfire_rested":2,"item_purchase_floors":[13,19],"current_hp_per_floor":[59,59,59,59,59,59,45,22,22,22,22,22,22,17,36,34,58,58,58,47,43,43,43,23,42,52,46,46,2,0],"gold":0,"neow_bonus":"THREE_ENEMY_KILL","is_prod":false,"is_daily":false,"chose_seed":false,"campfire_upgraded":5,"win_rate":0,"timestamp":1554324439,"path_taken":["M","?","?","M","?","R","E","M","T","R","M","R","$","M","R","BOSS","M","?","M","M","?","R","E","R","T","?","R","E","M"],"build_version":"2019-03-15","purchased_purges":0,"victory":false,"max_hp_per_floor":[66,66,66,66,66,66,66,66,66,66,66,66,66,66,66,66,66,66,66,66,66,66,66,66,66,76,76,76,76,76],"card_choices":[{"not_picked":["Cloak And Dagger","Underhanded Strike"],"picked":"Leg Sweep","floor":1},{"not_picked":["Infinite Blades","Slice"],"picked":"Poisoned Stab","floor":3},{"not_picked":["Prepared","Flechettes"],"picked":"Flying Knee","floor":4},{"not_picked":["Bane","Outmaneuver"],"picked":"Prepared","floor":7},{"not_picked":["Dodge and Roll","Eviscerate"],"picked":"Die Die Die","floor":8},{"not_picked":["Prepared","Sucker Punch"],"picked":"Dodge and Roll","floor":11},{"not_picked":["Infinite Blades","Dodge and Roll"],"picked":"Tactician","floor":14},{"not_picked":["Adrenaline","Unload"],"picked":"Malaise","floor":16},{"not_picked":["Flying Knee","Underhanded Strike"],"picked":"Backflip","floor":18},{"not_picked":["Acrobatics","Slice+1"],"picked":"Cloak And Dagger","floor":20},{"not_picked":["Caltrops","Dagger Throw","Slice"],"picked":"SKIP","floor":21},{"not_picked":["Slice","Riddle With Holes"],"picked":"PiercingWail","floor":24},{"not_picked":["Flying Knee","Glass Knife","Setup"],"picked":"Acrobatics","floor":29}],"player_experience":2809638,"relics_obtained":[{"floor":7,"key":"Kunai"},{"floor":9,"key":"Mummified Hand"},{"floor":24,"key":"Question Card"},{"floor":26,"key":"Pear"},{"floor":29,"key":"Tiny Chest"}],"event_choices":[{"damage_healed":0,"gold_gain":0,"player_choice":"Upgraded","damage_taken":0,"max_hp_gain":0,"max_hp_loss":0,"event_name":"Upgrade Shrine","floor":2,"gold_loss":0,"cards_upgraded":["Leg Sweep"]},{"damage_healed":0,"gold_gain":0,"player_choice":"2 cards matched","damage_taken":0,"max_hp_gain":0,"max_hp_loss":0,"event_name":"Match and Keep!","floor":5,"gold_loss":0,"cards_obtained":["Dagger Throw","Neutralize"]},{"damage_healed":0,"gold_gain":0,"player_choice":"Joined the Cult","damage_taken":6,"max_hp_gain":0,"max_hp_loss":0,"event_name":"Nest","floor":27,"gold_loss":0,"cards_obtained":["RitualDagger"]}],"is_beta":true,"boss_relics":[{"not_picked":["Busted Crown","Tiny House"],"picked":"Ectoplasm"}],"items_purged_floors":[],"is_endless":false,"potions_floor_spawned":[4,11,14,16,24,29],"killed_by":"Centurion and Healer","ascension_level":17}