{"gold_per_floor":[14,31,31,31,45,45,65,65,147,160,160,160,173,173],"floor_reached":14,"playtime":522,"items_purged":[],"score":152,"play_id":"13683c4f-c34a-4bee-94d5-09fba8c945d3","local_time":"20190419200839","is_ascension_mode":true,"campfire_choices":[{"data":"Neutralize","floor":6,"key":"SMITH"},{"data":"Survivor","floor":8,"key":"SMITH"},{"data":"All Out Attack","floor":12,"key":"SMITH"}],"neow_cost":"NO_GOLD","seed_source_timestamp":620082501940365,"circlet_count":0,"master_deck":["AscendersBane","Defend_G+1","Defend_G","Defend_G","Defend_G","Defend_G","Strike_G+1","Strike_G","Strike_G","Strike_G","Strike_G","Survivor+1","Neutralize+1","Acrobatics","All Out Attack+1","Backstab","PiercingWail","Leg Sweep","Footwork"],"relics":["Ring of the Snake","Tough Bandages","Question Card"],"potions_floor_usage":[],"damage_taken":[{"damage":0,"enemies":"Small Slimes","floor":1,"turns":4},{"damage":34,"enemies":"Jaw Worm","floor":2,"turns":10},{"damage":0,"enemies":"Cultist","floor":5,"turns":3},{"damage":1,"enemies":"Exordium Wildlife","floor":7,"turns":4},{"damage":5,"enemies":"Large Slime","floor":10,"turns":8},{"damage":0,"enemies":"2 Fungi Beasts","floor":13,"turns":3},{"damage":46,"enemies":"Gremlin Nob","floor":14,"turns":6}],"seed_played":"6084106664214787292","potions_obtained":[{"floor":13,"key":"Explosive Potion"}],"is_trial":false,"path_per_floor":["M","M","?","?","M","R","M","R","T","M","?","R","M","E"],"character_chosen":"THE_SILENT","items_purchased":[],"campfire_rested":0,"item_purchase_floors":[],"current_hp_per_floor":[59,25,47,27,27,27,26,26,26,21,21,21,21,0],"gold":173,"neow_bonus":"ONE_RARE_RELIC","is_prod":false,"is_daily":false,"chose_seed":false,"campfire_upgraded":3,"win_rate":0,"timestamp":1555672119,"path_taken":["M","M","?","?","M","R","M","R","T","M","?","R","M","E"],"build_version":"2019-04-04","purchased_purges":0,"victory":false,"max_hp_per_floor":[66,66,66,66,66,66,66,66,66,66,66,66,66,66],"card_choices":[{"not_picked":["Poisoned Stab","Underhanded Strike"],"picked":"Acrobatics","floor":1},{"not_picked":["Masterful Stab","Deadly Poison"],"picked":"All Out Attack","floor":2},{"not_picked":["Backflip","Flying Knee"],"picked":"Backstab","floor":5},{"not_picked":["Acrobatics","Deflect"],"picked":"PiercingWail","floor":7},{"not_picked":["Deadly Poison","Outmaneuver","Flying Knee"],"picked":"Leg Sweep","floor":10},{"not_picked":["Leg Sweep","Prepared","PiercingWail"],"picked":"Footwork","floor":13}],"player_experience":2987756,"relics_obtained":[{"floor":9,"key":"Question Card"}],"event_choices":[{"damage_healed":22,"gold_gain":0,"player_choice":"Banana","damage_taken":0,"max_hp_gain":0,"max_hp_loss":0,"event_name":"Big Fish","floor":3,"gold_loss":0},{"damage_healed":0,"gold_gain":0,"player_choice":"Entered Light","damage_taken":20,"max_hp_gain":0,"max_hp_loss":0,"event_name":"Shining Light","floor":4,"gold_loss":0,"cards_upgraded":["Defend_G","Strike_G"]},{"damage_healed":0,"gold_gain":0,"player_choice":"Ignored","damage_taken":0,"max_hp_gain":0,"max_hp_loss":0,"event_name":"Liars Game","floor":11,"gold_loss":0}],"is_beta":true,"boss_relics":[],"items_purged_floors":[],"is_endless":false,"potions_floor_spawned":[13],"killed_by":"Gremlin Nob","ascension_level":17}