{"gold_per_floor":[13,26,26,46,60,60,60,91,91,107,107,87,106,123,123,196,196,207,224,60,71,71,71,105,105,128,143,153,153,153,173,173,250,250,269,269,269,286,298,298,312,338,365,365,397,414,116,130,130,130],"floor_reached":50,"playtime":4027,"items_purged":["Defend_B"],"score":1055,"play_id":"210b7293-b5fc-407e-ab61-f8edebc3ede3","local_time":"20190304203443","is_ascension_mode":true,"campfire_choices":[{"data":"Zap","floor":6.0,"key":"SMITH"},{"floor":11.0,"key":"REST"},{"data":"White Noise","floor":15.0,"key":"SMITH"},{"data":"Creative AI","floor":23.0,"key":"SMITH"},{"data":"Heatsinks","floor":25.0,"key":"SMITH"},{"floor":29.0,"key":"REST"},{"floor":32.0,"key":"REST"},{"data":"Impatience","floor":40.0,"key":"SMITH"},{"floor":44.0,"key":"RECALL"},{"floor":49.0,"key":"REST"}],"neow_cost":"NO_GOLD","seed_source_timestamp":0,"circlet_count":0,"master_deck":["AscendersBane","Defend_B","Zap+1","Dualcast","Chill","Compile Driver","Barrage","Ball Lightning","Chaos","White Noise+1","Cold Snap","Heatsinks+1","Turbo","Creative AI+1","Coolheaded+1","Double Energy+1","Seek+1","Consume+1","Self Repair","Capacitor","Loop","Coolheaded+1","Echo Form","BootSequence","Electrodynamics","Impatience+1","Hologram","Coolheaded","Defragment","White Noise+1"],"special_seed":0,"relics":["FrozenCore","Mummified Hand","Symbiotic Virus","Astrolabe","War Paint","PreservedInsect","Blood Vial","FaceOfCleric","Strawberry","Happy Flower","HandDrill"],"potions_floor_usage":[50],"damage_taken":[{"damage":0.0,"enemies":"Cultist","floor":1.0,"turns":3.0},{"damage":0.0,"enemies":"2 Louse","floor":2.0,"turns":2.0},{"damage":5.0,"enemies":"Jaw Worm","floor":4.0,"turns":4.0},{"damage":8.0,"enemies":"Looter","floor":5.0,"turns":4.0},{"damage":15.0,"enemies":"3 Sentries","floor":8.0,"turns":6.0},{"damage":0.0,"enemies":"Lots of Slimes","floor":10.0,"turns":4.0},{"damage":0.0,"enemies":"Large Slime","floor":13.0,"turns":2.0},{"damage":7.0,"enemies":"Red Slaver","floor":14.0,"turns":2.0},{"damage":34.0,"enemies":"The Guardian","floor":16.0,"turns":10.0},{"damage":7.0,"enemies":"2 Thieves","floor":18.0,"turns":4.0},{"damage":0.0,"enemies":"Spheric Guardian","floor":19.0,"turns":5.0},{"damage":8.0,"enemies":"Chosen and Byrds","floor":21.0,"turns":5.0},{"damage":24.0,"enemies":"Slavers","floor":24.0,"turns":4.0},{"damage":43.0,"enemies":"Cultist and Chosen","floor":27.0,"turns":5.0},{"damage":25.0,"enemies":"Shelled Parasite and Fungi","floor":28.0,"turns":5.0},{"damage":0.0,"enemies":"Snake Plant","floor":31.0,"turns":4.0},{"damage":10.0,"enemies":"Collector","floor":33.0,"turns":7.0},{"damage":11.0,"enemies":"Orb Walker","floor":35.0,"turns":4.0},{"damage":0.0,"enemies":"3 Shapes","floor":38.0,"turns":4.0},{"damage":13.0,"enemies":"Maw","floor":39.0,"turns":8.0},{"damage":18.0,"enemies":"Spire Growth","floor":41.0,"turns":7.0},{"damage":10.0,"enemies":"Giant Head","floor":42.0,"turns":8.0},{"damage":32.0,"enemies":"Nemesis","floor":45.0,"turns":10.0},{"damage":5.0,"enemies":"Jaw Worm Horde","floor":46.0,"turns":4.0},{"damage":19.0,"enemies":"Transient","floor":48.0,"turns":6.0},{"damage":91,"enemies":"Awakened One","floor":50,"turns":6}],"seed_played":"8138970561899290540","potions_obtained":[{"floor":2.0,"key":"FearPotion"},{"floor":5.0,"key":"Fire Potion"},{"floor":10.0,"key":"Weak Potion"},{"floor":12.0,"key":"SteroidPotion"},{"floor":19.0,"key":"Swift Potion"},{"floor":21.0,"key":"Strength Potion"},{"floor":28.0,"key":"Swift Potion"}],"is_trial":false,"path_per_floor":["M","M","?","M","M","R","?","E","T","M","R","?","M","M","R","B",null,"M","M","$","M","?","R","E","R","T","M","M","R","?","M","R","B",null,"M","?","?","M","M","R","M","E","T","R","E","M","$","M","R","B"],"character_chosen":"DEFECT","items_purchased":["War Paint","HandDrill"],"campfire_rested":4,"item_purchase_floors":[20,47],"current_hp_per_floor":[64,64,64,59,51,51,51,36,36,36,57,57,57,50,50,16,57,50,50,50,49,81,81,64,64,64,30,14,38,38,47,71,70,78,81,81,81,82,77,77,69,76,76,76,54,59,59,50,78,0],"gold":130,"neow_bonus":"THREE_RARE_CARDS","is_prod":false,"is_daily":false,"chose_seed":false,"campfire_upgraded":5,"win_rate":0,"timestamp":1551699283,"path_taken":["M","?","?","M","M","R","?","E","T","M","R","?","?","M","R","BOSS","M","M","?","M","?","R","E","R","T","M","?","R","?","M","R","BOSS","M","?","?","M","?","R","M","E","T","R","E","M","$","M","R","BOSS"],"build_version":"2019-01-23","purchased_purges":1,"victory":false,"max_hp_per_floor":[71,71,71,71,71,71,71,71,71,71,71,71,71,71,71,71,71,71,71,71,71,81,81,81,81,81,81,81,81,81,81,81,81,81,81,81,81,82,83,83,84,92,92,92,93,94,94,95,95,95],"card_choices":[{"not_picked":["Meteor Strike","Thunder Strike"],"picked":"Multi-Cast","floor":0.0},{"not_picked":["Hologram","Darkness"],"picked":"Chill","floor":1.0},{"not_picked":["Aggregate","Undo"],"picked":"Compile Driver","floor":2.0},{"not_picked":["Gash","Leap"],"picked":"Barrage","floor":4.0},{"not_picked":["Hologram","Gash"],"picked":"Ball Lightning","floor":5.0},{"not_picked":["Tempest","Blizzard"],"picked":"White Noise","floor":8.0},{"not_picked":["Sweeping Beam","Reinforced Body"],"picked":"Cold Snap","floor":10.0},{"not_picked":["Streamline","Aggregate"],"picked":"Heatsinks","floor":13.0},{"not_picked":["Rebound","Hyperbeam"],"picked":"Turbo","floor":14.0},{"not_picked":["Hyperbeam","Echo Form"],"picked":"Creative AI","floor":16.0},{"not_picked":["Steam","Sweeping Beam"],"picked":"Consume","floor":18.0},{"not_picked":["Conserve Battery","Ball Lightning"],"picked":"Self Repair","floor":19.0},{"not_picked":["Darkness","FTL"],"picked":"Capacitor","floor":21.0},{"not_picked":["Beam Cell","Skim","Chill"],"picked":"SKIP","floor":24.0},{"not_picked":["Sunder","Undo"],"picked":"Loop","floor":27.0},{"not_picked":["Cold Snap","Rebound"],"picked":"Coolheaded+1","floor":28.0},{"not_picked":["Compile Driver","Ball Lightning","Beam Cell"],"picked":"SKIP","floor":31.0},{"not_picked":["Thunder Strike","Hyperbeam"],"picked":"Electrodynamics","floor":33.0},{"not_picked":["Leap","Compile Driver","Sweeping Beam"],"picked":"SKIP","floor":35.0},{"not_picked":["Dramatic Entrance","Flash of Steel"],"picked":"Impatience","floor":36.0},{"not_picked":["Rebound","Auto Shields"],"picked":"Hologram","floor":38.0},{"not_picked":["Cold Snap+1","Redo","Undo"],"picked":"SKIP","floor":39.0},{"not_picked":["Sweeping Beam+1","Gash"],"picked":"Coolheaded","floor":41.0},{"not_picked":["BootSequence","Gash+1","Storm+1"],"picked":"SKIP","floor":42.0},{"not_picked":["Melter","Steam+1","Turbo"],"picked":"SKIP","floor":45.0},{"not_picked":["Steam Power","Hello World"],"picked":"Defragment","floor":46.0},{"not_picked":["Echo Form","Cold Snap"],"picked":"White Noise+1","floor":48.0}],"player_experience":718020,"relics_obtained":[{"floor":8.0,"key":"Mummified Hand"},{"floor":9.0,"key":"Symbiotic Virus"},{"floor":24.0,"key":"PreservedInsect"},{"floor":26.0,"key":"Blood Vial"},{"floor":42.0,"key":"Strawberry"},{"floor":45.0,"key":"Happy Flower"}],"event_choices":[{"damage_healed":0.0,"max_hp_gain":0.0,"max_hp_loss":0.0,"gold_gain":0.0,"event_name":"Liars Game","player_choice":"Ignored","floor":3.0,"gold_loss":0.0,"damage_taken":0.0},{"damage_healed":0.0,"max_hp_gain":0.0,"max_hp_loss":0.0,"gold_gain":0.0,"cards_transformed":["Strike_B"],"event_name":"Living Wall","player_choice":"Change","floor":7.0,"gold_loss":0.0,"damage_taken":0.0,"cards_obtained":["Chaos"]},{"damage_healed":0.0,"max_hp_gain":0.0,"max_hp_loss":0.0,"gold_gain":0.0,"event_name":"The Woman in Blue","player_choice":"Bought 1 Potion","floor":12.0,"gold_loss":0.0,"damage_taken":0.0},{"cards_removed":["Multi-Cast"],"damage_healed":22.0,"max_hp_gain":10.0,"max_hp_loss":0.0,"gold_gain":0.0,"event_name":"Bonfire Elementals","player_choice":"Offered Rare","floor":22.0,"gold_loss":0.0,"damage_taken":0.0},{"damage_healed":0.0,"max_hp_gain":0.0,"max_hp_loss":0.0,"gold_gain":0.0,"cards_transformed":["Defend_B","Defend_B"],"event_name":"Drug Dealer","player_choice":"Became Test Subject","floor":30.0,"gold_loss":0.0,"damage_taken":0.0,"cards_obtained":["Echo Form","BootSequence"]},{"damage_healed":0.0,"max_hp_gain":0.0,"max_hp_loss":0.0,"gold_gain":0.0,"event_name":"SensoryStone","player_choice":"Memory 1","floor":36.0,"gold_loss":0.0,"damage_taken":0.0},{"damage_healed":0.0,"max_hp_gain":0.0,"max_hp_loss":0.0,"gold_gain":0.0,"event_name":"FaceTrader","player_choice":"Trade","floor":37.0,"gold_loss":0.0,"damage_taken":0.0,"relics_obtained":["FaceOfCleric"]}],"is_beta":false,"boss_relics":[{"not_picked":["Velvet Choker","Tiny House"],"picked":"Astrolabe"},{"not_picked":["Philosopher\u0027s Stone","Pandora\u0027s Box"],"picked":"FrozenCore"}],"items_purged_floors":[47],"is_endless":false,"potions_floor_spawned":[2,5,10,13,19,21,24,28,38,42,46],"killed_by":"Awakened One","ascension_level":19}