{"gold_per_floor":[119,119,132,148,167,167,193,208,259,184,210,210,210,223,223,300,300,319,319,105,30,30,30,64,75,98,110,110,16,44,59,59,130,130,143,156,173,187,206,234,234,263,311,411,422,441,441,453,453,453,453],"floor_reached":51,"playtime":1876,"items_purged":["Strike_B"],"score":1472,"play_id":"33382b21-525a-41ad-a007-cd8a418eb320","local_time":"20190522031121","is_ascension_mode":true,"campfire_choices":[{"data":"Conserve Battery","floor":6.0,"key":"SMITH"},{"data":"Hologram","floor":12.0,"key":"SMITH"},{"data":"Sunder","floor":15.0,"key":"SMITH"},{"data":"Doom and Gloom","floor":23.0,"key":"SMITH"},{"floor":28.0,"key":"REST"},{"data":"Consume","floor":32.0,"key":"SMITH"},{"floor":41.0,"key":"REST"},{"floor":47.0,"key":"REST"},{"floor":49.0,"key":"RECALL"}],"neow_cost":"NONE","seed_source_timestamp":282821353698300,"circlet_count":0,"master_deck":["AscendersBane","Defend_B","Defend_B","Defend_B","Dualcast","Streamline","Ball Lightning","Ball Lightning","Conserve Battery+1","Cold Snap","Sunder+1","Hologram+1","Thunder Strike","Conserve Battery+1","Doom and Gloom+1","Self Repair","Sunder+1","Consume+1","Meteor Strike","Thunder Strike+1","Defragment+1","Self Repair+1","Capacitor"],"special_seed":0,"relics":["Cracked Core","Potion Belt","Singing Bowl","Snecko Eye","Ancient Tea Set","Regal Pillow","Incense Burner","Astrolabe","Pantograph","Mango","Calipers"],"potions_floor_usage":[],"damage_taken":[{"damage":7.0,"enemies":"Jaw Worm","floor":1.0,"turns":3.0},{"damage":1.0,"enemies":"Cultist","floor":3.0,"turns":3.0},{"damage":0.0,"enemies":"2 Louse","floor":4.0,"turns":2.0},{"damage":5.0,"enemies":"2 Fungi Beasts","floor":5.0,"turns":4.0},{"damage":32.0,"enemies":"Gremlin Nob","floor":7.0,"turns":4.0},{"damage":6.0,"enemies":"Looter","floor":8.0,"turns":2.0},{"damage":6.0,"enemies":"Lagavulin","floor":11.0,"turns":5.0},{"damage":3.0,"enemies":"3 Louse","floor":14.0,"turns":3.0},{"damage":32.0,"enemies":"Slime Boss","floor":16.0,"turns":8.0},{"damage":6.0,"enemies":"Spheric Guardian","floor":18.0,"turns":3.0},{"damage":14.0,"enemies":"Book of Stabbing","floor":24.0,"turns":3.0},{"damage":24.0,"enemies":"Chosen","floor":25.0,"turns":4.0},{"damage":5.0,"enemies":"Snecko","floor":27.0,"turns":3.0},{"damage":3.0,"enemies":"Slavers","floor":30.0,"turns":3.0},{"damage":0.0,"enemies":"Snake Plant","floor":31.0,"turns":1.0},{"damage":78.0,"enemies":"Champ","floor":33.0,"turns":7.0},{"damage":0.0,"enemies":"3 Shapes","floor":35.0,"turns":3.0},{"damage":0.0,"enemies":"Orb Walker","floor":36.0,"turns":2.0},{"damage":30.0,"enemies":"Spire Growth","floor":37.0,"turns":3.0},{"damage":32.0,"enemies":"Maw","floor":38.0,"turns":7.0},{"damage":16.0,"enemies":"Jaw Worm Horde","floor":39.0,"turns":3.0},{"damage":25.0,"enemies":"Giant Head","floor":40.0,"turns":6.0},{"damage":95.0,"enemies":"Nemesis","floor":42.0,"turns":7.0},{"damage":0.0,"enemies":"Mind Bloom Boss Battle","floor":44.0,"turns":5.0},{"damage":59.0,"enemies":"3 Darklings","floor":45.0,"turns":9.0},{"damage":10.0,"enemies":"Sphere and 2 Shapes","floor":46.0,"turns":11.0},{"damage":50.0,"enemies":"Writhing Mass","floor":48.0,"turns":6.0},{"damage":59.0,"enemies":"Donu and Deca","floor":50.0,"turns":9.0},{"damage":80,"enemies":"Awakened One","floor":51,"turns":16}],"seed_played":"956403557924806596","potions_obtained":[{"floor":1.0,"key":"SkillPotion"},{"floor":2.0,"key":"Fruit Juice"},{"floor":2.0,"key":"Regen Potion"},{"floor":5.0,"key":"EssenceOfSteel"},{"floor":8.0,"key":"Weak Potion"},{"floor":16.0,"key":"SkillPotion"},{"floor":25.0,"key":"Energy Potion"},{"floor":27.0,"key":"FocusPotion"},{"floor":31.0,"key":"FairyPotion"},{"floor":36.0,"key":"AttackPotion"},{"floor":37.0,"key":"Poison Potion"},{"floor":39.0,"key":"LiquidBronze"},{"floor":44.0,"key":"Dexterity Potion"},{"floor":45.0,"key":"Dexterity Potion"},{"floor":46.0,"key":"GamblersBrew"}],"is_trial":false,"path_per_floor":["M","?","M","M","M","R","E","M","T","?","E","R","?","M","R","B",null,"M","?","$","?","?","R","E","M","T","M","R","$","E","M","R","B",null,"M","M","M","M","M","E","R","E","T","?","M","M","R","M","R","B","B"],"character_chosen":"DEFECT","items_purchased":["Conserve Battery","Doom and Gloom","Consume","FearPotion"],"campfire_rested":3,"item_purchase_floors":[20,20,29,29],"current_hp_per_floor":[64,69,68,68,75,75,43,37,37,37,31,31,36,35,35,3,68,64,64,64,64,64,64,50,33,33,30,73,73,79,81,81,10,76,88,90,79,64,50,44,91,43,43,87,47,56,110,72,72,55,0],"gold":453,"neow_bonus":"TEN_PERCENT_HP_BONUS","is_prod":false,"is_daily":false,"chose_seed":false,"campfire_upgraded":5,"win_rate":0,"timestamp":1558462281,"path_taken":["M","?","M","?","M","R","E","M","T","?","E","R","?","M","R","BOSS","M","?","$","?","?","R","E","M","T","M","R","$","E","?","R","BOSS","M","M","M","M","M","E","R","E","T","?","M","M","R","M","R","BOSS","BOSS"],"build_version":"2019-01-23","purchased_purges":1,"victory":false,"max_hp_per_floor":[78,83,83,83,83,83,83,83,83,83,83,83,88,90,90,90,90,92,92,92,92,92,92,92,92,92,94,94,94,96,98,98,98,98,100,102,104,104,106,108,108,124,124,126,128,130,130,132,132,132,132],"card_choices":[{"not_picked":["Static Discharge","Coolheaded"],"picked":"Streamline","floor":1.0},{"not_picked":["Compile Driver","Conserve Battery"],"picked":"Ball Lightning","floor":3.0},{"not_picked":["Cold Snap","Blizzard"],"picked":"Ball Lightning","floor":4.0},{"not_picked":["Gash","BootSequence"],"picked":"Conserve Battery","floor":5.0},{"not_picked":["Redo","Aggregate"],"picked":"Cold Snap","floor":7.0},{"not_picked":["Gash","Rip and Tear"],"picked":"Sunder","floor":8.0},{"not_picked":["Cold Snap","Go for the Eyes"],"picked":"Hologram","floor":11.0},{"not_picked":["Stack","Streamline","Turbo"],"picked":"Singing Bowl","floor":14.0},{"not_picked":["All For One","Machine Learning"],"picked":"Thunder Strike","floor":16.0},{"not_picked":["Genetic Algorithm","Go for the Eyes","Darkness"],"picked":"Singing Bowl","floor":18.0},{"not_picked":["Cold Snap","Blizzard"],"picked":"Self Repair","floor":24.0},{"not_picked":["Coolheaded","Scrape"],"picked":"Sunder+1","floor":25.0},{"not_picked":["Barrage","Coolheaded","Turbo"],"picked":"Singing Bowl","floor":27.0},{"not_picked":["Sweeping Beam","Reboot","Leap"],"picked":"Singing Bowl","floor":30.0},{"not_picked":["Steam","Fusion","Go for the Eyes"],"picked":"Singing Bowl","floor":31.0},{"not_picked":["Seek","Machine Learning"],"picked":"Meteor Strike","floor":33.0},{"not_picked":["Gash","Stack","Rebound"],"picked":"Singing Bowl","floor":35.0},{"not_picked":["Go for the Eyes","Hello World","Cold Snap+1"],"picked":"Singing Bowl","floor":36.0},{"not_picked":["Reprogram","Lockon","Darkness"],"picked":"Singing Bowl","floor":37.0},{"not_picked":["Fission","Melter+1"],"picked":"Capacitor","floor":38.0},{"not_picked":["Compile Driver","Redo","Barrage"],"picked":"Singing Bowl","floor":39.0},{"not_picked":["Static Discharge","Barrage+1","Gash"],"picked":"Singing Bowl","floor":40.0},{"not_picked":["Blizzard","Barrage","Genetic Algorithm"],"picked":"Singing Bowl","floor":42.0},{"not_picked":["Sweeping Beam","Redo","Melter"],"picked":"Singing Bowl","floor":44.0},{"not_picked":["Thunder Strike","Turbo","Gash"],"picked":"Singing Bowl","floor":45.0},{"not_picked":["Compile Driver","Barrage","Steam"],"picked":"Singing Bowl","floor":46.0},{"not_picked":["Self Repair","Streamline+1","Rip and Tear"],"picked":"Singing Bowl","floor":48.0}],"player_experience":5103203,"relics_obtained":[{"floor":9.0,"key":"Potion Belt"},{"floor":11.0,"key":"Singing Bowl"},{"floor":24.0,"key":"Ancient Tea Set"},{"floor":26.0,"key":"Regal Pillow"},{"floor":30.0,"key":"Incense Burner"},{"floor":40.0,"key":"Pantograph"},{"floor":42.0,"key":"Mango"},{"floor":44.0,"key":"Calipers"}],"event_choices":[{"damage_healed":0.0,"max_hp_gain":0.0,"max_hp_loss":0.0,"gold_gain":0.0,"event_name":"Lab","player_choice":"Got Potions","floor":2.0,"gold_loss":0.0,"damage_taken":0.0},{"cards_removed":["Strike_B"],"damage_healed":0.0,"max_hp_gain":0.0,"max_hp_loss":0.0,"gold_gain":0.0,"event_name":"The Cleric","player_choice":"Card Removal","floor":10.0,"gold_loss":75.0,"damage_taken":0.0},{"damage_healed":0.0,"max_hp_gain":5.0,"max_hp_loss":0.0,"gold_gain":0.0,"event_name":"Big Fish","player_choice":"Donut","floor":13.0,"gold_loss":0.0,"damage_taken":0.0},{"damage_healed":0.0,"max_hp_gain":0.0,"max_hp_loss":0.0,"gold_gain":0.0,"event_name":"Vampires","player_choice":"Ignored","floor":19.0,"gold_loss":0.0,"damage_taken":0.0},{"cards_removed":["Strike_B"],"damage_healed":0.0,"max_hp_gain":0.0,"max_hp_loss":0.0,"gold_gain":0.0,"event_name":"Beggar","player_choice":"Gave Gold","floor":21.0,"gold_loss":75.0,"damage_taken":0.0},{"damage_healed":0.0,"max_hp_gain":0.0,"max_hp_loss":0.0,"gold_gain":0.0,"event_name":"Accursed Blacksmith","player_choice":"Forge","floor":22.0,"gold_loss":0.0,"damage_taken":0.0,"cards_upgraded":["Conserve Battery"]},{"damage_healed":0.0,"max_hp_gain":0.0,"max_hp_loss":0.0,"gold_gain":0.0,"event_name":"MindBloom","player_choice":"Fight","floor":44.0,"gold_loss":0.0,"damage_taken":0.0}],"is_beta":false,"boss_relics":[{"not_picked":["Calling Bell","Runic Dome"],"picked":"Snecko Eye"},{"not_picked":["Empty Cage","Cursed Key"],"picked":"Astrolabe"}],"items_purged_floors":[20],"is_endless":false,"potions_floor_spawned":[1,5,8,16,25,27,31,36,37,39,44,45,46],"killed_by":"Awakened One","ascension_level":20}