{"gold_per_floor":[111,35,35,52,52,52,52,52,129,154,154,172,213,227,227,350,350,365,288,308,308,308,308],"floor_reached":23,"playtime":1109,"items_purged":[],"score":189,"play_id":"9e80c4da-1218-49cd-8042-1960711560bd","local_time":"20190218190158","is_ascension_mode":false,"campfire_choices":[{"floor":6,"key":"REST"},{"data":"Caltrops","floor":8,"key":"SMITH"},{"data":"Poisoned Stab","floor":11,"key":"SMITH"},{"floor":15,"key":"REST"}],"neow_cost":"NONE","seed_source_timestamp":86492331238178,"circlet_count":0,"master_deck":["Defend_G+1","Defend_G+1","Defend_G+1","Defend_G+1","Defend_G+1","Strike_G+1","Strike_G+1","Strike_G+1","Strike_G+1","Strike_G+1","Survivor","Neutralize","Poisoned Stab+1","Caltrops+1","Crippling Poison","Slice","Caltrops","Footwork","Poisoned Stab","Venomology","Deadly Poison+1","Catalyst+1","Slice"],"relics":["Ring of the Snake","Dream Catcher","Golden Idol","Shuriken","Prayer Wheel","White Beast Statue"],"potions_floor_usage":[21,21],"damage_taken":[{"damage":1,"enemies":"Cultist","floor":1,"turns":4},{"damage":2,"enemies":"2 Louse","floor":4,"turns":3},{"damage":0,"enemies":"Jaw Worm","floor":10,"turns":4},{"damage":0,"enemies":"Blue Slaver","floor":12,"turns":5},{"damage":4,"enemies":"3 Sentries","floor":13,"turns":8},{"damage":4,"enemies":"Looter","floor":14,"turns":3},{"damage":21,"enemies":"The Guardian","floor":16,"turns":9},{"damage":0,"enemies":"3 Byrds","floor":18,"turns":2},{"damage":25,"enemies":"Shell Parasite","floor":20,"turns":4},{"damage":22,"enemies":"Colosseum Slavers","floor":21,"turns":4},{"damage":25,"enemies":"Book of Stabbing","floor":23,"turns":4}],"seed_played":"-6523598850802578315","potions_obtained":[{"floor":10,"key":"Ancient Potion"},{"floor":13,"key":"Poison Potion"},{"floor":16,"key":"Fire Potion"},{"floor":18,"key":"LiquidBronze"}],"is_trial":false,"path_per_floor":["M","$","$","M","?","R","$","R","T","M","R","M","E","M","R","B",null,"M","$","M","?","?","E"],"character_chosen":"THE_SILENT","items_purchased":["Caltrops","LiquidBronze"],"campfire_rested":2,"item_purchase_floors":[2,19],"current_hp_per_floor":[69,69,69,67,50,70,70,70,70,70,70,70,66,62,70,49,70,70,70,45,23,23,0],"gold":308,"neow_bonus":"RANDOM_COMMON_RELIC","is_prod":false,"is_daily":false,"chose_seed":false,"campfire_upgraded":2,"win_rate":0,"timestamp":1550509318,"path_taken":["M","?","$","M","?","R","?","R","T","M","R","M","E","M","R","BOSS","M","$","M","?","?","E"],"build_version":"2019-01-23","purchased_purges":0,"victory":false,"max_hp_per_floor":[70,70,70,70,70,70,70,70,70,70,70,70,70,70,70,70,70,70,70,70,70,70,70],"card_choices":[{"not_picked":["Prepared","Riddle With Holes"],"picked":"Poisoned Stab","floor":1},{"not_picked":["Dodge and Roll","Quick Slash"],"picked":"Crippling Poison","floor":4},{"not_picked":["Eviscerate","Outmaneuver","Prepared"],"picked":"SKIP","floor":10},{"not_picked":["Night Terror","Outmaneuver"],"picked":"Slice","floor":12},{"not_picked":["Tools of the Trade","Skewer","Accuracy"],"picked":"SKIP","floor":13},{"not_picked":["Prepared","Acrobatics"],"picked":"Caltrops","floor":14},{"not_picked":["Heel Hook","Sucker Punch"],"picked":"Footwork","floor":14},{"not_picked":["Reflex","Glass Knife"],"picked":"Poisoned Stab","floor":15},{"not_picked":["Malaise","Wraith Form v2"],"picked":"Venomology","floor":16},{"not_picked":["Dodge and Roll","Escape Plan"],"picked":"Deadly Poison+1","floor":18},{"not_picked":["Blur","Skewer+1"],"picked":"Catalyst+1","floor":18},{"not_picked":["Predator+1","Quick Slash"],"picked":"Slice","floor":20},{"not_picked":["Glass Knife","Dagger Throw+1","Quick Slash+1"],"picked":"SKIP","floor":20}],"player_experience":971746,"relics_obtained":[{"floor":9,"key":"Shuriken"},{"floor":13,"key":"Prayer Wheel"}],"event_choices":[{"damage_healed":0,"gold_gain":0,"player_choice":"Take Damage","damage_taken":17,"relics_obtained":["Golden Idol"],"max_hp_gain":0,"max_hp_loss":0,"event_name":"Golden Idol","floor":5,"gold_loss":0},{"damage_healed":0,"gold_gain":0,"player_choice":"Fight","damage_taken":0,"max_hp_gain":0,"max_hp_loss":0,"event_name":"Colosseum","floor":21,"gold_loss":0},{"damage_healed":0,"gold_gain":0,"player_choice":"Fled From Nobs","damage_taken":0,"max_hp_gain":0,"max_hp_loss":0,"event_name":"Colosseum","floor":21,"gold_loss":0},{"damage_healed":0,"gold_gain":0,"player_choice":"Simplicity","damage_taken":0,"max_hp_gain":0,"max_hp_loss":0,"event_name":"Back to Basics","floor":22,"gold_loss":0,"cards_upgraded":["Defend_G","Defend_G","Defend_G","Defend_G","Defend_G","Strike_G","Strike_G","Strike_G","Strike_G","Strike_G"]}],"is_beta":false,"boss_relics":[{"not_picked":["Velvet Choker","Runic Dome"],"picked":"White Beast Statue"}],"items_purged_floors":[],"is_endless":false,"potions_floor_spawned":[10,13,16,18,20,21],"killed_by":"Book of Stabbing","ascension_level":0}