{"gold_per_floor":[112,20,39,52,63,63,94,94,94,94,114,147,147,0,0,72,72,83,83,95,107,107,107,132,132,132,132,132,132,149,166,166,238,238,252,152,169,15,70,104,84,115,115,115,127,152,172,184,184,184,184,184,26,54,54],"floor_reached":56,"playtime":5241,"items_purged":["Strike_G","Strike_G"],"score":2333,"play_id":"384bb7fd-4181-42a1-9f80-cb7507c1c878","local_time":"20190109042247","is_ascension_mode":true,"campfire_choices":[{"data":"Skewer","floor":6.0,"key":"SMITH"},{"data":"Footwork","floor":8.0,"key":"SMITH"},{"data":"Cloak And Dagger","floor":10.0,"key":"SMITH"},{"data":"Cloak And Dagger","floor":15.0,"key":"SMITH"},{"data":"Cloak And Dagger","floor":23.0,"key":"SMITH"},{"data":"Neutralize","floor":25.0,"key":"SMITH"},{"data":"Calculated Gamble","floor":29.0,"key":"SMITH"},{"data":"Madness","floor":32.0,"key":"SMITH"},{"floor":44.0,"key":"RECALL"},{"floor":49.0,"key":"REST"},{"floor":52.0,"key":"REST"}],"neow_cost":"NONE","seed_source_timestamp":552598967250064,"circlet_count":0,"master_deck":["AscendersBane","Defend_G+1","Defend_G","Defend_G","Defend_G","Defend_G+1","Strike_G+1","Strike_G+1","Strike_G","Survivor","Neutralize+1","Madness+1","Skewer+1","Dash","Footwork+1","Cloak And Dagger+1","Cloak And Dagger+1","After Image","Cloak And Dagger+1","Leg Sweep","Ghostly","Ghostly","Ghostly","Backstab","Calculated Gamble+1","Backstab","After Image","Infinite Blades","Blur","Blade Dance+1","Calculated Gamble+1","Infinite Blades+1","Terror+1","Envenom"],"special_seed":0,"relics":["Ring of the Snake","Mercury Hourglass","Dead Branch","Mango","Philosopher\u0027s Stone","Lantern","Thread and Needle","Fusion Hammer","Torii","Dream Catcher","Whetstone","War Paint","Dodecahedron"],"potions_floor_usage":[55,55],"damage_taken":[{"damage":0.0,"enemies":"Cultist","floor":1.0,"turns":4.0},{"damage":2.0,"enemies":"Small Slimes","floor":3.0,"turns":7.0},{"damage":0.0,"enemies":"2 Louse","floor":4.0,"turns":2.0},{"damage":9.0,"enemies":"Large Slime","floor":5.0,"turns":9.0},{"damage":25.0,"enemies":"3 Sentries","floor":7.0,"turns":13.0},{"damage":0.0,"enemies":"3 Louse","floor":11.0,"turns":2.0},{"damage":1.0,"enemies":"Gremlin Nob","floor":12.0,"turns":4.0},{"damage":0.0,"enemies":"The Guardian","floor":16.0,"turns":12.0},{"damage":2.0,"enemies":"2 Thieves","floor":18.0,"turns":3.0},{"damage":30.0,"enemies":"Spheric Guardian","floor":20.0,"turns":8.0},{"damage":1.0,"enemies":"3 Cultists","floor":21.0,"turns":5.0},{"damage":21.0,"enemies":"Book of Stabbing","floor":24.0,"turns":8.0},{"damage":0.0,"enemies":"Shelled Parasite and Fungi","floor":30.0,"turns":6.0},{"damage":0.0,"enemies":"Centurion and Healer","floor":31.0,"turns":5.0},{"damage":0.0,"enemies":"Collector","floor":33.0,"turns":10.0},{"damage":3.0,"enemies":"3 Shapes","floor":35.0,"turns":4.0},{"damage":0.0,"enemies":"Orb Walker","floor":37.0,"turns":3.0},{"damage":0.0,"enemies":"2 Orb Walkers","floor":39.0,"turns":4.0},{"damage":0.0,"enemies":"Nemesis","floor":40.0,"turns":10.0},{"damage":0.0,"enemies":"Giant Head","floor":42.0,"turns":8.0},{"damage":0.0,"enemies":"Sphere and 2 Shapes","floor":45.0,"turns":6.0},{"damage":0.0,"enemies":"Nemesis","floor":46.0,"turns":5.0},{"damage":0.0,"enemies":"Jaw Worm Horde","floor":47.0,"turns":1.0},{"damage":0.0,"enemies":"Writhing Mass","floor":48.0,"turns":9.0},{"damage":31.0,"enemies":"Awakened One","floor":50.0,"turns":12.0},{"damage":0.0,"enemies":"Shield and Spear","floor":54.0,"turns":5.0},{"damage":6,"enemies":"The Heart","floor":55,"turns":9}],"seed_played":"-7617753209210223121","potions_obtained":[{"floor":3.0,"key":"Energy Potion"},{"floor":13.0,"key":"Ancient Potion"},{"floor":20.0,"key":"PowerPotion"},{"floor":24.0,"key":"Poison Potion"},{"floor":30.0,"key":"Dexterity Potion"},{"floor":33.0,"key":"Swift Potion"},{"floor":54.0,"key":"GhostInAJar"}],"is_trial":false,"path_per_floor":["M","$","M","M","M","R","E","R","T","R","M","E","?","$","R","B",null,"M","?","M","M","?","R","E","R","T","?","?","R","M","M","R","B",null,"M","$","M","$","?","E","?","E","T","R","M","E","M","M","R","B",null,"R","$","E","B",null],"character_chosen":"THE_SILENT","items_purchased":["Madness","Regen Potion","Infinite Blades","Blur","Envenom"],"campfire_rested":2,"item_purchase_floors":[2,14,38,38,53],"current_hp_per_floor":[65,65,63,63,54,54,29,29,29,29,29,42,42,42,42,42,75,73,73,57,56,43,43,22,22,22,22,12,12,12,12,12,12,39,36,36,36,36,36,36,36,36,36,36,36,36,36,36,48,17,40,48,48,48,42],"gold":54,"neow_bonus":"TEN_PERCENT_HP_BONUS","is_prod":false,"is_daily":false,"chose_seed":false,"campfire_upgraded":8,"win_rate":0,"timestamp":1546975367,"path_taken":["M","?","M","?","M","R","E","R","T","R","M","E","?","?","R","BOSS","M","?","M","M","?","R","E","R","T","?","?","R","?","M","R","BOSS","M","$","?","$","?","E","?","E","T","R","?","E","M","M","R","BOSS","R","$","E","BOSS"],"build_version":"2019-01-07","purchased_purges":2,"victory":true,"max_hp_per_floor":[72,72,72,72,72,72,72,72,72,72,72,86,86,86,86,86,86,86,86,86,86,43,43,43,43,43,43,48,48,48,48,48,48,48,48,48,48,48,48,48,48,48,48,48,48,48,48,48,48,48,48,48,48,48,48],"card_choices":[{"not_picked":["Acrobatics","Poisoned Stab","Blade Dance"],"picked":"SKIP","floor":1.0},{"not_picked":["Deflect","Acrobatics"],"picked":"Skewer","floor":3.0},{"not_picked":["Crippling Poison","Grand Finale"],"picked":"Dash","floor":4.0},{"not_picked":["Blur","Bouncing Flask"],"picked":"Footwork","floor":5.0},{"not_picked":["Backflip","Blade Dance"],"picked":"Cloak And Dagger","floor":7.0},{"not_picked":["Dagger Spray","Finisher"],"picked":"Cloak And Dagger","floor":11.0},{"not_picked":["Bane","Flying Knee","Deadly Poison"],"picked":"SKIP","floor":12.0},{"not_picked":["Tools of the Trade","Envenom"],"picked":"After Image","floor":16.0},{"not_picked":["Leg Sweep","Flying Knee"],"picked":"Cloak And Dagger","floor":18.0},{"not_picked":["Prepared","Concentrate"],"picked":"Leg Sweep","floor":20.0},{"not_picked":["Underhanded Strike","Reflex","Cloak And Dagger"],"picked":"SKIP","floor":21.0},{"not_picked":["Cloak And Dagger","Dodge and Roll"],"picked":"Backstab","floor":24.0},{"not_picked":["Dagger Spray","Prepared"],"picked":"Backstab","floor":30.0},{"not_picked":["Concentrate","Flechettes","Dagger Spray"],"picked":"SKIP","floor":31.0},{"not_picked":["Grand Finale","Wraith Form v2"],"picked":"After Image","floor":33.0},{"not_picked":["Bouncing Flask+1","Dagger Spray+1","Cloak And Dagger"],"picked":"SKIP","floor":35.0},{"not_picked":["Flechettes","Blade Dance","Sucker Punch"],"picked":"SKIP","floor":37.0},{"not_picked":["Concentrate+1","Blade Dance","Blur"],"picked":"SKIP","floor":40.0},{"not_picked":["Backflip","Endless Agony"],"picked":"Blade Dance+1","floor":42.0},{"not_picked":["Cloak And Dagger","Choke","Backstab"],"picked":"SKIP","floor":45.0},{"not_picked":["Acrobatics","Slice","A Thousand Cuts"],"picked":"SKIP","floor":46.0},{"not_picked":["Blur","Cloak And Dagger"],"picked":"Calculated Gamble+1","floor":47.0},{"not_picked":["Cloak And Dagger","Outmaneuver"],"picked":"Infinite Blades+1","floor":48.0},{"not_picked":["PiercingWail+1","Dagger Spray+1"],"picked":"Terror+1","floor":52.0},{"not_picked":["Tactician","Flying Knee","Slice"],"picked":"SKIP","floor":54.0}],"player_experience":2624321,"relics_obtained":[{"floor":7.0,"key":"Mercury Hourglass"},{"floor":9.0,"key":"Dead Branch"},{"floor":12.0,"key":"Mango"},{"floor":24.0,"key":"Lantern"},{"floor":26.0,"key":"Thread and Needle"},{"floor":39.0,"key":"Torii"},{"floor":40.0,"key":"Dream Catcher"},{"floor":42.0,"key":"Whetstone"},{"floor":46.0,"key":"War Paint"},{"floor":54.0,"key":"Dodecahedron"}],"event_choices":[{"damage_healed":0.0,"max_hp_gain":0.0,"max_hp_loss":0.0,"gold_gain":0.0,"event_name":"Lab","player_choice":"Got Potions","floor":13.0,"gold_loss":0.0,"damage_taken":0.0},{"damage_healed":0.0,"max_hp_gain":0.0,"max_hp_loss":43.0,"gold_gain":0.0,"event_name":"Ghosts","player_choice":"Became a Ghost","floor":22.0,"gold_loss":0.0,"damage_taken":0.0,"cards_obtained":["Ghostly","Ghostly","Ghostly"]},{"damage_healed":0.0,"max_hp_gain":0.0,"max_hp_loss":0.0,"gold_gain":0.0,"event_name":"The Library","player_choice":"Read","floor":27.0,"gold_loss":0.0,"damage_taken":0.0,"cards_obtained":["Calculated Gamble"]},{"damage_healed":0.0,"max_hp_gain":5.0,"max_hp_loss":0.0,"gold_gain":0.0,"event_name":"Forgotten Altar","player_choice":"Shed Blood","floor":28.0,"gold_loss":0.0,"damage_taken":15.0},{"damage_healed":0.0,"max_hp_gain":0.0,"max_hp_loss":0.0,"gold_gain":0.0,"event_name":"Mysterious Sphere","player_choice":"Fight","floor":39.0,"gold_loss":0.0,"damage_taken":0.0},{"damage_healed":0.0,"max_hp_gain":0.0,"max_hp_loss":0.0,"gold_gain":0.0,"event_name":"The Woman in Blue","player_choice":"Bought 1 Potion","floor":41.0,"gold_loss":0.0,"damage_taken":0.0}],"is_beta":true,"boss_relics":[{"not_picked":["Coffee Dripper","HoveringKite"],"picked":"Philosopher\u0027s Stone"},{"not_picked":["Tiny House","Eternal Feather"],"picked":"Fusion Hammer"}],"items_purged_floors":[14,36],"is_endless":false,"potions_floor_spawned":[3,16,20,24,30,33,37,45,46,47,48,54],"ascension_level":15}