{"gold_per_floor":[210,210,185,198,213,213,227,227,250,266,218,218,244,259,259,259],"floor_reached":16,"playtime":887,"items_purged":[],"score":173,"play_id":"0b0c0956-0bf5-4cb0-a89f-ffed1be105d8","local_time":"20190509193401","is_ascension_mode":true,"campfire_choices":[{"data":"Corruption","floor":6,"key":"SMITH"},{"data":"Warcry","floor":8,"key":"SMITH"},{"floor":15,"key":"REST"}],"neow_cost":"NONE","seed_source_timestamp":2426158368788337,"circlet_count":0,"master_deck":["AscendersBane","Strike_R","Strike_R","Strike_R","Strike_R","Strike_R","Defend_R","Defend_R","Defend_R","Defend_R","Bash","Corruption+1","Havoc","Warcry+1","Reaper","Battle Trance","Feel No Pain","Pommel Strike","Flame Barrier","Shrug It Off"],"relics":["Burning Blood","Ancient Tea Set","Smiling Mask","Oddly Smooth Stone"],"potions_floor_usage":[4,7,10,16],"damage_taken":[{"damage":11,"enemies":"Jaw Worm","floor":1,"turns":5},{"damage":10,"enemies":"Cultist","floor":4,"turns":5},{"damage":13,"enemies":"2 Louse","floor":5,"turns":3},{"damage":13,"enemies":"Blue Slaver","floor":7,"turns":4},{"damage":0,"enemies":"Large Slime","floor":10,"turns":5},{"damage":15,"enemies":"3 Sentries","floor":13,"turns":9},{"damage":43,"enemies":"Exordium Thugs","floor":14,"turns":7},{"damage":74,"enemies":"Hexaghost","floor":16,"turns":11}],"seed_played":"8009750514240789767","potions_obtained":[{"floor":1,"key":"Regen Potion"},{"floor":2,"key":"AttackPotion"},{"floor":4,"key":"Poison Potion"},{"floor":10,"key":"FearPotion"},{"floor":14,"key":"AttackPotion"}],"is_trial":false,"path_per_floor":["M","?","$","M","M","R","M","R","T","M","$","?","E","M","R","B"],"character_chosen":"IRONCLAD","items_purchased":["Havoc","Pommel Strike"],"campfire_rested":1,"item_purchase_floors":[3,11],"current_hp_per_floor":[63,63,63,73,66,66,63,63,63,75,75,75,73,44,66,0],"gold":259,"neow_bonus":"HUNDRED_GOLD","is_prod":false,"is_daily":false,"chose_seed":false,"campfire_upgraded":2,"win_rate":0,"timestamp":1557419641,"path_taken":["M","?","$","M","?","R","M","R","T","M","$","?","E","M","R","BOSS"],"build_version":"2019-01-23","purchased_purges":0,"victory":false,"max_hp_per_floor":[75,75,75,75,75,75,75,75,75,75,75,75,75,75,75,75],"card_choices":[{"not_picked":["Thunderclap","Rupture"],"picked":"Corruption","floor":1},{"not_picked":["Havoc","Spot Weakness"],"picked":"Warcry","floor":4},{"not_picked":["True Grit","Cleave"],"picked":"Reaper","floor":5},{"not_picked":["Iron Wave","Whirlwind"],"picked":"Battle Trance","floor":7},{"not_picked":["Carnage","Perfected Strike"],"picked":"Feel No Pain","floor":10},{"not_picked":["Twin Strike","Body Slam"],"picked":"Flame Barrier","floor":13},{"not_picked":["Reaper","Pummel"],"picked":"Shrug It Off","floor":14}],"player_experience":1324673,"relics_obtained":[{"floor":9,"key":"Ancient Tea Set"},{"floor":13,"key":"Oddly Smooth Stone"}],"event_choices":[{"damage_healed":0,"gold_gain":0,"player_choice":"Got Potions","damage_taken":0,"max_hp_gain":0,"max_hp_loss":0,"event_name":"Lab","floor":2,"gold_loss":0},{"damage_healed":0,"gold_gain":0,"player_choice":"Searched \u00272\u0027 times","damage_taken":0,"relics_obtained":["Smiling Mask"],"max_hp_gain":0,"max_hp_loss":0,"event_name":"Dead Adventurer","floor":12,"gold_loss":0}],"is_beta":false,"boss_relics":[],"items_purged_floors":[],"is_endless":false,"potions_floor_spawned":[1,4,10,14],"killed_by":"Hexaghost","ascension_level":14}