{"gold_per_floor":[20,35,50,61,61,61,90,106,130,130,130,140,140,173,173,252,302,321,246,171,171],"floor_reached":21,"playtime":1340,"items_purged":["Strike_B"],"score":340,"play_id":"f0859bff-3455-42fb-bae6-3c28e313f145","local_time":"20190215214212","is_ascension_mode":true,"campfire_choices":[{"data":"Magnetism","floor":6.0,"key":"SMITH"},{"data":"Discovery","floor":10.0,"key":"SMITH"},{"floor":13.0,"key":"REST"},{"data":"Hologram","floor":15.0,"key":"SMITH"}],"neow_cost":"NO_GOLD","seed_source_timestamp":85883007424237,"circlet_count":0,"master_deck":["AscendersBane","Strike_B","Strike_B","Defend_B","Defend_B","Defend_B+1","Defend_B+1","Zap","Dualcast","Discovery+1","Magnetism+1","Gash","Leap+1","Redo","Hologram+1","Conserve Battery","Turbo","Rebound","Buffer","Genetic Algorithm","White Noise"],"special_seed":0,"relics":["Cracked Core","Strawberry","War Paint","Juzu Bracelet","Tiny House"],"potions_floor_usage":[],"damage_taken":[{"damage":0.0,"enemies":"Small Slimes","floor":1.0,"turns":2.0},{"damage":12.0,"enemies":"Jaw Worm","floor":2.0,"turns":3.0},{"damage":0.0,"enemies":"Cultist","floor":3.0,"turns":4.0},{"damage":0.0,"enemies":"3 Louse","floor":4.0,"turns":1.0},{"damage":7.0,"enemies":"3 Sentries","floor":7.0,"turns":5.0},{"damage":10.0,"enemies":"Blue Slaver","floor":8.0,"turns":5.0},{"damage":9.0,"enemies":"Exordium Wildlife","floor":12.0,"turns":4.0},{"damage":3.0,"enemies":"Lagavulin","floor":14.0,"turns":9.0},{"damage":4.0,"enemies":"The Guardian","floor":16.0,"turns":10.0},{"damage":47.0,"enemies":"Spheric Guardian","floor":18.0,"turns":11.0},{"damage":2.0,"enemies":"2 Thieves","floor":19.0,"turns":5.0},{"damage":35,"enemies":"Shelled Parasite and Fungi","floor":21,"turns":5}],"seed_played":"8608188223122776996","potions_obtained":[{"floor":3.0,"key":"AttackPotion"},{"floor":4.0,"key":"Weak Potion"},{"floor":8.0,"key":"LiquidBronze"},{"floor":14.0,"key":"AttackPotion"},{"floor":16.0,"key":"FocusPotion"}],"is_trial":false,"path_per_floor":["M","M","M","M","?","R","E","M","T","R","?","M","R","E","R","B",null,"M","M","$","M"],"character_chosen":"DEFECT","items_purchased":[],"campfire_rested":1,"item_purchase_floors":[],"current_hp_per_floor":[64,52,52,52,52,52,52,42,42,42,42,33,56,53,53,49,76,29,27,27,0],"gold":171,"neow_bonus":"RANDOM_COLORLESS_2","is_prod":false,"is_daily":false,"chose_seed":false,"campfire_upgraded":3,"win_rate":0,"timestamp":1550234532,"path_taken":["M","M","M","M","?","R","E","M","T","R","?","M","R","E","R","BOSS","M","M","$","M"],"build_version":"2019-01-23","purchased_purges":1,"victory":false,"max_hp_per_floor":[71,71,71,71,71,71,78,78,78,78,78,78,78,78,78,78,83,83,83,83,83],"card_choices":[{"not_picked":["Capacitor","Darkness"],"picked":"Gash","floor":1.0},{"not_picked":["Reinforced Body","Beam Cell"],"picked":"Leap","floor":2.0},{"not_picked":["Force Field","Turbo"],"picked":"Redo","floor":3.0},{"not_picked":["Loop","Stack"],"picked":"Hologram","floor":4.0},{"not_picked":["Barrage","Darkness","Doom and Gloom"],"picked":"SKIP","floor":7.0},{"not_picked":["Redo","Rebound"],"picked":"Conserve Battery","floor":8.0},{"not_picked":["Stack","Force Field"],"picked":"Turbo","floor":12.0},{"not_picked":["Amplify","Stack"],"picked":"Rebound","floor":14.0},{"not_picked":["Meteor Strike","Rainbow"],"picked":"Buffer","floor":16.0},{"not_picked":["Stack","Beam Cell"],"picked":"Genetic Algorithm","floor":17.0},{"not_picked":["Sweeping Beam","Conserve Battery"],"picked":"White Noise","floor":18.0},{"not_picked":["Compile Driver","Conserve Battery","Leap"],"picked":"SKIP","floor":19.0}],"player_experience":627957,"relics_obtained":[{"floor":7.0,"key":"Strawberry"},{"floor":9.0,"key":"War Paint"},{"floor":14.0,"key":"Juzu Bracelet"}],"event_choices":[{"damage_healed":0.0,"max_hp_gain":0.0,"max_hp_loss":0.0,"gold_gain":0.0,"event_name":"Liars Game","player_choice":"Ignored","floor":5.0,"gold_loss":0.0,"damage_taken":0.0},{"cards_removed":["Strike_B"],"damage_healed":0.0,"max_hp_gain":0.0,"max_hp_loss":0.0,"gold_gain":0.0,"event_name":"Purifier","player_choice":"Purged","floor":11.0,"gold_loss":0.0,"damage_taken":0.0}],"is_beta":false,"boss_relics":[{"not_picked":["White Beast Statue","Lizard Tail"],"picked":"Tiny House"}],"items_purged_floors":[20],"is_endless":false,"potions_floor_spawned":[3,4,8,14,16],"killed_by":"Shelled Parasite and Fungi","ascension_level":16}