{"gold_per_floor":[113,113,113,126,2,2,2,34,85,99,99,116,191,210,210,314,314,332,332,344,366,28,39,65,75,75,75],"floor_reached":27,"playtime":1305,"items_purged":["Strike_R","Strike_R"],"score":297,"play_id":"74eb7a8c-17c6-4497-a65f-51d23ecce38f","local_time":"20181229153833","is_ascension_mode":true,"campfire_choices":[{"data":"Bash","floor":6,"key":"SMITH"},{"data":"Cleave","floor":11,"key":"SMITH"},{"floor":15,"key":"RECALL"}],"neow_cost":"NONE","seed_source_timestamp":583420032884325,"circlet_count":0,"master_deck":["Strike_R+1","Strike_R","Strike_R","Defend_R","Defend_R","Defend_R","Defend_R","Bash+1","Shrug It Off+1","Headbutt","True Grit","Cleave+1","Thunderclap","Double Tap","Flex","Iron Wave+1","Twin Strike+1"],"relics":["Burning Blood","NeowsBlessing","Potion Belt","Bronze Scales","Orichalcum","White Beast Statue","MawBank","Kunai","Happy Flower"],"potions_floor_usage":[18,21,23,24,24,25,27],"damage_taken":[{"damage":0,"enemies":"Small Slimes","floor":1,"turns":2},{"damage":0,"enemies":"2 Louse","floor":4,"turns":1},{"damage":0,"enemies":"Gremlin Nob","floor":8,"turns":1},{"damage":1,"enemies":"Jaw Worm","floor":10,"turns":3},{"damage":2,"enemies":"Blue Slaver","floor":12,"turns":2},{"damage":10,"enemies":"Lots of Slimes","floor":14,"turns":2},{"damage":32,"enemies":"Slime Boss","floor":16,"turns":9},{"damage":2,"enemies":"Chosen","floor":18,"turns":5},{"damage":10,"enemies":"Shell Parasite","floor":21,"turns":4},{"damage":13,"enemies":"Cultist and Chosen","floor":23,"turns":8},{"damage":48,"enemies":"Book of Stabbing","floor":24,"turns":6},{"damage":4,"enemies":"3 Cultists","floor":25,"turns":4},{"damage":33,"enemies":"Shelled Parasite and Fungi","floor":27,"turns":2}],"seed_played":"-1856790802690217076","potions_obtained":[{"floor":1,"key":"Energy Potion"},{"floor":4,"key":"SpeedPotion"},{"floor":14,"key":"GamblersBrew"},{"floor":18,"key":"Block Potion"},{"floor":21,"key":"GamblersBrew"},{"floor":23,"key":"Poison Potion"},{"floor":24,"key":"SkillPotion"},{"floor":25,"key":"Strength Potion"}],"is_trial":false,"path_per_floor":["M","?","?","M","$","R","$","E","T","M","R","M","?","M","R","B",null,"M","?","?","M","$","M","E","M","T","M"],"character_chosen":"IRONCLAD","items_purchased":["True Grit","Kunai"],"campfire_rested":0,"item_purchase_floors":[5,22],"current_hp_per_floor":[80,62,46,52,52,52,52,58,58,63,63,67,56,52,52,26,80,80,80,80,76,76,69,27,29,29,0],"gold":75,"neow_bonus":"THREE_ENEMY_KILL","is_prod":false,"is_daily":false,"chose_seed":false,"campfire_upgraded":2,"win_rate":0,"timestamp":1546065513,"path_taken":["M","?","?","M","?","R","?","E","T","?","R","M","?","M","R","BOSS","M","?","?","M","$","M","E","M","T","M"],"build_version":"2018-12-20","purchased_purges":2,"victory":false,"max_hp_per_floor":[80,80,80,80,80,80,80,80,80,80,80,80,80,80,80,80,80,80,80,80,80,80,80,80,80,80,80],"card_choices":[{"not_picked":["Blood for Blood","Flame Barrier"],"picked":"Shrug It Off","floor":1},{"not_picked":["Anger","Twin Strike"],"picked":"Headbutt","floor":4},{"not_picked":["Headbutt","Carnage","Searing Blow"],"picked":"SKIP","floor":8},{"not_picked":["Havoc","Thunderclap"],"picked":"Cleave","floor":10},{"not_picked":["Heavy Blade","Havoc"],"picked":"Thunderclap","floor":12},{"not_picked":["True Grit","Searing Blow","Flame Barrier"],"picked":"SKIP","floor":14},{"not_picked":["Demon Form","Exhume"],"picked":"Double Tap","floor":16},{"not_picked":["Feel No Pain+1","Havoc+1","Headbutt"],"picked":"SKIP","floor":18},{"not_picked":["Power Through+1","Blood for Blood+1"],"picked":"Iron Wave+1","floor":21},{"not_picked":["Feel No Pain","Disarm","Second Wind+1"],"picked":"SKIP","floor":23},{"not_picked":["Iron Wave","Havoc","Warcry"],"picked":"SKIP","floor":24},{"not_picked":["Fiend Fire","Whirlwind"],"picked":"Twin Strike+1","floor":25}],"player_experience":237320,"relics_obtained":[{"floor":8,"key":"Bronze Scales"},{"floor":9,"key":"Orichalcum"},{"floor":24,"key":"Happy Flower"}],"event_choices":[{"damage_healed":0,"gold_gain":0,"player_choice":"Success","damage_taken":18,"relics_obtained":["Potion Belt"],"max_hp_gain":0,"max_hp_loss":0,"event_name":"Scrap Ooze","floor":2,"gold_loss":0},{"damage_healed":0,"gold_gain":0,"player_choice":"Entered Light","damage_taken":16,"max_hp_gain":0,"max_hp_loss":0,"event_name":"Shining Light","floor":3,"gold_loss":0,"cards_upgraded":["Shrug It Off","Strike_R"]},{"damage_healed":0,"gold_gain":75,"player_choice":"Gather Gold","damage_taken":11,"max_hp_gain":0,"max_hp_loss":0,"event_name":"World of Goop","floor":13,"gold_loss":0},{"damage_healed":0,"gold_gain":0,"player_choice":"Opened","damage_taken":0,"relics_obtained":["MawBank"],"max_hp_gain":0,"max_hp_loss":0,"event_name":"The Mausoleum","floor":19,"gold_loss":0},{"damage_healed":0,"gold_gain":0,"player_choice":"Read","damage_taken":0,"max_hp_gain":0,"max_hp_loss":0,"event_name":"The Library","floor":20,"gold_loss":0,"cards_obtained":["Flex"]}],"is_beta":false,"boss_relics":[{"not_picked":["Philosopher\u0027s Stone","Snecko Eye"],"picked":"White Beast Statue"}],"items_purged_floors":[5,22],"is_endless":false,"potions_floor_spawned":[1,4,14,18,21,23,24,25],"killed_by":"Shelled Parasite and Fungi","ascension_level":3}