{"gold_per_floor":[119,131,206,206,223,223,251,251,278,278,278],"floor_reached":11,"playtime":177,"items_purged":[],"score":142,"play_id":"ce2bbe45-1e2e-43cf-bc2c-b8a25351b380","local_time":"20190315093120","is_ascension_mode":true,"campfire_choices":[{"data":"Zap","floor":6,"key":"SMITH"},{"floor":8,"key":"REST"}],"neow_cost":"NONE","seed_source_timestamp":50127579549987,"circlet_count":0,"master_deck":["AscendersBane","Strike_B","Strike_B","Strike_B","Defend_B","Defend_B","Defend_B","Defend_B","Zap+1","Dualcast","FTL","Genetic Algorithm","Sweeping Beam","Conserve Battery"],"relics":["Cracked Core","NeowsBlessing","Omamori","Art of War","Vajra"],"potions_floor_usage":[7],"damage_taken":[{"damage":0,"enemies":"Cultist","floor":1,"turns":1},{"damage":0,"enemies":"Small Slimes","floor":2,"turns":1},{"damage":0,"enemies":"Jaw Worm","floor":5,"turns":1},{"damage":44,"enemies":"3 Sentries","floor":7,"turns":8},{"damage":32,"enemies":"Gremlin Nob","floor":11,"turns":3}],"seed_played":"-8165281636627319109","potions_obtained":[{"floor":1,"key":"SpeedPotion"},{"floor":2,"key":"Energy Potion"}],"is_trial":false,"path_per_floor":["M","M","?","T","M","R","E","R","T","?","E"],"character_chosen":"DEFECT","items_purchased":[],"campfire_rested":1,"item_purchase_floors":[],"current_hp_per_floor":[64,64,53,53,53,53,9,30,30,23,0],"gold":278,"neow_bonus":"THREE_ENEMY_KILL","is_prod":false,"is_daily":false,"chose_seed":false,"campfire_upgraded":1,"win_rate":0,"timestamp":1552609880,"path_taken":["M","?","?","?","M","R","E","R","T","?","E"],"build_version":"2019-01-23","purchased_purges":0,"victory":false,"max_hp_per_floor":[71,71,71,71,71,71,71,71,71,71,71],"card_choices":[{"not_picked":["Loop","Consume"],"picked":"FTL","floor":1},{"not_picked":["Barrage","Stack"],"picked":"Genetic Algorithm","floor":2},{"not_picked":["Doom and Gloom","Steam"],"picked":"Sweeping Beam","floor":5},{"not_picked":["Redo","Hologram"],"picked":"Conserve Battery","floor":7}],"player_experience":751658,"relics_obtained":[{"floor":4,"key":"Omamori"},{"floor":7,"key":"Art of War"},{"floor":9,"key":"Vajra"}],"event_choices":[{"damage_healed":0,"gold_gain":75,"player_choice":"Gather Gold","damage_taken":11,"max_hp_gain":0,"max_hp_loss":0,"event_name":"World of Goop","floor":3,"gold_loss":0},{"cards_removed":["Strike_B"],"damage_healed":0,"gold_gain":0,"player_choice":"Card Removal","damage_taken":7,"max_hp_gain":0,"max_hp_loss":0,"event_name":"Golden Wing","floor":10,"gold_loss":0}],"is_beta":false,"boss_relics":[],"items_purged_floors":[],"is_endless":false,"potions_floor_spawned":[1,2],"killed_by":"Gremlin Nob","ascension_level":20}