{"gold_per_floor":[116,131,131,142,46,46,24,24,24,24,53,71,88,123,123,197,197,210,210,29,29,41,41,55,55,55,65,65,65,65],"floor_reached":30,"playtime":1249,"items_purged":["Strike_B"],"score":504,"play_id":"0f16b78e-ec83-4ead-a529-9775472635cd","local_time":"20181210111021","is_ascension_mode":true,"campfire_choices":[{"data":"Fusion","floor":6.0,"key":"SMITH"},{"data":"Chaos","floor":8.0,"key":"SMITH"},{"data":"Defragment","floor":10.0,"key":"SMITH"},{"floor":15.0,"key":"REST"},{"data":"Coolheaded","floor":23.0,"key":"SMITH"},{"data":"Double Energy","floor":25.0,"key":"SMITH"},{"floor":29.0,"key":"REST"}],"neow_cost":"TEN_PERCENT_HP_LOSS","seed_source_timestamp":557517204090726,"circlet_count":0,"master_deck":["AscendersBane","Strike_B","Defend_B","Defend_B","Defend_B","Defend_B","Zap","Dualcast+1","Chaos+1","Chaos+1","Fusion+1","Defragment+1","Tempest","Deep Breath","Compile Driver","Compile Driver","Sunder","Coolheaded+1","Meteor Strike","Streamline","FTL","Capacitor","Reinforced Body","Double Energy+1","Hologram"],"special_seed":0,"relics":["Cracked Core","Mercury Hourglass","Pen Nib","Shuriken","Inserter","Matryoshka"],"potions_floor_usage":[],"damage_taken":[{"damage":2.0,"enemies":"Jaw Worm","floor":1.0,"turns":5.0},{"damage":0.0,"enemies":"Cultist","floor":2.0,"turns":4.0},{"damage":3.0,"enemies":"Small Slimes","floor":4.0,"turns":5.0},{"damage":15.0,"enemies":"Lagavulin","floor":11.0,"turns":4.0},{"damage":12.0,"enemies":"Exordium Wildlife","floor":12.0,"turns":2.0},{"damage":15.0,"enemies":"Gremlin Gang","floor":13.0,"turns":2.0},{"damage":1.0,"enemies":"Gremlin Nob","floor":14.0,"turns":3.0},{"damage":0.0,"enemies":"Slime Boss","floor":16.0,"turns":5.0},{"damage":7.0,"enemies":"Shell Parasite","floor":18.0,"turns":3.0},{"damage":12.0,"enemies":"Spheric Guardian","floor":22.0,"turns":4.0},{"damage":7.0,"enemies":"3 Cultists","floor":24.0,"turns":4.0},{"damage":8.0,"enemies":"Snecko","floor":27.0,"turns":3.0},{"damage":44,"enemies":"Book of Stabbing","floor":30,"turns":4}],"seed_played":"-8980620631651496684","potions_obtained":[{"floor":11.0,"key":"Energy Potion"},{"floor":16.0,"key":"Strength Potion"},{"floor":22.0,"key":"SteroidPotion"}],"is_trial":false,"path_per_floor":["M","M","M","?","M","$","R","$","R","T","R","E","M","M","E","R","B",null,"M","?","$","$","M","R","M","R","T","M","?","R","E"],"character_chosen":"DEFECT","items_purchased":["Deep Breath","Compile Driver","FTL","Capacitor"],"campfire_rested":2,"item_purchase_floors":[5,7,20,20],"current_hp_per_floor":[62,62,62,59,59,59,59,59,59,59,44,32,17,16,35,35,57,50,50,50,50,38,38,31,31,31,23,23,42,0],"gold":65,"neow_bonus":"TRANSFORM_TWO_CARDS","is_prod":false,"is_daily":false,"chose_seed":false,"campfire_upgraded":5,"win_rate":0,"timestamp":1544407821,"path_taken":["M","M","?","M","$","R","?","R","T","R","E","M","M","E","R","BOSS","M","?","?","$","M","R","?","R","T","M","?","R","E"],"build_version":"2018-12-06","purchased_purges":1,"victory":false,"max_hp_per_floor":[64,64,64,64,64,64,64,64,64,64,64,64,64,64,64,64,64,64,64,64,64,64,64,64,64,64,64,64,64,64],"card_choices":[{"not_picked":["Heatsinks","Ball Lightning"],"picked":"Fusion","floor":1.0},{"not_picked":["Cold Snap","Leap"],"picked":"Defragment","floor":2.0},{"not_picked":["Stack","Aggregate"],"picked":"Tempest","floor":4.0},{"not_picked":["Rebound","Stack"],"picked":"Compile Driver","floor":11.0},{"not_picked":["Go for the Eyes","Compile Driver"],"picked":"Sunder","floor":12.0},{"not_picked":["Aggregate","Barrage","Streamline"],"picked":"SKIP","floor":13.0},{"not_picked":["Consume","Hologram"],"picked":"Coolheaded","floor":14.0},{"not_picked":["Hyperbeam","Core Surge"],"picked":"Meteor Strike","floor":16.0},{"not_picked":["Recycle","Stack"],"picked":"Streamline","floor":18.0},{"not_picked":["Turbo","Recycle"],"picked":"Reinforced Body","floor":22.0},{"not_picked":["Undo","Beam Cell"],"picked":"Double Energy","floor":24.0},{"not_picked":["Genetic Algorithm","BootSequence"],"picked":"Hologram","floor":27.0}],"player_experience":2544349,"relics_obtained":[{"floor":9.0,"key":"Mercury Hourglass"},{"floor":11.0,"key":"Pen Nib"},{"floor":14.0,"key":"Shuriken"},{"floor":26.0,"key":"Matryoshka"}],"event_choices":[{"damage_healed":0.0,"max_hp_gain":0.0,"max_hp_loss":0.0,"gold_gain":0.0,"event_name":"Upgrade Shrine","player_choice":"Upgraded","floor":3.0,"gold_loss":0.0,"damage_taken":0.0,"cards_upgraded":["Chaos"]},{"damage_healed":0.0,"max_hp_gain":0.0,"max_hp_loss":0.0,"gold_gain":0.0,"event_name":"Upgrade Shrine","player_choice":"Upgraded","floor":19.0,"gold_loss":0.0,"damage_taken":0.0,"cards_upgraded":["Dualcast"]},{"damage_healed":0.0,"max_hp_gain":0.0,"max_hp_loss":0.0,"gold_gain":0.0,"event_name":"The Mausoleum","player_choice":"Ignored","floor":28.0,"gold_loss":0.0,"damage_taken":0.0}],"is_beta":true,"boss_relics":[{"not_picked":["Empty Cage","White Beast Statue"],"picked":"Inserter"}],"items_purged_floors":[20],"is_endless":false,"potions_floor_spawned":[11,16,22],"killed_by":"Book of Stabbing","ascension_level":15}