{"gold_per_floor":[116,116,127,79,90,90,90,124,124,124,145,145,158,181,181,277,340,358,358,358,374,48,48,60,60,60,11,89,105,123,153,153,153],"floor_reached":33,"playtime":2014,"items_purged":["Injury"],"score":420,"play_id":"3a9f774a-74bf-4ef6-93bd-b3789fb27a0c","local_time":"20190511170534","is_ascension_mode":true,"campfire_choices":[{"data":"Fiend Fire","floor":6,"key":"SMITH"},{"floor":10,"key":"REST"},{"data":"Warcry","floor":12,"key":"SMITH"},{"data":"Dual Wield","floor":15,"key":"SMITH"},{"floor":23,"key":"REST"},{"floor":25,"key":"REST"},{"floor":32,"key":"REST"}],"neow_cost":"TEN_PERCENT_HP_LOSS","seed_source_timestamp":2588922478735319,"circlet_count":0,"master_deck":["AscendersBane","Strike_R","Strike_R","Strike_R+1","Strike_R","Defend_R","Defend_R","Defend_R","Defend_R","Bash","Battle Trance","Fiend Fire+1","Headbutt","Warcry+1","Dual Wield+1","Seeing Red","Armaments","Havoc","Dark Embrace","Havoc","Shrug It Off","Clothesline","Second Wind","Infernal Blade","Master of Strategy","Shrug It Off","Warcry","Havoc+1"],"relics":["Burning Blood","StoneCalendar","Bloody Idol","Vajra","Matryoshka","Tiny House","Smiling Mask","Dodecahedron","Lantern","Mummified Hand","Red Mask"],"potions_floor_usage":[11,14,16,18,21,24,31,33],"damage_taken":[{"damage":12,"enemies":"Small Slimes","floor":1,"turns":3},{"damage":0,"enemies":"Cultist","floor":3,"turns":2},{"damage":2,"enemies":"Jaw Worm","floor":5,"turns":3},{"damage":35,"enemies":"3 Sentries","floor":8,"turns":7},{"damage":0,"enemies":"Large Slime","floor":11,"turns":3},{"damage":15,"enemies":"Exordium Wildlife","floor":13,"turns":5},{"damage":7,"enemies":"Exordium Thugs","floor":14,"turns":5},{"damage":56,"enemies":"Hexaghost","floor":16,"turns":9},{"damage":47,"enemies":"Shell Parasite","floor":18,"turns":7},{"damage":15,"enemies":"Chosen","floor":21,"turns":5},{"damage":21,"enemies":"Snake Plant","floor":24,"turns":3},{"damage":18,"enemies":"Cultist and Chosen","floor":29,"turns":7},{"damage":22,"enemies":"Centurion and Healer","floor":30,"turns":7},{"damage":9,"enemies":"Masked Bandits","floor":31,"turns":6},{"damage":39,"enemies":"Collector","floor":33,"turns":6}],"seed_played":"-3434593190186069134","potions_obtained":[{"floor":1,"key":"FearPotion"},{"floor":8,"key":"BloodPotion"},{"floor":11,"key":"Strength Potion"},{"floor":14,"key":"Regen Potion"},{"floor":17,"key":"PowerPotion"},{"floor":21,"key":"BloodPotion"},{"floor":30,"key":"AttackPotion"}],"is_trial":false,"path_per_floor":["M","?","M","$","M","R","?","E","T","R","M","R","M","M","R","B",null,"M","?","?","M","$","R","M","R","T","$","T","M","M","?","R","B"],"character_chosen":"IRONCLAD","items_purchased":["Warcry","Infernal Blade","Master of Strategy","PowerPotion"],"campfire_rested":4,"item_purchase_floors":[4,22,22,27],"current_hp_per_floor":[62,62,68,68,68,68,68,39,39,59,68,68,59,58,58,8,58,32,32,32,28,28,49,46,67,67,67,72,65,54,56,73,34],"gold":153,"neow_bonus":"ONE_RARE_RELIC","is_prod":false,"is_daily":false,"chose_seed":false,"campfire_upgraded":3,"win_rate":0,"timestamp":1557583534,"path_taken":["M","?","M","?","M","R","?","E","T","R","?","R","M","M","R","BOSS","M","?","?","M","$","R","?","R","T","?","?","M","M","?","R","BOSS"],"build_version":"2019-01-23","purchased_purges":1,"victory":false,"max_hp_per_floor":[68,68,68,68,68,68,68,68,68,68,68,68,68,68,68,68,73,73,73,73,73,73,73,73,73,73,73,73,73,73,73,73,73],"card_choices":[{"not_picked":["Headbutt","Sword Boomerang"],"picked":"Battle Trance","floor":1},{"not_picked":["Uppercut","Sword Boomerang"],"picked":"Headbutt","floor":3},{"not_picked":["Wild Strike","Searing Blow","Flex"],"picked":"SKIP","floor":5},{"not_picked":["Cleave","Twin Strike"],"picked":"Dual Wield","floor":8},{"not_picked":["Sentinel","Body Slam"],"picked":"Seeing Red","floor":11},{"not_picked":["Anger","Thunderclap"],"picked":"Armaments","floor":13},{"not_picked":["Heavy Blade","Blood for Blood"],"picked":"Havoc","floor":14},{"not_picked":["Berserk","Bludgeon"],"picked":"Dark Embrace","floor":16},{"not_picked":["True Grit","Twin Strike"],"picked":"Havoc","floor":17},{"not_picked":["True Grit","Bloodletting"],"picked":"Shrug It Off","floor":18},{"not_picked":["Pummel+1","Brutality"],"picked":"Second Wind","floor":21},{"not_picked":["Bloodletting","Fire Breathing"],"picked":"Shrug It Off","floor":24},{"not_picked":["Flex","Dual Wield"],"picked":"Warcry","floor":29},{"not_picked":["Sword Boomerang","Anger","Body Slam"],"picked":"SKIP","floor":30},{"not_picked":["Heavy Blade","Sword Boomerang"],"picked":"Havoc+1","floor":31}],"player_experience":1329984,"relics_obtained":[{"floor":8,"key":"Vajra"},{"floor":9,"key":"Matryoshka"},{"floor":26,"key":"Smiling Mask"},{"floor":26,"key":"Dodecahedron"},{"floor":28,"key":"Lantern"},{"floor":28,"key":"Mummified Hand"},{"floor":31,"key":"Red Mask"}],"event_choices":[{"damage_healed":0,"gold_gain":0,"player_choice":"1 cards matched","damage_taken":0,"max_hp_gain":0,"max_hp_loss":0,"event_name":"Match and Keep!","floor":2,"gold_loss":0,"cards_obtained":["Fiend Fire"]},{"damage_healed":0,"gold_gain":0,"player_choice":"Take Wound","damage_taken":0,"relics_obtained":["Golden Idol"],"max_hp_gain":0,"max_hp_loss":0,"event_name":"Golden Idol","floor":7,"gold_loss":0,"cards_obtained":["Injury"]},{"damage_healed":0,"gold_gain":0,"player_choice":"Gave Idol","damage_taken":0,"relics_obtained":["Bloody Idol"],"max_hp_gain":0,"max_hp_loss":0,"event_name":"Forgotten Altar","floor":19,"relics_lost":["Golden Idol"],"gold_loss":0},{"damage_healed":0,"gold_gain":0,"cards_transformed":["Strike_R"],"player_choice":"Transformed","damage_taken":0,"max_hp_gain":0,"max_hp_loss":0,"event_name":"Transmorgrifier","floor":20,"gold_loss":0,"cards_obtained":["Clothesline"]},{"damage_healed":0,"gold_gain":0,"player_choice":"Fought Bandits","damage_taken":0,"max_hp_gain":0,"max_hp_loss":0,"event_name":"Masked Bandits","floor":31,"gold_loss":0}],"is_beta":false,"boss_relics":[{"not_picked":["Runic Dome","Cursed Key"],"picked":"Tiny House"}],"items_purged_floors":[22],"is_endless":false,"potions_floor_spawned":[1,8,11,14,21,30],"killed_by":"Collector","ascension_level":14}