{"gold_per_floor":[117,117,128,148,167,167,202,70,97,97,114,114,124,8,8,81,81,98,111,146,158,158,158,187,187,214,214,6,6,16,33,33,104,104,123,135,135,135,10,45,45,74,101,201,201,220,220,245,245,245],"floor_reached":51,"playtime":5178,"items_purged":["Strike_B","Strike_B","Strike_B+1"],"score":1430,"play_id":"55e0696d-d798-4aa7-8081-825ffc319484","local_time":"20190414233419","is_ascension_mode":true,"campfire_choices":[{"data":"Zap","floor":6.0,"key":"SMITH"},{"data":"Forethought","floor":10.0,"key":"SMITH"},{"data":"Dualcast","floor":12.0,"key":"SMITH"},{"data":"Defragment","floor":15.0,"key":"SMITH"},{"data":"Hologram","floor":23.0,"key":"SMITH"},{"data":"Reprogram","floor":25.0,"key":"SMITH"},{"data":"FTL","floor":27.0,"key":"SMITH"},{"data":"Scrape","floor":29.0,"key":"SMITH"},{"data":"Hologram","floor":32.0,"key":"SMITH"},{"data":"Apotheosis","floor":41.0,"key":"SMITH"},{"data":"Fission","floor":45,"key":"SMITH"},{"data":"Madness","floor":47,"key":"SMITH"},{"floor":49,"key":"REST"}],"neow_cost":"TEN_PERCENT_HP_LOSS","seed_source_timestamp":195618528851080,"circlet_count":0,"master_deck":["AscendersBane","Defend_B","Defend_B","Defend_B","Defend_B","Zap+1","Dualcast+1","Double Energy+1","Conserve Battery","FTL+1","Glacier","Reprogram+1","Forethought+1","Conserve Battery","Go for the Eyes","Scrape+1","Defragment+1","All For One+1","Hologram+1","Fission+1","Conserve Battery+1","Redo+1","Madness+1","Hologram+1","Go for the Eyes","Meteor Strike","Apotheosis+1","Enlightenment","Enlightenment","Rebound","Gash+1"],"special_seed":0,"relics":["Cracked Core","Unceasing Top","Centennial Puzzle","Bag of Marbles","Runic Pyramid","Red Mask","Kunai","Whetstone","Ancient Tea Set","Busted Crown","Gremlin Horn","Thread and Needle","Bird Faced Urn","Blood Vial"],"potions_floor_usage":[50,50,50],"damage_taken":[{"damage":1.0,"enemies":"Cultist","floor":1.0,"turns":3.0},{"damage":3.0,"enemies":"2 Louse","floor":3.0,"turns":2.0},{"damage":2.0,"enemies":"Jaw Worm","floor":4.0,"turns":3.0},{"damage":1.0,"enemies":"2 Fungi Beasts","floor":5.0,"turns":3.0},{"damage":15.0,"enemies":"Lagavulin","floor":7.0,"turns":10.0},{"damage":3.0,"enemies":"Blue Slaver","floor":11.0,"turns":4.0},{"damage":2.0,"enemies":"3 Louse","floor":13.0,"turns":2.0},{"damage":0.0,"enemies":"The Guardian","floor":16.0,"turns":9.0},{"damage":7.0,"enemies":"Shell Parasite","floor":18.0,"turns":3.0},{"damage":2.0,"enemies":"2 Thieves","floor":19.0,"turns":2.0},{"damage":1.0,"enemies":"Masked Bandits","floor":20.0,"turns":3.0},{"damage":6.0,"enemies":"Snake Plant","floor":21.0,"turns":5.0},{"damage":19.0,"enemies":"Slavers","floor":24.0,"turns":6.0},{"damage":0.0,"enemies":"Sentry and Sphere","floor":30.0,"turns":3.0},{"damage":0.0,"enemies":"3 Cultists","floor":31.0,"turns":4.0},{"damage":6.0,"enemies":"Collector","floor":33.0,"turns":9.0},{"damage":2.0,"enemies":"3 Shapes","floor":35.0,"turns":5.0},{"damage":1.0,"enemies":"3 Darklings","floor":36.0,"turns":3.0},{"damage":0.0,"enemies":"Reptomancer","floor":40.0,"turns":5.0},{"damage":10,"enemies":"Nemesis","floor":42,"turns":3},{"damage":0,"enemies":"Mind Bloom Boss Battle","floor":44,"turns":5},{"damage":0,"enemies":"Transient","floor":46,"turns":2},{"damage":46,"enemies":"Time Eater","floor":50,"turns":15}],"seed_played":"-6938190316326805756","potions_obtained":[{"floor":1.0,"key":"LiquidBronze"},{"floor":5.0,"key":"AttackPotion"},{"floor":11.0,"key":"SteroidPotion"},{"floor":16.0,"key":"Regen Potion"},{"floor":19.0,"key":"Regen Potion"},{"floor":30.0,"key":"EntropicBrew"},{"floor":31.0,"key":"Strength Potion"},{"floor":36.0,"key":"Strength Potion"}],"is_trial":false,"path_per_floor":["M","?","M","M","M","R","E","$","T","R","M","R","M","$","R","B",null,"M","M","?","M","T","R","E","R","T","R","$","R","M","M","R","B",null,"M","M","?","?","$","E","R","E","T","?","R","M","R","T","R","B",null],"character_chosen":"DEFECT","items_purchased":["Forethought","Conserve Battery","Defragment","Madness"],"campfire_rested":1,"item_purchase_floors":[8,8,14,28],"current_hp_per_floor":[63,63,60,58,57,57,42,42,42,42,39,39,37,37,37,37,57,50,48,56,50,50,50,46,46,46,46,46,46,46,46,46,40,58,56,55,55,45,45,45,45,35,35,35,35,37,37,37,56,14],"gold":245,"neow_bonus":"ONE_RARE_RELIC","is_prod":false,"is_daily":false,"chose_seed":false,"campfire_upgraded":12,"win_rate":0,"timestamp":1555252459,"path_taken":["M","?","M","?","M","R","E","$","T","R","M","R","M","?","R","BOSS","M","M","?","M","?","R","E","R","T","R","$","R","M","M","R","BOSS","M","M","?","?","$","E","R","E","T","?","R","M","R","?","R","BOSS"],"build_version":"2019-04-04","purchased_purges":3,"victory":true,"max_hp_per_floor":[64,64,64,64,64,64,64,64,64,64,64,64,64,64,64,64,64,64,64,64,64,64,64,64,64,64,64,64,64,64,64,64,64,64,64,64,64,64,64,64,64,64,64,64,64,64,64,64,64,64],"card_choices":[{"not_picked":["Ball Lightning","Hologram"],"picked":"Double Energy","floor":1.0},{"not_picked":["Compile Driver","Turbo"],"picked":"Conserve Battery","floor":3.0},{"not_picked":["Glacier","Aggregate"],"picked":"FTL","floor":4.0},{"not_picked":["Stack","Heatsinks"],"picked":"Glacier","floor":5.0},{"not_picked":["Machine Learning","Leap"],"picked":"Reprogram","floor":7.0},{"not_picked":["Steam","Leap"],"picked":"Go for the Eyes","floor":11.0},{"not_picked":["Reinforced Body","Compile Driver"],"picked":"Scrape","floor":13.0},{"not_picked":["Meteor Strike","Fission"],"picked":"All For One","floor":16.0},{"not_picked":["Sweeping Beam+1","Reinforced Body+1"],"picked":"Hologram","floor":18.0},{"not_picked":["Blizzard","Stack","Sweeping Beam"],"picked":"SKIP","floor":19.0},{"not_picked":["Fusion","Redo"],"picked":"Fission","floor":20.0},{"not_picked":["Cold Snap","Hello World"],"picked":"Conserve Battery+1","floor":21.0},{"not_picked":["Tempest","BootSequence"],"picked":"Redo+1","floor":24.0},{"not_picked":["FTL+1","Aggregate"],"picked":"Hologram","floor":30.0},{"not_picked":["Steam Power","Chaos"],"picked":"Go for the Eyes","floor":31.0},{"not_picked":["Reboot","Biased Cognition"],"picked":"Meteor Strike","floor":33.0},{"not_picked":["Beam Cell"],"picked":"SKIP","floor":35.0},{"not_picked":["Leap"],"picked":"SKIP","floor":36.0},{"not_picked":[],"picked":"Apotheosis","floor":38.0},{"not_picked":[],"picked":"Enlightenment","floor":38.0},{"not_picked":[],"picked":"Enlightenment","floor":38.0},{"not_picked":["Cold Snap"],"picked":"SKIP","floor":40.0},{"not_picked":[],"picked":"Rebound","floor":42},{"not_picked":[],"picked":"Gash+1","floor":46}],"player_experience":2934997,"relics_obtained":[{"floor":7.0,"key":"Centennial Puzzle"},{"floor":9.0,"key":"Bag of Marbles"},{"floor":20.0,"key":"Red Mask"},{"floor":22.0,"key":"Kunai"},{"floor":24.0,"key":"Whetstone"},{"floor":26.0,"key":"Ancient Tea Set"},{"floor":40.0,"key":"Gremlin Horn"},{"floor":42,"key":"Thread and Needle"},{"floor":44,"key":"Bird Faced Urn"},{"floor":48,"key":"Blood Vial"}],"event_choices":[{"damage_healed":0.0,"max_hp_gain":0.0,"max_hp_loss":0.0,"gold_gain":0.0,"event_name":"Upgrade Shrine","player_choice":"Upgraded","floor":2.0,"gold_loss":0.0,"damage_taken":0.0,"cards_upgraded":["Double Energy"]},{"damage_healed":0.0,"max_hp_gain":0.0,"max_hp_loss":0.0,"gold_gain":0.0,"event_name":"Masked Bandits","player_choice":"Fought Bandits","floor":20.0,"gold_loss":0.0,"damage_taken":0.0},{"cards_removed":["Strike_B"],"damage_healed":0.0,"max_hp_gain":0.0,"max_hp_loss":0.0,"gold_gain":0.0,"event_name":"Falling","player_choice":"Removed Attack","floor":37.0,"gold_loss":0.0,"damage_taken":0.0},{"damage_healed":0.0,"max_hp_gain":0.0,"max_hp_loss":0.0,"gold_gain":0.0,"event_name":"SensoryStone","player_choice":"Memory 3","floor":38.0,"gold_loss":0.0,"damage_taken":10.0},{"damage_healed":0,"gold_gain":0,"player_choice":"Fight","damage_taken":0,"max_hp_gain":0,"max_hp_loss":0,"event_name":"MindBloom","floor":44,"gold_loss":0}],"is_beta":true,"boss_relics":[{"not_picked":["Empty Cage","Eternal Feather"],"picked":"Runic Pyramid"},{"not_picked":["Orrery","Snecko Eye"],"picked":"Busted Crown"}],"items_purged_floors":[14,28,39],"is_endless":false,"potions_floor_spawned":[1,5,11,13,16,19,30,31,36,42,46],"ascension_level":17}