{"gold_per_floor":[114,30,30,30,45,80,80,95,95,105,115,125,1,18,18,92,92,105,105,17,39,51,63,75],"floor_reached":24,"playtime":1009,"items_purged":["Strike_B"],"score":519,"play_id":"ef45463c-3772-470e-9a07-73e8e4bbbd90","local_time":"20190303005552","is_ascension_mode":true,"campfire_choices":[{"data":"Zap","floor":7,"key":"SMITH"},{"data":"Defragment","floor":15,"key":"SMITH"},{"floor":23,"key":"REST"}],"neow_cost":"NONE","seed_source_timestamp":1267699739074040,"circlet_count":0,"master_deck":["AscendersBane","Strike_B","Strike_B","Defend_B","Defend_B","Defend_B","Defend_B","Zap+1","Dualcast","Gash","Defragment+1","Go for the Eyes","Glacier","Coolheaded","Rebound","FTL","Auto Shields","Defragment","Creative AI","Blizzard","Cold Snap","Chill","Decay"],"relics":["Cracked Core","NeowsBlessing","The Courier","Bag of Marbles","Nuclear Battery","MawBank"],"potions_floor_usage":[10,24],"damage_taken":[{"damage":0,"enemies":"2 Louse","floor":1,"turns":1},{"damage":0,"enemies":"Small Slimes","floor":5,"turns":1},{"damage":0,"enemies":"Gremlin Nob","floor":6,"turns":1},{"damage":12,"enemies":"Jaw Worm","floor":8,"turns":2},{"damage":0,"enemies":"Gremlin Gang","floor":10,"turns":6},{"damage":6,"enemies":"Looter","floor":11,"turns":2},{"damage":1,"enemies":"Blue Slaver","floor":12,"turns":4},{"damage":0,"enemies":"Red Slaver","floor":14,"turns":3},{"damage":0,"enemies":"The Guardian","floor":16,"turns":15},{"damage":25,"enemies":"3 Byrds","floor":18,"turns":6},{"damage":17,"enemies":"2 Thieves","floor":20,"turns":5},{"damage":0,"enemies":"Centurion and Healer","floor":21,"turns":12},{"damage":46,"enemies":"Book of Stabbing","floor":24,"turns":8}],"seed_played":"-4598172605002554405","potions_obtained":[{"floor":5,"key":"Block Potion"},{"floor":8,"key":"Ancient Potion"},{"floor":11,"key":"FocusPotion"}],"is_trial":false,"path_per_floor":["M","$","?","?","M","E","R","M","T","M","M","M","$","M","R","B",null,"M","?","M","M","?","R","E"],"character_chosen":"DEFECT","items_purchased":["Defragment","Defragment"],"campfire_rested":1,"item_purchase_floors":[2,13],"current_hp_per_floor":[64,64,64,64,64,64,64,52,52,52,46,45,45,45,45,45,65,40,40,23,23,23,44,0],"gold":75,"neow_bonus":"THREE_ENEMY_KILL","is_prod":false,"is_daily":false,"chose_seed":false,"campfire_upgraded":2,"win_rate":0,"timestamp":1551542152,"path_taken":["M","$","?","?","M","E","R","M","T","M","M","M","$","M","R","BOSS","M","?","M","?","?","R","E"],"build_version":"2019-01-23","purchased_purges":1,"victory":false,"max_hp_per_floor":[71,71,71,71,71,71,71,71,71,71,71,71,71,71,71,71,71,71,71,71,71,71,71,71],"card_choices":[{"not_picked":["Barrage","Doom and Gloom"],"picked":"Gash","floor":1},{"not_picked":["Streamline","Compile Driver"],"picked":"Go for the Eyes","floor":5},{"not_picked":["Steam","Beam Cell"],"picked":"Glacier","floor":6},{"not_picked":["Streamline","White Noise"],"picked":"Coolheaded","floor":8},{"not_picked":["Sweeping Beam","Steam"],"picked":"Rebound","floor":10},{"not_picked":["Leap","Fusion"],"picked":"FTL","floor":11},{"not_picked":["Multi-Cast","Rebound"],"picked":"Auto Shields","floor":12},{"not_picked":["Cold Snap","Reprogram","Undo"],"picked":"SKIP","floor":14},{"not_picked":["Hyperbeam","Seek"],"picked":"Creative AI","floor":16},{"not_picked":["Rebound+1","Doom and Gloom"],"picked":"Blizzard","floor":18},{"not_picked":["Leap","Reprogram"],"picked":"Cold Snap","floor":20},{"not_picked":["Cold Snap","Force Field"],"picked":"Chill","floor":21}],"player_experience":698354,"relics_obtained":[{"floor":6,"key":"The Courier"},{"floor":9,"key":"Bag of Marbles"}],"event_choices":[{"damage_healed":0,"gold_gain":0,"player_choice":"Leave","damage_taken":0,"max_hp_gain":0,"max_hp_loss":0,"event_name":"The Cleric","floor":3,"gold_loss":0},{"damage_healed":0,"gold_gain":0,"cards_transformed":["Strike_B"],"player_choice":"Change","damage_taken":0,"max_hp_gain":0,"max_hp_loss":0,"event_name":"Living Wall","floor":4,"gold_loss":0,"cards_obtained":["Scrape"]},{"cards_removed":["Scrape"],"damage_healed":0,"gold_gain":0,"player_choice":"Gave Card","damage_taken":0,"relics_obtained":["MawBank"],"max_hp_gain":0,"max_hp_loss":0,"event_name":"WeMeetAgain","floor":19,"gold_loss":0},{"damage_healed":0,"gold_gain":0,"player_choice":"Smashed Altar","damage_taken":0,"max_hp_gain":0,"max_hp_loss":0,"event_name":"Forgotten Altar","floor":22,"gold_loss":0,"cards_obtained":["Decay"]}],"is_beta":false,"boss_relics":[{"not_picked":["Runic Pyramid","Cursed Key"],"picked":"Nuclear Battery"}],"items_purged_floors":[13],"is_endless":false,"potions_floor_spawned":[5,8,11,12,16,18,21],"killed_by":"Book of Stabbing","ascension_level":18}