{"gold_per_floor":[17,17,41,41,64,64,64,82,82,106,139,163,202,202],"floor_reached":14,"playtime":653,"items_purged":[],"score":145,"play_id":"227624d8-918d-419f-a48b-dab0cc49808d","local_time":"20190115161646","is_ascension_mode":true,"campfire_choices":[{"data":"Neutralize","floor":7,"key":"SMITH"}],"neow_cost":"NO_GOLD","seed_source_timestamp":437261951795925,"circlet_count":0,"master_deck":["Defend_G","Defend_G","Defend_G","Defend_G","Defend_G","Strike_G","Strike_G","Strike_G","Survivor","Neutralize+1","Tools of the Trade","Dagger Throw","PiercingWail","Poisoned Stab","Dodge and Roll","Clumsy","All Out Attack","Footwork","Adrenaline","Crippling Poison","Reflex"],"relics":["Ring of the Snake","Golden Idol","Snake Skull","Molten Egg 2","Mercury Hourglass","Mummified Hand"],"potions_floor_usage":[11,14],"damage_taken":[{"damage":3,"enemies":"2 Louse","floor":1,"turns":4},{"damage":9,"enemies":"Jaw Worm","floor":5,"turns":7},{"damage":0,"enemies":"Cultist","floor":8,"turns":4},{"damage":2,"enemies":"Blue Slaver","floor":10,"turns":4},{"damage":23,"enemies":"Gremlin Nob","floor":11,"turns":4},{"damage":1,"enemies":"Looter","floor":12,"turns":3},{"damage":3,"enemies":"Lagavulin","floor":13,"turns":7},{"damage":7,"enemies":"Exordium Wildlife","floor":14,"turns":3}],"seed_played":"-4410857193369327754","potions_obtained":[{"floor":5,"key":"FearPotion"},{"floor":13,"key":"Energy Potion"}],"is_trial":false,"path_per_floor":["M","?","T","?","M","?","R","M","T","M","E","M","E","M"],"character_chosen":"THE_SILENT","items_purchased":[],"campfire_rested":0,"item_purchase_floors":[],"current_hp_per_floor":[60,43,43,43,34,34,34,34,34,32,9,8,5,0],"gold":202,"neow_bonus":"TRANSFORM_TWO_CARDS","is_prod":false,"is_daily":false,"chose_seed":false,"campfire_upgraded":1,"win_rate":0,"timestamp":1547536606,"path_taken":["M","?","?","?","?","?","R","M","T","M","E","M","E","M"],"build_version":"2019-01-10","purchased_purges":0,"victory":false,"max_hp_per_floor":[70,70,70,70,70,70,70,70,70,70,70,70,70,70],"card_choices":[{"not_picked":["Outmaneuver","Prepared"],"picked":"Dagger Throw","floor":1},{"not_picked":["Reflex","Outmaneuver"],"picked":"Poisoned Stab","floor":5},{"not_picked":["Sucker Punch","Caltrops","Flying Knee"],"picked":"SKIP","floor":8},{"not_picked":["Concentrate","Terror"],"picked":"Footwork","floor":10},{"not_picked":["Flechettes+1","Sucker Punch+1"],"picked":"Adrenaline","floor":11},{"not_picked":["Quick Slash+1","Outmaneuver"],"picked":"Crippling Poison","floor":12},{"not_picked":["Cloak And Dagger","Dagger Throw+1"],"picked":"Reflex","floor":13}],"player_experience":370866,"relics_obtained":[{"floor":3,"key":"Snake Skull"},{"floor":9,"key":"Molten Egg 2"},{"floor":11,"key":"Mercury Hourglass"},{"floor":13,"key":"Mummified Hand"}],"event_choices":[{"damage_healed":0,"gold_gain":0,"player_choice":"Take Damage","damage_taken":17,"relics_obtained":["Golden Idol"],"max_hp_gain":0,"max_hp_loss":0,"event_name":"Golden Idol","floor":2,"gold_loss":0},{"damage_healed":0,"gold_gain":0,"cards_transformed":["Accuracy"],"player_choice":"Change","damage_taken":0,"max_hp_gain":0,"max_hp_loss":0,"event_name":"Living Wall","floor":4,"gold_loss":0,"cards_obtained":["PiercingWail"]},{"damage_healed":0,"gold_gain":0,"player_choice":"3 cards matched","damage_taken":0,"max_hp_gain":0,"max_hp_loss":0,"event_name":"Match and Keep!","floor":6,"gold_loss":0,"cards_obtained":["Dodge and Roll","Clumsy","All Out Attack"]}],"is_beta":false,"boss_relics":[],"items_purged_floors":[],"is_endless":false,"potions_floor_spawned":[5,13],"killed_by":"Exordium Wildlife","ascension_level":9}