{"gold_per_floor":[109,122,138,157,157,157,173,98,98,114,114,128,147,165,165,266,316,329,428,131,145,145,145,162,162,231,297,347,365,376,426,426,426],"floor_reached":33,"playtime":3125,"items_purged":["Defend_G","Strike_G"],"score":245,"play_id":"3a7eeb42-9604-4f9a-aa2f-5da086655b6c","local_time":"20181204161217","is_ascension_mode":false,"campfire_choices":[{"data":"Envenom","floor":6.0,"key":"SMITH"},{"floor":11.0,"key":"REST"},{"data":"Poisoned Stab","floor":15.0,"key":"SMITH"},{"floor":23.0,"key":"REST"},{"floor":25.0,"key":"REST"},{"floor":32.0,"key":"REST"}],"neow_cost":"NONE","seed_source_timestamp":0,"circlet_count":0,"master_deck":["Defend_G","Defend_G","Defend_G","Defend_G","Strike_G+1","Strike_G","Strike_G","Survivor","Neutralize","Envenom+1","Prepared","Dodge and Roll","Dagger Throw","PiercingWail","Prepared","Poisoned Stab+1","Catalyst","Crippling Poison","Backflip","Bullet Time+1","Deadly Poison","Dagger Throw+1","Underhanded Strike","Bane+1"],"special_seed":0,"relics":["Ring of the Snake","Regal Pillow","Tiny House","TwistedFunnel","SsserpentHead","Sundial"],"potions_floor_usage":[],"damage_taken":[{"damage":5.0,"enemies":"Jaw Worm","floor":1.0,"turns":6.0},{"damage":5.0,"enemies":"Cultist","floor":2.0,"turns":5.0},{"damage":0.0,"enemies":"2 Louse","floor":3.0,"turns":3.0},{"damage":4.0,"enemies":"Red Slaver","floor":4.0,"turns":7.0},{"damage":10.0,"enemies":"Large Slime","floor":7.0,"turns":8.0},{"damage":8.0,"enemies":"2 Fungi Beasts","floor":10.0,"turns":5.0},{"damage":23.0,"enemies":"Exordium Thugs","floor":12.0,"turns":6.0},{"damage":2.0,"enemies":"Exordium Wildlife","floor":13.0,"turns":4.0},{"damage":5.0,"enemies":"Large Slime","floor":14.0,"turns":6.0},{"damage":18.0,"enemies":"Hexaghost","floor":16.0,"turns":6.0},{"damage":55.0,"enemies":"Spheric Guardian","floor":18.0,"turns":10.0},{"damage":0.0,"enemies":"3 Byrds","floor":21.0,"turns":3.0},{"damage":36.0,"enemies":"3 Cultists","floor":24.0,"turns":8.0},{"damage":24.0,"enemies":"Sentry and Sphere","floor":27.0,"turns":7.0},{"damage":11.0,"enemies":"Snake Plant","floor":29.0,"turns":4.0},{"damage":5.0,"enemies":"Snecko","floor":30.0,"turns":4.0},{"damage":64,"enemies":"Champ","floor":33,"turns":8}],"seed_played":"-6869323619407536706","potions_obtained":[{"floor":2.0,"key":"PowerPotion"},{"floor":4.0,"key":"Regen Potion"},{"floor":12.0,"key":"PowerPotion"},{"floor":14.0,"key":"Swift Potion"},{"floor":17.0,"key":"LiquidBronze"},{"floor":18.0,"key":"Ancient Potion"},{"floor":21.0,"key":"SkillPotion"},{"floor":29.0,"key":"Block Potion"}],"is_trial":false,"path_per_floor":["M","M","M","M","?","R","M","$","T","M","R","M","M","M","R","B",null,"M","?","$","M","?","R","M","R","T","M","?","M","M","?","R","B"],"character_chosen":"THE_SILENT","items_purchased":["TwistedFunnel"],"campfire_rested":4,"item_purchase_floors":[20],"current_hp_per_floor":[65,60,60,56,56,56,46,46,46,38,70,47,57,52,52,34,75,20,20,20,20,20,57,21,58,58,34,34,23,18,18,55,0],"gold":426,"neow_bonus":"ONE_RANDOM_RARE_CARD","is_prod":false,"is_daily":false,"chose_seed":false,"campfire_upgraded":2,"win_rate":0.0,"timestamp":1543907537,"path_taken":["M","M","M","M","?","R","M","$","T","M","R","?","M","M","R","BOSS","M","?","$","M","?","R","M","R","T","?","?","M","M","?","R","BOSS"],"build_version":"2018-11-15","purchased_purges":2,"victory":false,"max_hp_per_floor":[70,70,70,70,70,70,70,70,70,70,70,70,70,70,70,70,75,75,75,75,75,75,75,75,75,75,75,75,75,75,75,75,75],"card_choices":[{"not_picked":["Blade Dance","Bane"],"picked":"Prepared","floor":1.0},{"not_picked":["Slice","Caltrops"],"picked":"Dodge and Roll","floor":2.0},{"not_picked":["Distraction","Prepared"],"picked":"Dagger Throw","floor":3.0},{"not_picked":["Envenom","Deadly Poison"],"picked":"PiercingWail","floor":4.0},{"not_picked":["PiercingWail","Deflect"],"picked":"Prepared","floor":7.0},{"not_picked":["PiercingWail","Dagger Throw"],"picked":"Poisoned Stab","floor":10.0},{"not_picked":["Acrobatics","Dash"],"picked":"Catalyst","floor":12.0},{"not_picked":["Masterful Stab","Deflect"],"picked":"Crippling Poison","floor":13.0},{"not_picked":["Reflex","Deflect"],"picked":"Backflip","floor":14.0},{"not_picked":["After Image","Venomology"],"picked":"Bullet Time","floor":16.0},{"not_picked":["Flechettes+1","Blade Dance"],"picked":"Deadly Poison","floor":18.0},{"not_picked":["Prepared","Eviscerate+1"],"picked":"Dagger Throw+1","floor":21.0},{"not_picked":["Dodge and Roll","Malaise","Prepared"],"picked":"SKIP","floor":24.0},{"not_picked":["Sucker Punch","Slice"],"picked":"Underhanded Strike","floor":27.0},{"not_picked":["Choke","Backflip"],"picked":"Bane+1","floor":29.0},{"not_picked":["Poisoned Stab","Blade Dance","All Out Attack"],"picked":"SKIP","floor":30.0}],"player_experience":70172,"relics_obtained":[{"floor":9.0,"key":"Regal Pillow"},{"floor":26.0,"key":"Sundial"}],"event_choices":[{"cards_removed":["Strike_G"],"damage_healed":0.0,"max_hp_gain":0.0,"max_hp_loss":0.0,"gold_gain":0.0,"event_name":"Purifier","player_choice":"Purged","floor":5.0,"gold_loss":0.0,"damage_taken":0.0},{"damage_healed":0.0,"max_hp_gain":0.0,"max_hp_loss":0.0,"gold_gain":99.0,"event_name":"Nest","player_choice":"Stole From Cult","floor":19.0,"gold_loss":0.0,"damage_taken":0.0},{"damage_healed":0.0,"max_hp_gain":0.0,"max_hp_loss":0.0,"gold_gain":0.0,"event_name":"FaceTrader","player_choice":"Trade","floor":22.0,"gold_loss":0.0,"damage_taken":0.0,"relics_obtained":["SsserpentHead"]},{"damage_healed":0.0,"max_hp_gain":0.0,"max_hp_loss":0.0,"gold_gain":0.0,"event_name":"Ghosts","player_choice":"Ignored","floor":28.0,"gold_loss":0.0,"damage_taken":0.0},{"damage_healed":0.0,"max_hp_gain":0.0,"max_hp_loss":0.0,"gold_gain":0.0,"event_name":"Upgrade Shrine","player_choice":"Upgraded","floor":31.0,"gold_loss":0.0,"damage_taken":0.0,"cards_upgraded":["Bullet Time"]}],"is_beta":false,"boss_relics":[{"not_picked":["Coffee Dripper","Lizard Tail"],"picked":"Tiny House"}],"items_purged_floors":[8,20],"is_endless":false,"potions_floor_spawned":[2,4,12,14,18,21,29],"killed_by":"Champ","ascension_level":0}