{"gold_per_floor":[117,117,117,117,192,223,238,238,238,262,278,291,291,324,324,324],"floor_reached":16,"playtime":1137,"items_purged":[],"score":250,"play_id":"d6215607-54b2-4933-a279-79157e3e4914","local_time":"20190317120251","is_ascension_mode":true,"campfire_choices":[{"data":"Neutralize","floor":8,"key":"SMITH"},{"floor":13,"key":"REST"},{"data":"Catalyst","floor":15,"key":"SMITH"}],"neow_cost":"NONE","seed_source_timestamp":1508999586421666,"circlet_count":0,"master_deck":["AscendersBane","Defend_G","Defend_G","Defend_G","Defend_G+1","Defend_G","Strike_G+1","Strike_G","Strike_G","Strike_G","Survivor","Neutralize+1","Poisoned Stab","Adrenaline","Cloak And Dagger","Dodge and Roll","Catalyst+1","Venomology"],"relics":["Ring of the Snake","NeowsBlessing","Golden Idol","Art of War","Pen Nib","Oddly Smooth Stone"],"potions_floor_usage":[11,16],"damage_taken":[{"damage":0,"enemies":"Jaw Worm","floor":1,"turns":1},{"damage":0,"enemies":"Gremlin Nob","floor":6,"turns":1},{"damage":0,"enemies":"Small Slimes","floor":7,"turns":1},{"damage":0,"enemies":"2 Louse","floor":10,"turns":2},{"damage":4,"enemies":"Exordium Thugs","floor":11,"turns":5},{"damage":3,"enemies":"Looter","floor":12,"turns":4},{"damage":5,"enemies":"Lagavulin","floor":14,"turns":8},{"damage":28,"enemies":"The Guardian","floor":16,"turns":16}],"seed_played":"5564014143817168731","potions_obtained":[{"floor":7,"key":"AttackPotion"},{"floor":10,"key":"Fire Potion"},{"floor":11,"key":"Energy Potion"}],"is_trial":false,"path_per_floor":["M","?","?","?","?","E","M","R","T","M","M","M","R","E","R","B"],"character_chosen":"THE_SILENT","items_purchased":[],"campfire_rested":1,"item_purchase_floors":[],"current_hp_per_floor":[59,39,39,32,21,21,21,21,21,21,17,14,32,27,27,0],"gold":324,"neow_bonus":"THREE_ENEMY_KILL","is_prod":false,"is_daily":false,"chose_seed":false,"campfire_upgraded":2,"win_rate":0,"timestamp":1552791771,"path_taken":["M","?","?","?","?","E","M","R","T","M","M","M","R","E","R","BOSS"],"build_version":"2019-03-15","purchased_purges":0,"victory":false,"max_hp_per_floor":[66,66,60,60,60,60,60,60,60,60,60,60,60,60,60,60],"card_choices":[{"not_picked":["Bane","Underhanded Strike"],"picked":"Poisoned Stab","floor":1},{"not_picked":["Setup","Prepared"],"picked":"Adrenaline","floor":6},{"not_picked":["Underhanded Strike","Accuracy"],"picked":"Cloak And Dagger","floor":7},{"not_picked":["Dagger Throw","Outmaneuver"],"picked":"Dodge and Roll","floor":10},{"not_picked":["Bouncing Flask","Tactician"],"picked":"Catalyst","floor":11},{"not_picked":["Outmaneuver","Blade Dance","Slice"],"picked":"SKIP","floor":12},{"not_picked":["Backflip","Backstab"],"picked":"Venomology","floor":14}],"player_experience":2694945,"relics_obtained":[{"floor":6,"key":"Art of War"},{"floor":9,"key":"Pen Nib"},{"floor":14,"key":"Oddly Smooth Stone"}],"event_choices":[{"damage_healed":0,"gold_gain":0,"player_choice":"Entered Light","damage_taken":20,"max_hp_gain":0,"max_hp_loss":0,"event_name":"Shining Light","floor":2,"gold_loss":0,"cards_upgraded":["Strike_G","Defend_G"]},{"damage_healed":0,"gold_gain":0,"player_choice":"Lose Max HP","damage_taken":0,"relics_obtained":["Golden Idol"],"max_hp_gain":0,"max_hp_loss":6,"event_name":"Golden Idol","floor":3,"gold_loss":0},{"cards_removed":["Strike_G"],"damage_healed":0,"gold_gain":0,"player_choice":"Card Removal","damage_taken":7,"max_hp_gain":0,"max_hp_loss":0,"event_name":"Golden Wing","floor":4,"gold_loss":0},{"damage_healed":0,"gold_gain":75,"player_choice":"Gather Gold","damage_taken":11,"max_hp_gain":0,"max_hp_loss":0,"event_name":"World of Goop","floor":5,"gold_loss":0}],"is_beta":true,"boss_relics":[],"items_purged_floors":[],"is_endless":false,"potions_floor_spawned":[7,10,11,12,14],"killed_by":"The Guardian","ascension_level":17}