{"gold_per_floor":[113,113,113,12,27,27,41,77,77,90,165,183,183,224,224,320,320,335,65,65,48,72,72,72,72,72,90,90,140,181,197,197,288,288,311,327,452,466,480,480,523,523,576,589,605,646,670,684,684,684],"floor_reached":50,"playtime":3900,"items_purged":[],"score":1007,"play_id":"2ff9fd88-2fc6-41e2-b9ee-d10afb134c1b","local_time":"20181228002156","is_ascension_mode":true,"campfire_choices":[{"data":"Footwork","floor":6,"key":"SMITH"},{"floor":13,"key":"REST"},{"data":"Caltrops","floor":15,"key":"SMITH"},{"data":"Apotheosis","floor":23,"key":"SMITH"},{"floor":25,"key":"RECALL"},{"data":"Noxious Fumes","floor":28,"key":"SMITH"},{"data":"Burst","floor":32,"key":"SMITH"},{"floor":40,"key":"REST"},{"floor":49,"key":"REST"}],"neow_cost":"NONE","seed_source_timestamp":652727104021670,"circlet_count":0,"master_deck":["AscendersBane","Defend_G","Defend_G","Defend_G","Defend_G","Defend_G","Strike_G","Strike_G","Strike_G","Strike_G","Strike_G","Survivor","Neutralize","Cloak And Dagger","Cloak And Dagger","Footwork+1","Backstab","Caltrops+1","Dash","Burst+1","Backflip","Malaise","Accuracy+1","Apotheosis+1","Noxious Fumes+1","Cloak And Dagger+1","Leg Sweep","Accuracy","Tools of the Trade","Backflip","Blur","Expertise","Noxious Fumes","Terror+1"],"special_seed":0,"relics":["White Beast Statue","Golden Idol","Mango","Art of War","Thread and Needle","Runic Dome","The Courier","Dodecahedron","Lizard Tail","Pocketwatch","Pear","Boot","Kunai"],"potions_floor_usage":[8,14,18,18,21,22,30,31,33,35,37,38,41,44,46,47,50],"damage_taken":[{"damage":10.0,"enemies":"Jaw Worm","floor":1.0,"turns":7.0},{"damage":3,"enemies":"2 Louse","floor":5,"turns":4},{"damage":0,"enemies":"Small Slimes","floor":7,"turns":4},{"damage":10,"enemies":"Lagavulin","floor":8,"turns":10},{"damage":6,"enemies":"3 Louse","floor":10,"turns":4},{"damage":11,"enemies":"Red Slaver","floor":12,"turns":4},{"damage":2,"enemies":"Gremlin Nob","floor":14,"turns":6},{"damage":41,"enemies":"Hexaghost","floor":16,"turns":15},{"damage":0,"enemies":"Chosen","floor":18,"turns":8},{"damage":0,"enemies":"2 Thieves","floor":21,"turns":5},{"damage":0,"enemies":"Snake Plant","floor":22,"turns":7},{"damage":11,"enemies":"3 Cultists","floor":27,"turns":7},{"damage":0,"enemies":"Book of Stabbing","floor":30,"turns":6},{"damage":11,"enemies":"Cultist and Chosen","floor":31,"turns":8},{"damage":5,"enemies":"Automaton","floor":33,"turns":13},{"damage":8,"enemies":"Orb Walker","floor":35,"turns":4},{"damage":0,"enemies":"3 Shapes","floor":36,"turns":9},{"damage":0,"enemies":"Mind Bloom Boss Battle","floor":37,"turns":9},{"damage":22,"enemies":"3 Darklings","floor":38,"turns":4},{"damage":23,"enemies":"4 Shapes","floor":39,"turns":8},{"damage":3,"enemies":"Giant Head","floor":41,"turns":8},{"damage":12,"enemies":"Sphere and 2 Shapes","floor":44,"turns":8},{"damage":0,"enemies":"3 Darklings","floor":45,"turns":8},{"damage":36,"enemies":"Reptomancer","floor":46,"turns":7},{"damage":4,"enemies":"Writhing Mass","floor":47,"turns":9},{"damage":0,"enemies":"Sphere and 2 Shapes","floor":48,"turns":7},{"damage":64,"enemies":"Donu and Deca","floor":50,"turns":9}],"seed_played":"-9166614113611383004","potions_obtained":[{"floor":1,"key":"GhostInAJar"},{"floor":5,"key":"PowerPotion"},{"floor":7,"key":"Strength Potion"},{"floor":8,"key":"FearPotion"},{"floor":12,"key":"Explosive Potion"},{"floor":14,"key":"Ancient Potion"},{"floor":16,"key":"Regen Potion"},{"floor":18,"key":"SpeedPotion"},{"floor":21,"key":"SkillPotion"},{"floor":22,"key":"Regen Potion"},{"floor":27,"key":"Weak Potion"},{"floor":30,"key":"Fire Potion"},{"floor":31,"key":"PowerPotion"},{"floor":33,"key":"Fire Potion"},{"floor":35,"key":"EssenceOfSteel"},{"floor":36,"key":"PowerPotion"},{"floor":37,"key":"SkillPotion"},{"floor":38,"key":"PowerPotion"},{"floor":41,"key":"PowerPotion"},{"floor":44,"key":"FearPotion"},{"floor":46,"key":"Block Potion"},{"floor":47,"key":"EssenceOfSteel"},{"floor":48,"key":"LiquidBronze"}],"is_trial":false,"path_per_floor":["M","?","T","$","M","R","M","E","T","M","?","M","R","E","R","B",null,"M","$","?","M","M","R","?","R","T","M","R","?","E","M","R","B",null,"M","M","?","M","M","R","E","?","T","M","M","E","M","M","R","B"],"character_chosen":"THE_SILENT","items_purchased":["Cloak And Dagger","Footwork","Apotheosis","Noxious Fumes"],"campfire_rested":3,"item_purchase_floors":[4,4,19,19],"current_hp_per_floor":[49,49,63,63,60,60,60,50,50,44,33,22,44,42,42,1,56,71,71,71,71,71,71,71,71,71,60,60,60,74,63,63,58,70,62,62,62,40,17,39,46,46,46,34,34,42,38,38,63,0],"gold":684,"neow_bonus":"BOSS_RELIC","is_prod":false,"is_daily":false,"chose_seed":false,"campfire_upgraded":5,"win_rate":0,"timestamp":1545924116,"path_taken":["M","?","?","$","M","R","M","E","T","M","?","M","R","E","R","BOSS","M","$","?","M","M","R","?","R","T","M","R","?","E","?","R","BOSS","M","M","?","M","M","R","E","?","T","M","M","E","?","M","R","BOSS"],"build_version":"2018-12-25","purchased_purges":0,"victory":false,"max_hp_per_floor":[66,60,74,74,74,74,74,74,74,74,74,74,74,74,74,74,74,74,74,74,74,74,74,74,74,74,74,74,74,74,74,74,74,74,74,74,74,74,74,74,84,84,84,84,84,84,84,84,84,84],"card_choices":[{"not_picked":["Endless Agony","Quick Slash"],"picked":"Cloak And Dagger","floor":1},{"not_picked":["Deflect","Heel Hook"],"picked":"Backstab","floor":5},{"not_picked":["Leg Sweep","Calculated Gamble"],"picked":"Caltrops","floor":7},{"not_picked":["Underhanded Strike","Prepared","Quick Slash"],"picked":"SKIP","floor":8},{"not_picked":["Sucker Punch","Flechettes"],"picked":"Dash","floor":10},{"not_picked":["Flying Knee","Dagger Spray"],"picked":"Burst","floor":12},{"not_picked":["Heel Hook","Prepared"],"picked":"Backflip","floor":14},{"not_picked":["Doppelganger","Wraith Form v2"],"picked":"Malaise","floor":16},{"not_picked":["Slice","Catalyst"],"picked":"Accuracy+1","floor":18},{"not_picked":["Outmaneuver","Deadly Poison","Dagger Throw"],"picked":"SKIP","floor":21},{"not_picked":["Accuracy","Sucker Punch"],"picked":"Cloak And Dagger+1","floor":22},{"not_picked":["Quick Slash","Sucker Punch"],"picked":"Leg Sweep","floor":27},{"not_picked":["Quick Slash","Setup+1","Deadly Poison+1"],"picked":"SKIP","floor":30},{"not_picked":["Dagger Throw","Skewer"],"picked":"Accuracy","floor":31},{"not_picked":["Unload","A Thousand Cuts"],"picked":"Tools of the Trade","floor":33},{"not_picked":["Flying Knee","Masterful Stab","Underhanded Strike"],"picked":"SKIP","floor":35},{"not_picked":["All Out Attack+1","Outmaneuver","Dagger Spray"],"picked":"SKIP","floor":36},{"not_picked":["Bane+1","Dagger Spray"],"picked":"Backflip","floor":37},{"not_picked":["Quick Slash","Dagger Throw+1","Heel Hook"],"picked":"SKIP","floor":38},{"not_picked":["Prepared","Leg Sweep+1"],"picked":"Blur","floor":39},{"not_picked":["Eviscerate","Underhanded Strike","Finisher"],"picked":"SKIP","floor":41},{"not_picked":["Skewer","Dodge and Roll"],"picked":"Expertise","floor":44},{"not_picked":["Sucker Punch+1","Dodge and Roll","Backflip"],"picked":"SKIP","floor":45},{"not_picked":["Underhanded Strike","Dodge and Roll","Concentrate"],"picked":"SKIP","floor":46},{"not_picked":["Flechettes+1","Quick Slash"],"picked":"Noxious Fumes","floor":47},{"not_picked":["Finisher+1","Blade Dance"],"picked":"Terror+1","floor":48}],"player_experience":2590572,"relics_obtained":[{"floor":3,"key":"Mango"},{"floor":8,"key":"Art of War"},{"floor":14,"key":"Thread and Needle"},{"floor":26,"key":"The Courier"},{"floor":30,"key":"Dodecahedron"},{"floor":37,"key":"Pocketwatch"},{"floor":41,"key":"Pear"},{"floor":43,"key":"Boot"},{"floor":46,"key":"Kunai"}],"event_choices":[{"damage_healed":0,"gold_gain":0,"player_choice":"Lose Max HP","damage_taken":0,"relics_obtained":["Golden Idol"],"max_hp_gain":0,"max_hp_loss":6,"event_name":"Golden Idol","floor":2,"gold_loss":0},{"damage_healed":0,"gold_gain":75,"player_choice":"Gather Gold","damage_taken":11,"max_hp_gain":0,"max_hp_loss":0,"event_name":"World of Goop","floor":11,"gold_loss":0},{"damage_healed":0,"gold_gain":0,"player_choice":"Ignored","damage_taken":0,"max_hp_gain":0,"max_hp_loss":0,"event_name":"Cursed Tome","floor":24,"gold_loss":0},{"damage_healed":0,"gold_gain":100,"player_choice":"Bet on Murderer","damage_taken":0,"max_hp_gain":0,"max_hp_loss":0,"event_name":"The Joust","floor":29,"gold_loss":50},{"damage_healed":0,"gold_gain":0,"player_choice":"Fight","damage_taken":0,"max_hp_gain":0,"max_hp_loss":0,"event_name":"MindBloom","floor":37,"gold_loss":0},{"damage_healed":0,"gold_gain":0,"player_choice":"Leave","damage_taken":0,"max_hp_gain":0,"max_hp_loss":0,"event_name":"FaceTrader","floor":42,"gold_loss":0}],"is_beta":true,"boss_relics":[{"not_picked":["Tiny House","Ectoplasm"],"picked":"Runic Dome"},{"not_picked":["Sozu","Snecko Eye"],"picked":"Lizard Tail"}],"items_purged_floors":[],"is_endless":false,"potions_floor_spawned":[1,5,7,8,10,12,14,16,18,21,22,27,30,31,33,35,36,37,38,39,41,44,45,46,47,48],"killed_by":"Donu and Deca","ascension_level":15}