{"gold_per_floor":[119,130,147,164,314,314,64,97,152,152,165,196,196,213,213,291,291,302,97,97,109,128,128,160,178,178,178,195,195,227,277,277,277],"floor_reached":33,"playtime":2316,"items_purged":["Doubt"],"score":564,"play_id":"7b57d7ef-e7c3-4f1e-934c-deb1f93a2825","local_time":"20190528094733","is_ascension_mode":true,"campfire_choices":[{"data":"Crippling Poison","floor":6.0,"key":"SMITH"},{"data":"Noxious Fumes","floor":10.0,"key":"SMITH"},{"data":"Footwork","floor":13.0,"key":"SMITH"},{"floor":15.0,"key":"REST"},{"floor":23.0,"key":"REST"},{"floor":27.0,"key":"REST"},{"floor":29.0,"key":"REST"},{"data":"Footwork","floor":32,"key":"SMITH"}],"neow_cost":"PERCENT_DAMAGE","seed_source_timestamp":781919086985435,"circlet_count":0,"master_deck":["AscendersBane","Strike_G","Strike_G","Strike_G","Strike_G","Strike_G","Defend_G","Defend_G","Defend_G","Defend_G","Defend_G","Survivor","Neutralize","Noxious Fumes+1","Blur","Crippling Poison+1","Glass Knife","Footwork+1","Endless Agony","Cloak And Dagger","Malaise","Heel Hook","Deflect","Heel Hook","Footwork+1","Prepared+1","Sucker Punch+1"],"special_seed":0,"relics":["Ring of the Snake","Mango","Tiny Chest","Ornamental Fan","Orichalcum","White Beast Statue","Lantern","Molten Egg 2","The Courier","Ancient Tea Set"],"potions_floor_usage":[30],"damage_taken":[{"damage":0.0,"enemies":"2 Louse","floor":1.0,"turns":3.0},{"damage":1.0,"enemies":"Jaw Worm","floor":2.0,"turns":5.0},{"damage":1.0,"enemies":"Small Slimes","floor":3.0,"turns":5.0},{"damage":1.0,"enemies":"2 Fungi Beasts","floor":4.0,"turns":4.0},{"damage":7.0,"enemies":"Lagavulin","floor":8.0,"turns":8.0},{"damage":2.0,"enemies":"Exordium Thugs","floor":11.0,"turns":7.0},{"damage":15.0,"enemies":"3 Sentries","floor":12.0,"turns":8.0},{"damage":0.0,"enemies":"Red Slaver","floor":14.0,"turns":5.0},{"damage":20.0,"enemies":"Slime Boss","floor":16.0,"turns":13.0},{"damage":18.0,"enemies":"2 Thieves","floor":18.0,"turns":5.0},{"damage":6.0,"enemies":"3 Byrds","floor":21.0,"turns":5.0},{"damage":13.0,"enemies":"Shelled Parasite and Fungi","floor":22.0,"turns":9.0},{"damage":36.0,"enemies":"Gremlin Leader","floor":24.0,"turns":9.0},{"damage":7.0,"enemies":"Cultist and Chosen","floor":25.0,"turns":7.0},{"damage":9.0,"enemies":"Centurion and Healer","floor":28.0,"turns":10.0},{"damage":17,"enemies":"Book of Stabbing","floor":30,"turns":9},{"damage":66,"enemies":"Champ","floor":33,"turns":17}],"seed_played":"-5986527124990219010","potions_obtained":[{"floor":3.0,"key":"FearPotion"},{"floor":4.0,"key":"Fire Potion"},{"floor":8.0,"key":"LiquidBronze"},{"floor":16.0,"key":"SteroidPotion"},{"floor":18.0,"key":"Weak Potion"},{"floor":21.0,"key":"Explosive Potion"},{"floor":22.0,"key":"Dexterity Potion"},{"floor":24.0,"key":"FearPotion"},{"floor":25.0,"key":"Dexterity Potion"},{"floor":28.0,"key":"FairyPotion"},{"floor":30,"key":"Strength Potion"}],"is_trial":false,"path_per_floor":["M","M","M","M","?","R","$","E","T","R","M","E","R","M","R","B",null,"M","$","?","M","M","R","E","M","T","R","M","R","E","?","R","B"],"character_chosen":"THE_SILENT","items_purchased":["Tiny Chest","Footwork","Lantern","Heel Hook"],"campfire_rested":4,"item_purchase_floors":[7,7,19,19],"current_hp_per_floor":[58,57,56,55,55,55,55,48,48,48,46,31,31,31,55,35,69,51,51,51,45,32,56,20,13,13,37,28,52,35,35,35,0],"gold":277,"neow_bonus":"ONE_RARE_RELIC","is_prod":false,"is_daily":false,"chose_seed":false,"campfire_upgraded":4,"win_rate":0,"timestamp":1559004453,"path_taken":["M","M","M","M","?","R","$","E","T","R","M","E","R","M","R","BOSS","M","$","?","M","M","R","E","M","T","R","M","R","E","?","R","BOSS"],"build_version":"2019-05-26","purchased_purges":1,"victory":false,"max_hp_per_floor":[80,80,80,80,80,80,80,80,80,80,80,80,80,80,80,80,80,80,80,80,80,80,80,80,80,80,80,80,80,80,80,80,80],"card_choices":[{"not_picked":["Quick Slash","PiercingWail"],"picked":"Noxious Fumes","floor":1.0},{"not_picked":["Acrobatics","Quick Slash"],"picked":"Blur","floor":2.0},{"not_picked":["Dagger Spray","Reflex"],"picked":"Crippling Poison","floor":3.0},{"not_picked":["Quick Slash","Poisoned Stab"],"picked":"Glass Knife","floor":4.0},{"not_picked":["Distraction","Tactician","Accuracy"],"picked":"SKIP","floor":8.0},{"not_picked":["Eviscerate","Acrobatics"],"picked":"Endless Agony","floor":11.0},{"not_picked":["Acrobatics","Masterful Stab","Slice"],"picked":"SKIP","floor":12.0},{"not_picked":["Blade Dance","Well Laid Plans"],"picked":"Cloak And Dagger","floor":14.0},{"not_picked":["Die Die Die","Burst"],"picked":"Malaise","floor":16.0},{"not_picked":["Quick Slash","Terror","Poisoned Stab"],"picked":"SKIP","floor":18.0},{"not_picked":["Flying Knee","Sucker Punch"],"picked":"Deflect","floor":21.0},{"not_picked":["Reflex","Dash"],"picked":"Heel Hook","floor":22.0},{"not_picked":["Calculated Gamble","Poisoned Stab"],"picked":"Footwork","floor":24.0},{"not_picked":["Acrobatics","All Out Attack+1"],"picked":"Prepared+1","floor":25.0},{"not_picked":["Leg Sweep","Flying Knee+1"],"picked":"Sucker Punch+1","floor":28.0},{"not_picked":["Infinite Blades","Outmaneuver","Cloak And Dagger"],"picked":"SKIP","floor":30}],"player_experience":3361140,"relics_obtained":[{"floor":8.0,"key":"Ornamental Fan"},{"floor":12.0,"key":"Orichalcum"},{"floor":24.0,"key":"Molten Egg 2"},{"floor":26.0,"key":"The Courier"},{"floor":30,"key":"Ancient Tea Set"}],"event_choices":[{"damage_healed":0.0,"max_hp_gain":0.0,"max_hp_loss":0.0,"gold_gain":150.0,"event_name":"Liars Game","player_choice":"AGREE","floor":5.0,"gold_loss":0.0,"damage_taken":0.0,"cards_obtained":["Doubt"]},{"damage_healed":0.0,"max_hp_gain":0.0,"max_hp_loss":0.0,"gold_gain":0.0,"event_name":"Ghosts","player_choice":"Ignored","floor":20.0,"gold_loss":0.0,"damage_taken":0.0},{"damage_healed":0,"gold_gain":50,"player_choice":"Stole From Cult","damage_taken":0,"max_hp_gain":0,"max_hp_loss":0,"event_name":"Nest","floor":31,"gold_loss":0}],"is_beta":true,"boss_relics":[{"not_picked":["Tiny House","Calling Bell"],"picked":"White Beast Statue"}],"items_purged_floors":[7],"is_endless":false,"potions_floor_spawned":[3,4,8,16,18,21,22,24,25,28,30],"killed_by":"Champ","ascension_level":18}