{"gold_per_floor":[11,29,29,46,61,88,105,105,154,183,193,207,207,48,48,123,123,136,36,36,36,36,68,87,122,122,122,29,40,40,54,54,54],"floor_reached":33,"playtime":930,"items_purged":["Strike_B","Stack"],"score":594,"play_id":"040ab48a-6d0c-4565-87ff-25685bd5f7ac","local_time":"20190513015003","is_ascension_mode":true,"campfire_choices":[{"data":"White Noise","floor":8,"key":"SMITH"},{"data":"Storm","floor":13,"key":"SMITH"},{"data":"Conserve Battery","floor":15,"key":"SMITH"},{"floor":32,"key":"REST"}],"neow_cost":"NO_GOLD","seed_source_timestamp":632352465736100,"circlet_count":0,"master_deck":["AscendersBane","Zap","Dualcast+1","Core Surge","Streamline","Rebound","Electrodynamics","Conserve Battery+1","White Noise+1","Reboot","Electrodynamics","Storm+1","Tempest","Core Surge","Reboot","Chill+1","Static Discharge","Doom and Gloom","Genetic Algorithm","Ghostly","Ghostly","Ghostly","Machine Learning","Compile Driver","Capacitor","Decay","Storm"],"relics":["Cracked Core","Cables","Orichalcum","Sundial","Pandora\u0027s Box","Dream Catcher","Potion Belt","War Paint"],"potions_floor_usage":[6,16,25,31,31,33,33],"damage_taken":[{"damage":3,"enemies":"2 Louse","floor":1,"turns":2},{"damage":0,"enemies":"Cultist","floor":2,"turns":2},{"damage":0,"enemies":"Small Slimes","floor":4,"turns":2},{"damage":7,"enemies":"Looter","floor":5,"turns":3},{"damage":8,"enemies":"Lagavulin","floor":6,"turns":7},{"damage":4,"enemies":"2 Fungi Beasts","floor":7,"turns":3},{"damage":5,"enemies":"Gremlin Nob","floor":10,"turns":3},{"damage":6,"enemies":"Blue Slaver","floor":11,"turns":2},{"damage":0,"enemies":"3 Louse","floor":12,"turns":1},{"damage":15,"enemies":"The Guardian","floor":16,"turns":8},{"damage":0,"enemies":"3 Byrds","floor":18,"turns":2},{"damage":15,"enemies":"Slavers","floor":23,"turns":4},{"damage":0,"enemies":"Chosen","floor":24,"turns":4},{"damage":16,"enemies":"Gremlin Leader","floor":25,"turns":5},{"damage":0,"enemies":"3 Cultists","floor":29,"turns":4},{"damage":0,"enemies":"Snake Plant","floor":31,"turns":2},{"damage":31,"enemies":"Collector","floor":33,"turns":6}],"seed_played":"3047047784542143784","potions_obtained":[{"floor":1,"key":"Block Potion"},{"floor":7,"key":"SteroidPotion"},{"floor":16,"key":"SkillPotion"},{"floor":23,"key":"Weak Potion"},{"floor":29,"key":"EssenceOfSteel"},{"floor":31,"key":"Dexterity Potion"}],"is_trial":false,"path_per_floor":["M","M","?","M","M","E","M","R","T","E","M","M","R","$","R","B",null,"M","$","?","?","?","E","M","E","T","?","$","M","?","M","R","B"],"character_chosen":"DEFECT","items_purchased":["Core Surge","Storm","Fire Potion"],"campfire_rested":1,"item_purchase_floors":[14,28,28],"current_hp_per_floor":[61,61,61,61,54,46,42,42,42,37,31,31,31,31,31,16,57,57,57,35,35,35,20,20,4,4,4,4,4,4,4,14,0],"gold":54,"neow_bonus":"THREE_RARE_CARDS","is_prod":false,"is_daily":false,"chose_seed":false,"campfire_upgraded":3,"win_rate":0,"timestamp":1557679803,"path_taken":["M","M","?","M","M","E","M","R","T","E","M","?","R","$","R","BOSS","M","$","?","?","?","E","M","E","T","?","?","M","?","?","R","BOSS"],"build_version":"2019-01-23","purchased_purges":2,"victory":false,"max_hp_per_floor":[71,71,71,71,71,71,71,71,71,71,71,71,71,71,71,71,71,71,71,35,35,35,35,35,35,35,35,35,35,35,35,35,35],"card_choices":[{"not_picked":["Buffer","Amplify"],"picked":"Core Surge","floor":0},{"not_picked":["Undo","Compile Driver"],"picked":"Streamline","floor":1},{"not_picked":["Steam","Stack"],"picked":"Rebound","floor":2},{"not_picked":["Stack","Coolheaded"],"picked":"Electrodynamics","floor":4},{"not_picked":["Storm","Compile Driver"],"picked":"Conserve Battery","floor":5},{"not_picked":["Gash","Hello World"],"picked":"White Noise","floor":6},{"not_picked":["Compile Driver","Static Discharge"],"picked":"Reboot","floor":7},{"not_picked":["Beam Cell","Coolheaded"],"picked":"Electrodynamics","floor":10},{"not_picked":["Leap","Auto Shields"],"picked":"Storm","floor":11},{"not_picked":["Ball Lightning","Conserve Battery"],"picked":"Tempest","floor":12},{"not_picked":["Meteor Strike","Rainbow"],"picked":"Reboot","floor":16},{"not_picked":["Conserve Battery","Hologram"],"picked":"Genetic Algorithm","floor":18},{"not_picked":["FTL","Doom and Gloom","Hello World"],"picked":"SKIP","floor":23},{"not_picked":["Stack","Streamline"],"picked":"Capacitor","floor":24},{"not_picked":["Redo","Hyperbeam","Barrage"],"picked":"SKIP","floor":25},{"not_picked":["Steam","Stack","Leap"],"picked":"SKIP","floor":29},{"not_picked":["Doom and Gloom","Compile Driver","Turbo"],"picked":"SKIP","floor":31}],"player_experience":5005798,"relics_obtained":[{"floor":6,"key":"Cables"},{"floor":9,"key":"Orichalcum"},{"floor":10,"key":"Sundial"},{"floor":23,"key":"Dream Catcher"},{"floor":25,"key":"Potion Belt"},{"floor":26,"key":"War Paint"}],"event_choices":[{"cards_removed":["Strike_B"],"damage_healed":0,"gold_gain":0,"player_choice":"Offered Basic","damage_taken":0,"max_hp_gain":0,"max_hp_loss":0,"event_name":"Bonfire Elementals","floor":3,"gold_loss":0},{"damage_healed":0,"gold_gain":0,"player_choice":"Became a Ghost","damage_taken":0,"max_hp_gain":0,"max_hp_loss":36,"event_name":"Ghosts","floor":20,"gold_loss":0,"cards_obtained":["Ghostly","Ghostly","Ghostly"]},{"damage_healed":0,"gold_gain":0,"player_choice":"Ignored","damage_taken":0,"max_hp_gain":0,"max_hp_loss":0,"event_name":"The Mausoleum","floor":21,"gold_loss":0},{"damage_healed":0,"gold_gain":0,"cards_transformed":["Aggregate","Hello World"],"player_choice":"Became Test Subject","damage_taken":0,"max_hp_gain":0,"max_hp_loss":0,"event_name":"Drug Dealer","floor":22,"gold_loss":0,"cards_obtained":["Machine Learning","Compile Driver"]},{"damage_healed":0,"gold_gain":0,"player_choice":"Smashed Altar","damage_taken":0,"max_hp_gain":0,"max_hp_loss":0,"event_name":"Forgotten Altar","floor":27,"gold_loss":0,"cards_obtained":["Decay"]},{"damage_healed":0,"gold_gain":0,"player_choice":"Ignored","damage_taken":0,"max_hp_gain":0,"max_hp_loss":0,"event_name":"Cursed Tome","floor":30,"gold_loss":0}],"is_beta":false,"boss_relics":[{"not_picked":["Lizard Tail","Coffee Dripper"],"picked":"Pandora\u0027s Box"}],"items_purged_floors":[14,19],"is_endless":false,"potions_floor_spawned":[1,7,16,23,29,31],"killed_by":"Collector","ascension_level":20}