{"gold_per_floor":[117,127,137,137,160,203,278,255,267,59,59,59,97,116,116,116],"floor_reached":16,"playtime":616,"items_purged":["Strike_G"],"score":176,"play_id":"037287e6-3b7c-4246-b03d-71fc54e065e8","local_time":"20190504120921","is_ascension_mode":true,"campfire_choices":[{"data":"Neutralize","floor":12,"key":"SMITH"},{"floor":15,"key":"REST"}],"neow_cost":"NONE","seed_source_timestamp":663586082104830,"circlet_count":0,"master_deck":["AscendersBane","Defend_G","Defend_G","Defend_G","Defend_G","Defend_G","Strike_G","Strike_G","Strike_G","Strike_G","Survivor","Neutralize+1","Dash","Backstab","Skewer+1","Cloak And Dagger","PiercingWail","Infinite Blades"],"relics":["Ring of the Snake","Golden Idol","Gremlin Horn","MawBank","Bronze Scales","Bag of Marbles"],"potions_floor_usage":[6,14,16],"damage_taken":[{"damage":0,"enemies":"Small Slimes","floor":1,"turns":4},{"damage":3,"enemies":"2 Louse","floor":2,"turns":4},{"damage":0,"enemies":"Jaw Worm","floor":3,"turns":3},{"damage":8,"enemies":"Looter","floor":5,"turns":2},{"damage":27,"enemies":"Gremlin Nob","floor":6,"turns":5},{"damage":30,"enemies":"Gremlin Nob","floor":7,"turns":5},{"damage":7,"enemies":"3 Sentries","floor":13,"turns":8},{"damage":0,"enemies":"3 Louse","floor":14,"turns":1},{"damage":33,"enemies":"Slime Boss","floor":16,"turns":7}],"seed_played":"2916514011110221391","potions_obtained":[{"floor":1,"key":"Dexterity Potion"},{"floor":5,"key":"Fire Potion"},{"floor":6,"key":"Explosive Potion"}],"is_trial":false,"path_per_floor":["M","M","M","?","M","E","?","?","T","$","?","R","E","M","R","B"],"character_chosen":"THE_SILENT","items_purchased":["Bronze Scales"],"campfire_rested":1,"item_purchase_floors":[10],"current_hp_per_floor":[70,67,67,67,59,32,2,19,19,19,19,19,12,12,33,0],"gold":116,"neow_bonus":"TEN_PERCENT_HP_BONUS","is_prod":false,"is_daily":false,"chose_seed":false,"campfire_upgraded":1,"win_rate":0,"timestamp":1556964561,"path_taken":["M","M","M","?","M","E","?","?","T","$","?","R","E","M","R","BOSS"],"build_version":"2019-01-23","purchased_purges":1,"victory":false,"max_hp_per_floor":[77,77,77,71,71,71,71,71,71,71,71,71,71,71,71,71],"card_choices":[{"not_picked":["Dodge and Roll","Underhanded Strike"],"picked":"Dash","floor":1},{"not_picked":["Prepared","Underhanded Strike"],"picked":"Backstab","floor":2},{"not_picked":["Flying Knee","Escape Plan"],"picked":"Skewer","floor":3},{"not_picked":["Bane","Flying Knee","Outmaneuver"],"picked":"SKIP","floor":5},{"not_picked":["Accuracy","Outmaneuver"],"picked":"Cloak And Dagger","floor":6},{"not_picked":["Acrobatics","Flechettes"],"picked":"PiercingWail","floor":7},{"not_picked":["Bane","Outmaneuver","PiercingWail"],"picked":"SKIP","floor":13},{"not_picked":["Dagger Spray","Sucker Punch"],"picked":"Infinite Blades","floor":14}],"player_experience":528273,"relics_obtained":[{"floor":6,"key":"Gremlin Horn"},{"floor":7,"key":"MawBank"},{"floor":13,"key":"Bag of Marbles"}],"event_choices":[{"damage_healed":0,"gold_gain":0,"player_choice":"Lose Max HP","damage_taken":0,"relics_obtained":["Golden Idol"],"max_hp_gain":0,"max_hp_loss":6,"event_name":"Golden Idol","floor":4,"gold_loss":0},{"damage_healed":0,"gold_gain":0,"player_choice":"Searched \u00271\u0027 times","damage_taken":0,"max_hp_gain":0,"max_hp_loss":0,"event_name":"Dead Adventurer","floor":7,"gold_loss":0},{"damage_healed":17,"gold_gain":0,"player_choice":"Healed","damage_taken":0,"max_hp_gain":0,"max_hp_loss":0,"event_name":"The Cleric","floor":8,"gold_loss":35},{"damage_healed":0,"gold_gain":0,"player_choice":"Grow","damage_taken":0,"max_hp_gain":0,"max_hp_loss":0,"event_name":"Living Wall","floor":11,"gold_loss":0,"cards_upgraded":["Skewer"]}],"is_beta":false,"boss_relics":[],"items_purged_floors":[10],"is_endless":false,"potions_floor_spawned":[1,5,6,7],"killed_by":"Slime Boss","ascension_level":12}