{"gold_per_floor":[115,115,115,128,143,143,177,198,198,198,239,274,300,319,319,409,409,425,217,142,157,82,82,102,102,102,102,102,102,143,167,167,263,263,281,297,318,341,365,400,400,440,463,463],"floor_reached":44,"playtime":3950,"items_purged":["Defend_B"],"score":921,"play_id":"7b2d6f4c-eaee-4045-82a3-c96aae735401","local_time":"20190510102009","is_ascension_mode":true,"campfire_choices":[{"data":"Zap","floor":6.0,"key":"SMITH"},{"floor":10.0,"key":"REST"},{"floor":15.0,"key":"REST"},{"data":"Dualcast","floor":23.0,"key":"SMITH"},{"floor":25.0,"key":"REST"},{"floor":27.0,"key":"REST"},{"floor":32.0,"key":"REST"},{"floor":41,"key":"RECALL"}],"neow_cost":"NONE","seed_source_timestamp":0,"circlet_count":0,"master_deck":["AscendersBane","Defend_B","Defend_B","Zap+1","Dualcast+1","Echo Form+1","Redo+1","Compile Driver+1","Conserve Battery+1","Gash+1","Cold Snap+1","Ball Lightning","Ball Lightning","Rainbow+1","Reboot+1","Fusion+1","Chaos+1","Conserve Battery+1","Chill+1","Glacier+1","Multi-Cast+1","Loop+1"],"special_seed":0,"relics":["Astrolabe","Golden Idol","Whetstone","Potion Belt","Toxic Egg 2","Odd Mushroom","Orichalcum","White Beast Statue","Lantern","Blue Candle","Centennial Puzzle","Busted Crown","Bag of Preparation","DataDisk"],"potions_floor_usage":[37,40,40,44],"damage_taken":[{"damage":9.0,"enemies":"2 Louse","floor":1.0,"turns":4.0},{"damage":2.0,"enemies":"Jaw Worm","floor":4.0,"turns":5.0},{"damage":6.0,"enemies":"Small Slimes","floor":5.0,"turns":5.0},{"damage":27.0,"enemies":"3 Sentries","floor":7.0,"turns":9.0},{"damage":5.0,"enemies":"Blue Slaver","floor":8.0,"turns":3.0},{"damage":14.0,"enemies":"Gremlin Nob","floor":11.0,"turns":3.0},{"damage":10.0,"enemies":"The Mushroom Lair","floor":12.0,"turns":3.0},{"damage":0.0,"enemies":"2 Fungi Beasts","floor":14.0,"turns":4.0},{"damage":8.0,"enemies":"Hexaghost","floor":16.0,"turns":8.0},{"damage":20.0,"enemies":"2 Thieves","floor":18.0,"turns":4.0},{"damage":1.0,"enemies":"Spheric Guardian","floor":21.0,"turns":3.0},{"damage":19.0,"enemies":"Centurion and Healer","floor":24.0,"turns":6.0},{"damage":38.0,"enemies":"Slavers","floor":30.0,"turns":5.0},{"damage":3.0,"enemies":"3 Cultists","floor":31.0,"turns":4.0},{"damage":1.0,"enemies":"Champ","floor":33.0,"turns":17.0},{"damage":7,"enemies":"3 Darklings","floor":35,"turns":6},{"damage":1,"enemies":"3 Shapes","floor":36,"turns":3},{"damage":11,"enemies":"Sphere and 2 Shapes","floor":37,"turns":10},{"damage":7,"enemies":"Jaw Worm Horde","floor":38,"turns":4},{"damage":4,"enemies":"4 Shapes","floor":39,"turns":3},{"damage":7,"enemies":"Nemesis","floor":40,"turns":5},{"damage":91,"enemies":"Giant Head","floor":42,"turns":10},{"damage":13,"enemies":"3 Darklings","floor":44,"turns":4}],"seed_played":"-5257641928615845986","potions_obtained":[{"floor":4.0,"key":"Dexterity Potion"},{"floor":7.0,"key":"AttackPotion"},{"floor":14.0,"key":"AttackPotion"},{"floor":18.0,"key":"GamblersBrew"},{"floor":21.0,"key":"FearPotion"},{"floor":24.0,"key":"Explosive Potion"},{"floor":30.0,"key":"Swift Potion"},{"floor":31.0,"key":"FairyPotion"},{"floor":33.0,"key":"FearPotion"},{"floor":35,"key":"Regen Potion"},{"floor":36,"key":"LiquidBronze"},{"floor":37,"key":"Explosive Potion"},{"floor":38,"key":"PowerPotion"},{"floor":39,"key":"Regen Potion"},{"floor":40,"key":"FearPotion"},{"floor":42,"key":"GamblersBrew"}],"is_trial":false,"path_per_floor":["M","?","?","M","M","R","E","M","T","R","E","?","T","M","R","B",null,"M","$","?","M","$","R","M","R","T","R","?","?","E","M","R","B",null,"M","M","M","M","M","E","R","E","T","M"],"character_chosen":"DEFECT","items_purchased":["Lantern","Chaos+1"],"campfire_rested":5,"item_purchase_floors":[19,19],"current_hp_per_floor":[55,55,55,53,47,47,20,15,15,34,20,10,10,10,29,21,53,33,33,33,32,32,32,13,32,32,51,51,51,13,10,29,28,55,48,47,51,44,40,47,47,6,6,0],"gold":463,"neow_bonus":"BOSS_RELIC","is_prod":false,"is_daily":false,"chose_seed":false,"campfire_upgraded":2,"win_rate":0,"timestamp":1557451209,"path_taken":["M","?","?","M","M","R","E","M","T","R","E","?","?","M","R","BOSS","M","$","?","M","$","R","M","R","T","R","?","?","E","?","R","BOSS","M","M","?","M","M","E","R","E","T","M"],"build_version":"2019-05-07","purchased_purges":1,"victory":false,"max_hp_per_floor":[71,71,64,64,64,64,64,64,64,64,64,64,64,64,64,64,64,64,64,64,64,64,64,64,64,64,64,64,64,64,64,64,64,64,64,64,64,64,64,64,64,64,64,64],"card_choices":[{"not_picked":["Go for the Eyes","Chill"],"picked":"Conserve Battery","floor":1.0},{"not_picked":["Auto Shields","Sweeping Beam"],"picked":"Gash","floor":4.0},{"not_picked":["Loop","Doom and Gloom"],"picked":"Cold Snap","floor":5.0},{"not_picked":["Loop","Auto Shields"],"picked":"Ball Lightning","floor":7.0},{"not_picked":["FTL","Go for the Eyes"],"picked":"Ball Lightning","floor":8.0},{"not_picked":["Force Field","Rebound","Compile Driver"],"picked":"SKIP","floor":11.0},{"not_picked":["Ball Lightning","Beam Cell"],"picked":"Rainbow+1","floor":14.0},{"not_picked":["Buffer","Amplify+1"],"picked":"Reboot+1","floor":16.0},{"not_picked":["Steam+1","Turbo+1"],"picked":"Fusion+1","floor":18.0},{"not_picked":["Barrage","Turbo+1","Hello World"],"picked":"SKIP","floor":21.0},{"not_picked":["Genetic Algorithm+1","Steam+1"],"picked":"Conserve Battery+1","floor":24.0},{"not_picked":["Barrage","Thunder Strike"],"picked":"Chill+1","floor":30.0},{"not_picked":["Chill+1","Self Repair"],"picked":"Glacier+1","floor":31.0},{"not_picked":["Reboot+1","Echo Form"],"picked":"Multi-Cast+1","floor":33.0},{"not_picked":["Hello World"],"picked":"SKIP","floor":35},{"not_picked":["Streamline"],"picked":"SKIP","floor":36},{"not_picked":["Scrape"],"picked":"SKIP","floor":37},{"not_picked":["Turbo+1"],"picked":"SKIP","floor":38},{"not_picked":["Rebound"],"picked":"SKIP","floor":39},{"not_picked":["Sunder"],"picked":"SKIP","floor":40},{"not_picked":[],"picked":"Loop+1","floor":42}],"player_experience":3180456,"relics_obtained":[{"floor":7.0,"key":"Whetstone"},{"floor":9.0,"key":"Potion Belt"},{"floor":11.0,"key":"Toxic Egg 2"},{"floor":12.0,"key":"Odd Mushroom"},{"floor":13.0,"key":"Orichalcum"},{"floor":26.0,"key":"Blue Candle"},{"floor":30.0,"key":"Centennial Puzzle"},{"floor":40,"key":"Bag of Preparation"},{"floor":42,"key":"DataDisk"}],"event_choices":[{"damage_healed":0.0,"max_hp_gain":0.0,"max_hp_loss":0.0,"gold_gain":0.0,"event_name":"Liars Game","player_choice":"Ignored","floor":2.0,"gold_loss":0.0,"damage_taken":0.0},{"damage_healed":0.0,"max_hp_gain":0.0,"max_hp_loss":7.0,"gold_gain":0.0,"event_name":"Golden Idol","player_choice":"Lose Max HP","floor":3.0,"gold_loss":0.0,"damage_taken":0.0,"relics_obtained":["Golden Idol"]},{"damage_healed":0.0,"max_hp_gain":0.0,"max_hp_loss":0.0,"gold_gain":0.0,"event_name":"Mushrooms","player_choice":"Fought Mushrooms","floor":12.0,"gold_loss":0.0,"damage_taken":0.0},{"cards_removed":["Strike_B"],"damage_healed":0.0,"max_hp_gain":0.0,"max_hp_loss":0.0,"gold_gain":0.0,"event_name":"Beggar","player_choice":"Gave Gold","floor":20.0,"gold_loss":75.0,"damage_taken":0.0},{"cards_removed":["Defend_B"],"damage_healed":0.0,"max_hp_gain":0.0,"max_hp_loss":0.0,"gold_gain":0.0,"event_name":"Back to Basics","player_choice":"Elegance","floor":28.0,"gold_loss":0.0,"damage_taken":0.0},{"damage_healed":0.0,"max_hp_gain":0.0,"max_hp_loss":0.0,"gold_gain":0.0,"event_name":"Upgrade Shrine","player_choice":"Upgraded","floor":29.0,"gold_loss":0.0,"damage_taken":0.0,"cards_upgraded":["Conserve Battery"]}],"is_beta":true,"boss_relics":[{"not_picked":["Black Star","Eternal Feather"],"picked":"White Beast Statue"},{"not_picked":["Tiny House","Pandora\u0027s Box"],"picked":"Busted Crown"}],"items_purged_floors":[22],"is_endless":false,"potions_floor_spawned":[4,7,14,18,21,24,30,31,33,35,36,37,38,39,40,42],"killed_by":"3 Darklings","ascension_level":17}