{"gold_per_floor":[118,43,59,71,36,36,68,100,138,150,221,233,265,287,299,387,399,431,460,492,504,526,538,577,589,626,658,670,662,105,124,124,203,203,221,221,11,21,39,39,39],"floor_reached":41,"playtime":2361,"items_purged":["Strike_B","Strike_B","Strike_B"],"score":765,"play_id":"56a48217-48ee-460b-8d66-ff0e01361bf5","local_time":"20190216164906","is_ascension_mode":true,"campfire_choices":[{"data":"Zap","floor":6.0,"key":"SMITH"},{"data":"Dualcast","floor":10.0,"key":"SMITH"},{"data":"Electrodynamics","floor":15.0,"key":"SMITH"},{"floor":23,"key":"REST"},{"floor":25,"key":"REST"},{"floor":28,"key":"REST"},{"floor":32,"key":"REST"},{"floor":40,"key":"REST"}],"neow_cost":"NONE","seed_source_timestamp":0,"circlet_count":0,"master_deck":["AscendersBane","Defend_B","Defend_B","Defend_B","Defend_B","Zap+1","Dualcast+1","Sweeping Beam","Chill","Ball Lightning+1","Coolheaded","Ball Lightning","Conserve Battery","Genetic Algorithm","Electrodynamics+1","Core Surge","Undo","Double Energy","Glacier","Conserve Battery","Sweeping Beam+1","Biased Cognition","Defragment","Coolheaded"],"special_seed":0,"relics":["Cracked Core","MawBank","Bag of Preparation","Tiny Chest","Inserter","Juzu Bracelet","Anchor","Gremlin Horn","Nuclear Battery"],"potions_floor_usage":[24,33,33,39,41],"damage_taken":[{"damage":1.0,"enemies":"2 Louse","floor":1.0,"turns":3.0},{"damage":0.0,"enemies":"Small Slimes","floor":3.0,"turns":3.0},{"damage":2.0,"enemies":"Cultist","floor":4.0,"turns":5.0},{"damage":13.0,"enemies":"Lagavulin","floor":7.0,"turns":6.0},{"damage":0.0,"enemies":"Large Slime","floor":8.0,"turns":4.0},{"damage":4.0,"enemies":"Gremlin Nob","floor":11.0,"turns":3.0},{"damage":0.0,"enemies":"Looter","floor":13.0,"turns":2.0},{"damage":11.0,"enemies":"Lots of Slimes","floor":14.0,"turns":3.0},{"damage":38.0,"enemies":"Hexaghost","floor":16.0,"turns":10.0},{"damage":7.0,"enemies":"Chosen","floor":18.0,"turns":4.0},{"damage":0.0,"enemies":"3 Byrds","floor":19.0,"turns":1.0},{"damage":11,"enemies":"Snecko","floor":20,"turns":4},{"damage":10,"enemies":"Snake Plant","floor":22,"turns":3},{"damage":41,"enemies":"Gremlin Leader","floor":24,"turns":7},{"damage":16,"enemies":"3 Cultists","floor":27,"turns":5},{"damage":5,"enemies":"Shelled Parasite and Fungi","floor":31,"turns":7},{"damage":39,"enemies":"Champ","floor":33,"turns":16},{"damage":0,"enemies":"Orb Walker","floor":35,"turns":4},{"damage":0,"enemies":"3 Darklings","floor":38,"turns":5},{"damage":31,"enemies":"Transient","floor":39,"turns":5},{"damage":49,"enemies":"Giant Head","floor":41,"turns":12}],"seed_played":"8399610376597956466","potions_obtained":[{"floor":3.0,"key":"Energy Potion"},{"floor":7.0,"key":"EssenceOfSteel"},{"floor":11.0,"key":"Ancient Potion"},{"floor":16.0,"key":"FocusPotion"},{"floor":29,"key":"LiquidBronze"},{"floor":39,"key":"AttackPotion"}],"is_trial":false,"path_per_floor":["M","$","M","M","?","R","E","M","T","R","E","?","M","M","R","B",null,"M","M","M","?","M","R","E","R","T","M","R","?","$","M","R","B",null,"M","?","$","M","M","R","E"],"character_chosen":"DEFECT","items_purchased":["EntropicBrew","FocusPotion","Gremlin Horn","Defragment"],"campfire_rested":5,"item_purchase_floors":[30,30,30,37],"current_hp_per_floor":[63,63,63,61,71,71,58,58,58,58,54,54,54,43,43,5,55,48,48,37,37,27,48,7,28,28,12,33,33,33,28,49,10,56,56,56,56,56,25,46,0],"gold":39,"neow_bonus":"REMOVE_CARD","is_prod":false,"is_daily":false,"chose_seed":false,"campfire_upgraded":3,"win_rate":0,"timestamp":1550303346,"path_taken":["M","$","M","M","?","R","E","M","T","R","E","?","M","?","R","BOSS","M","M","M","?","M","R","E","R","T","M","R","?","$","M","R","BOSS","M","?","$","M","M","R","E"],"build_version":"2019-01-23","purchased_purges":3,"victory":false,"max_hp_per_floor":[71,71,71,71,71,71,71,71,71,71,71,71,71,71,71,71,71,71,71,71,71,71,71,71,71,71,71,71,71,71,71,71,71,71,71,71,71,71,71,71,71],"card_choices":[{"not_picked":["Turbo","Barrage"],"picked":"Sweeping Beam","floor":1.0},{"not_picked":["Rip and Tear","Steam"],"picked":"Chill","floor":3.0},{"not_picked":["Barrage","Sweeping Beam"],"picked":"Ball Lightning","floor":4.0},{"not_picked":["Ball Lightning","Lockon"],"picked":"Coolheaded","floor":7.0},{"not_picked":["Redo","Loop"],"picked":"Ball Lightning","floor":8.0},{"not_picked":["Melter","Go for the Eyes"],"picked":"Conserve Battery","floor":11.0},{"not_picked":["Hologram","Sunder"],"picked":"Genetic Algorithm","floor":13.0},{"not_picked":["Gash","Melter"],"picked":"Electrodynamics","floor":14.0},{"not_picked":["Seek","Rainbow"],"picked":"Core Surge","floor":16.0},{"not_picked":["Redo","Genetic Algorithm"],"picked":"Undo","floor":18.0},{"not_picked":["Melter","Compile Driver"],"picked":"Double Energy","floor":19.0},{"not_picked":["Force Field","Melter"],"picked":"Glacier","floor":20},{"not_picked":["Force Field","Go for the Eyes","Sweeping Beam"],"picked":"SKIP","floor":22},{"not_picked":["Heatsinks","Gash"],"picked":"Conserve Battery","floor":24},{"not_picked":["Rebound","Doom and Gloom"],"picked":"Sweeping Beam+1","floor":27},{"not_picked":["Reprogram","Beam Cell","All For One"],"picked":"SKIP","floor":31},{"not_picked":["Multi-Cast","Hyperbeam"],"picked":"Biased Cognition","floor":33},{"not_picked":["Conserve Battery","Steam","Cold Snap"],"picked":"SKIP","floor":35},{"not_picked":["Gash","Cold Snap","Melter"],"picked":"SKIP","floor":38},{"not_picked":["Ball Lightning","Beam Cell+1"],"picked":"Coolheaded","floor":39}],"player_experience":640603,"relics_obtained":[{"floor":7.0,"key":"MawBank"},{"floor":9.0,"key":"Bag of Preparation"},{"floor":11.0,"key":"Tiny Chest"},{"floor":24,"key":"Juzu Bracelet"},{"floor":26,"key":"Anchor"}],"event_choices":[{"damage_healed":17.0,"max_hp_gain":0.0,"max_hp_loss":0.0,"gold_gain":0.0,"event_name":"The Cleric","player_choice":"Healed","floor":5.0,"gold_loss":35.0,"damage_taken":0.0},{"damage_healed":0.0,"max_hp_gain":0.0,"max_hp_loss":0.0,"gold_gain":0.0,"event_name":"Upgrade Shrine","player_choice":"Upgraded","floor":12.0,"gold_loss":0.0,"damage_taken":0.0,"cards_upgraded":["Ball Lightning"]},{"damage_healed":0,"gold_gain":0,"player_choice":"Ignored","damage_taken":0,"max_hp_gain":0,"max_hp_loss":0,"event_name":"Vampires","floor":21,"gold_loss":0},{"damage_healed":0,"gold_gain":0,"player_choice":"Bought 1 Potion","damage_taken":0,"max_hp_gain":0,"max_hp_loss":0,"event_name":"The Woman in Blue","floor":29,"gold_loss":0},{"damage_healed":0,"gold_gain":0,"player_choice":"Ignored","damage_taken":0,"max_hp_gain":0,"max_hp_loss":0,"event_name":"Tomb of Lord Red Mask","floor":36,"gold_loss":0}],"is_beta":false,"boss_relics":[{"not_picked":["Runic Dome","Orrery"],"picked":"Inserter"},{"not_picked":["Black Star","Snecko Eye"],"picked":"Nuclear Battery"}],"items_purged_floors":[2,30,37],"is_endless":false,"potions_floor_spawned":[3,7,11,16,19,22,33,38,39],"killed_by":"Giant Head","ascension_level":16}