{"gold_per_floor":[366,265,265,279,302,302,325,363,387,387,418,418,443,481,481,574,574,587,38,38,38,54,88,102,102,175,175,175,175,200,214,214,303,303,319,332,352,69,69,69,82,82,162,187,201,201,201,245,245,245,245,245,29,63,63],"floor_reached":56,"playtime":4925,"items_purged":["Decay"],"score":2234,"play_id":"fc44c219-b657-497e-8c50-72ebe742e612","local_time":"20190416000336","is_ascension_mode":true,"campfire_choices":[{"data":"Zap","floor":6,"key":"SMITH"},{"data":"Buffer","floor":10,"key":"SMITH"},{"data":"Hologram","floor":12,"key":"SMITH"},{"floor":15,"key":"REST"},{"floor":25,"key":"REST"},{"floor":27,"key":"REST"},{"data":"Recycle","floor":32,"key":"SMITH"},{"floor":40,"key":"RECALL"},{"floor":42,"key":"REST"},{"floor":49,"key":"REST"},{"floor":52,"key":"REST"}],"neow_cost":"CURSE","seed_source_timestamp":284161084656824,"circlet_count":0,"master_deck":["AscendersBane","Strike_B+1","Defend_B+1","Defend_B+1","Defend_B+1","Defend_B+1","Zap+1","Dualcast+1","Streamline+1","Cold Snap+1","Hologram+1","Conserve Battery+1","Buffer+1","Gash+1","Reboot+1","All For One+1","Scrape+1","Consume+1","Rip and Tear+1","Cold Snap+1","Bandage Up+1","Aggregate+1","Hologram+1","Recycle+1","Sunder+1","Creative AI+1","Defragment+1","Seek+1","Hologram+1","Gash+1","Echo Form+1","Double Energy","Thinking Ahead","Capacitor","Panache","Hologram","BootSequence"],"relics":["Cracked Core","Golden Idol","Anchor","DataDisk","Odd Mushroom","Blood Vial","Astrolabe","Unceasing Top","Whetstone","Mummified Hand","Fusion Hammer","Bottled Lightning","Mark of the Bloom","Blue Candle","Incense Burner","Juzu Bracelet","Ice Cream"],"potions_floor_usage":[7,11,16,24,29,31,33,50,55],"damage_taken":[{"damage":9,"enemies":"Jaw Worm","floor":1,"turns":3},{"damage":0,"enemies":"2 Louse","floor":4,"turns":2},{"damage":4,"enemies":"Cultist","floor":5,"turns":3},{"damage":5,"enemies":"Exordium Thugs","floor":7,"turns":4},{"damage":17,"enemies":"Gremlin Nob","floor":8,"turns":4},{"damage":0,"enemies":"The Mushroom Lair","floor":11,"turns":2},{"damage":0,"enemies":"Looter","floor":13,"turns":3},{"damage":0,"enemies":"Lagavulin","floor":14,"turns":7},{"damage":0,"enemies":"Slime Boss","floor":16,"turns":6},{"damage":23,"enemies":"3 Byrds","floor":18,"turns":4},{"damage":2,"enemies":"2 Thieves","floor":22,"turns":3},{"damage":19,"enemies":"Gremlin Leader","floor":23,"turns":5},{"damage":34,"enemies":"Chosen and Byrds","floor":24,"turns":6},{"damage":21,"enemies":"Colosseum Slavers","floor":29,"turns":5},{"damage":10,"enemies":"Centurion and Healer","floor":30,"turns":6},{"damage":19,"enemies":"Shelled Parasite and Fungi","floor":31,"turns":5},{"damage":3,"enemies":"Champ","floor":33,"turns":8},{"damage":17,"enemies":"3 Shapes","floor":35,"turns":4},{"damage":0,"enemies":"Orb Walker","floor":36,"turns":4},{"damage":0,"enemies":"Writhing Mass","floor":37,"turns":6},{"damage":0,"enemies":"3 Darklings","floor":41,"turns":2},{"damage":1,"enemies":"Spire Growth","floor":44,"turns":2},{"damage":1,"enemies":"Jaw Worm Horde","floor":45,"turns":1},{"damage":1,"enemies":"Reptomancer","floor":48,"turns":1},{"damage":2,"enemies":"Donu and Deca","floor":50,"turns":6},{"damage":0,"enemies":"Shield and Spear","floor":54,"turns":2},{"damage":39,"enemies":"The Heart","floor":55,"turns":7}],"seed_played":"-2347720786093306585","potions_obtained":[{"floor":1,"key":"EssenceOfSteel"},{"floor":8,"key":"AttackPotion"},{"floor":13,"key":"AttackPotion"},{"floor":14,"key":"FocusPotion"},{"floor":16,"key":"Strength Potion"},{"floor":23,"key":"Energy Potion"},{"floor":24,"key":"Ancient Potion"},{"floor":30,"key":"GamblersBrew"},{"floor":37,"key":"Regen Potion"},{"floor":41,"key":"FocusPotion"}],"is_trial":false,"path_per_floor":["M","$","?","M","M","R","M","E","T","R","?","R","M","E","R","B",null,"M","$","?","?","M","E","M","R","T","R","T","?","M","M","R","B",null,"M","M","M","$","?","R","M","R","T","M","M","?","?","E","R","B",null,"R","$","E","B",null],"character_chosen":"DEFECT","items_purchased":["Cold Snap","Unceasing Top","Bandage Up","Aggregate","Hologram","Bottled Lightning","Panache","Hologram"],"campfire_rested":6,"item_purchase_floors":[2,19,19,19,19,38,53,53],"current_hp_per_floor":[55,55,55,55,51,51,46,29,29,29,29,29,29,29,48,50,61,40,40,40,40,44,31,3,22,22,41,41,22,18,5,5,8,50,35,41,47,47,47,47,47,47,47,46,45,45,45,44,44,42,42,42,42,42,3],"gold":63,"neow_bonus":"TWO_FIFTY_GOLD","is_prod":false,"is_daily":false,"chose_seed":false,"campfire_upgraded":4,"win_rate":0,"timestamp":1555340616,"path_taken":["M","$","?","M","M","R","M","E","T","R","?","R","M","E","R","BOSS","M","$","?","?","M","E","?","R","T","R","?","?","M","M","R","BOSS","M","M","M","$","?","R","M","R","T","M","M","?","?","E","R","BOSS","R","$","E","BOSS"],"build_version":"2019-04-04","purchased_purges":1,"victory":true,"max_hp_per_floor":[71,71,64,64,64,64,64,64,64,64,64,64,64,64,64,64,64,64,64,64,64,64,64,64,64,64,64,64,64,64,64,64,64,64,64,64,64,64,64,64,64,64,64,64,64,64,64,64,64,64,64,64,64,64,64],"card_choices":[{"not_picked":["Coolheaded","Hologram"],"picked":"Streamline","floor":1},{"not_picked":["Turbo","Rebound","Rainbow"],"picked":"SKIP","floor":4},{"not_picked":["Rebound","Capacitor"],"picked":"Hologram","floor":5},{"not_picked":["Tempest","Heatsinks"],"picked":"Conserve Battery","floor":7},{"not_picked":["White Noise","Recycle"],"picked":"Buffer","floor":8},{"not_picked":["Compile Driver","Steam"],"picked":"Gash","floor":11},{"not_picked":["Stack","Rebound"],"picked":"Gash","floor":13},{"not_picked":["Steam","Chill"],"picked":"Reboot","floor":14},{"not_picked":["Seek","Meteor Strike"],"picked":"All For One","floor":16},{"not_picked":["Lockon","Barrage"],"picked":"Cold Snap+1","floor":18},{"not_picked":["Cold Snap","Streamline"],"picked":"Recycle","floor":22},{"not_picked":["Conserve Battery","Beam Cell"],"picked":"Sunder+1","floor":23},{"not_picked":["Cold Snap","Steam"],"picked":"Creative AI","floor":24},{"not_picked":["Streamline+1","Fusion"],"picked":"Defragment","floor":30},{"not_picked":["Lockon+1","Redo","Streamline"],"picked":"SKIP","floor":31},{"not_picked":["Core Surge","Multi-Cast"],"picked":"Seek","floor":33},{"not_picked":["Stack","Conserve Battery"],"picked":"Hologram","floor":35},{"not_picked":["Stack","Barrage"],"picked":"Gash+1","floor":36},{"not_picked":["Barrage","Undo"],"picked":"Echo Form","floor":37},{"not_picked":["Rip and Tear+1","Coolheaded","Turbo"],"picked":"SKIP","floor":41},{"not_picked":["Conserve Battery","Melter"],"picked":"Double Energy","floor":44},{"not_picked":["Compile Driver","Rebound","Ball Lightning+1"],"picked":"SKIP","floor":45},{"not_picked":["Enlightenment","Forethought"],"picked":"Thinking Ahead","floor":46},{"not_picked":["Compile Driver","Self Repair"],"picked":"Capacitor","floor":48},{"not_picked":["Barrage","Melter"],"picked":"BootSequence","floor":54}],"player_experience":2955686,"relics_obtained":[{"floor":8,"key":"Anchor"},{"floor":9,"key":"DataDisk"},{"floor":11,"key":"Odd Mushroom"},{"floor":14,"key":"Blood Vial"},{"floor":23,"key":"Whetstone"},{"floor":26,"key":"Mummified Hand"},{"floor":43,"key":"Blue Candle"},{"floor":48,"key":"Juzu Bracelet"},{"floor":54,"key":"Ice Cream"}],"event_choices":[{"damage_healed":0,"gold_gain":0,"player_choice":"Lose Max HP","damage_taken":0,"relics_obtained":["Golden Idol"],"max_hp_gain":0,"max_hp_loss":7,"event_name":"Golden Idol","floor":3,"gold_loss":0},{"damage_healed":0,"gold_gain":0,"player_choice":"Fought Mushrooms","damage_taken":0,"max_hp_gain":0,"max_hp_loss":0,"event_name":"Mushrooms","floor":11,"gold_loss":0},{"damage_healed":0,"gold_gain":0,"player_choice":"Ignored","damage_taken":0,"max_hp_gain":0,"max_hp_loss":0,"event_name":"Ghosts","floor":20,"gold_loss":0},{"damage_healed":0,"gold_gain":0,"player_choice":"Upgraded","damage_taken":0,"max_hp_gain":0,"max_hp_loss":0,"event_name":"Upgrade Shrine","floor":21,"gold_loss":0,"cards_upgraded":["Aggregate"]},{"damage_healed":0,"gold_gain":0,"player_choice":"Fight","damage_taken":0,"max_hp_gain":0,"max_hp_loss":0,"event_name":"Colosseum","floor":29,"gold_loss":0},{"damage_healed":0,"gold_gain":0,"player_choice":"Fled From Nobs","damage_taken":0,"max_hp_gain":0,"max_hp_loss":0,"event_name":"Colosseum","floor":29,"gold_loss":0},{"damage_healed":0,"gold_gain":0,"player_choice":"Upgrade","damage_taken":0,"relics_obtained":["Mark of the Bloom"],"max_hp_gain":0,"max_hp_loss":0,"event_name":"MindBloom","floor":39,"gold_loss":0,"cards_upgraded":["Defend_B","Defend_B","Defend_B","Defend_B","Dualcast","Streamline","Conserve Battery","Gash","Gash","Reboot","All For One","Bandage Up","Hologram","Creative AI","Defragment","Seek","Hologram","Echo Form"]},{"damage_healed":0,"gold_gain":0,"player_choice":"Memory 1","damage_taken":0,"max_hp_gain":0,"max_hp_loss":0,"event_name":"SensoryStone","floor":46,"gold_loss":0},{"cards_removed":["Gash"],"damage_healed":0,"gold_gain":0,"player_choice":"Gave Card","damage_taken":0,"relics_obtained":["Incense Burner"],"max_hp_gain":0,"max_hp_loss":0,"event_name":"WeMeetAgain","floor":47,"gold_loss":0}],"is_beta":true,"boss_relics":[{"not_picked":["Runic Dome","Busted Crown"],"picked":"Astrolabe"},{"not_picked":["Black Star","Eternal Feather"],"picked":"Fusion Hammer"}],"items_purged_floors":[2],"is_endless":false,"potions_floor_spawned":[1,8,13,14,16,23,24,29,30,37,41],"ascension_level":17}