{"gold_per_floor":[118,39,39,39,59,59,75,75,99,115,135,148,148,163,163,262,262,273,188,206,6,19,19,52,52,77,47,47,64,83,83,83,182,182,199,199,251,14,14,14,14,25,96,35,0,0,18,18,18,18],"floor_reached":51,"playtime":2974,"items_purged":[],"score":855,"play_id":"259a30a0-6467-4826-ba03-c723418d3dd7","local_time":"20180701235338","daily_mods":["Diverse","Heirloom","Insanity","Allstar","Cursed Run"],"is_ascension_mode":false,"campfire_choices":[{"data":"1","floor":6,"key":"LIFT"},{"data":"2","floor":8,"key":"LIFT"},{"data":"3","floor":13,"key":"LIFT"},{"floor":15,"key":"REST"},{"floor":23,"key":"REST"},{"floor":28,"key":"REST"},{"floor":32,"key":"REST"},{"floor":40,"key":"REST"},{"floor":49,"key":"REST"}],"neow_cost":"","seed_source_timestamp":34675914887080,"circlet_count":0,"master_deck":["Melter+1","Dualcast+1","Doom and Gloom+1","Rebound+1","Fission+1","Steam+1","Meteor Strike+1","Sunder+1","Ball Lightning+1","Double Energy+1","Zap+1","All For One+1","Fusion+1","Turbo+1","Multi-Cast+1","Biased Cognition+1","Reprogram+1","BootSequence+1","Redo+1","Scrape+1","Gash+1","Rebound+1","Biased Cognition+1","Loop+1","Darkness+1","Genetic Algorithm+1","Tempest+1","BootSequence+1","Rebound+1","Creative AI+1","Compile Driver+1","Heatsinks+1","Aggregate+1","Echo Form+1","Scrape+1","Creative AI+1","Skim+1","Echo Form+1","Hyperbeam+1","Conserve Battery+1","Fusion+1","Machine Learning+1","Chill+1","Go for the Eyes+1","Skim+1","Hyperbeam+1","Leap+1","Steam Power+1","Hello World+1","Demon Form+1","Wraith Form v2+1","Echo Form+1","Panache+1","Sadistic Nature+1","Jack Of All Trades+1","Secret Weapon+1","Madness+1","Dodge and Roll+1","Metallicize+1","Cloak And Dagger+1","Cleave+1","Doubt","Flying Knee+1","Infinite Blades+1","Deflect+1","Ball Lightning+1","Writhe","Barricade+1","Doubt","Writhe","Pain","Uppercut+1","Recycle+1","Self Repair+1","Backflip+1","Conserve Battery+1","Quick Slash+1","Injury","Terror+1","Impervious+1","Parasite","Electrodynamics+1","Combust+1","Madness+1","Madness+1","Rage+1","Shockwave+1","Injury","Hello World+1","Parasite","Anger+1","Injury"],"special_seed":17714,"relics":["Cursed Key","Darkstone Periapt","Du-Vu Doll","Girya","Mummified Hand","Potion Belt","Calling Bell","Turnip","Strawberry","The Courier","Juzu Bracelet","Art of War","Smiling Mask","Ancient Tea Set","Lizard Tail","Thread and Needle","Bird Faced Urn","Toolbox","Red Mask","Ginger","Mark of the Bloom"],"potions_floor_usage":[16,16,33,33,33,33,37],"damage_taken":[{"damage":0,"enemies":"Small Slimes","floor":1,"turns":2},{"damage":0,"enemies":"Jaw Worm","floor":5,"turns":3},{"damage":4,"enemies":"Cultist","floor":7,"turns":3},{"damage":12,"enemies":"Looter","floor":10,"turns":4},{"damage":0,"enemies":"3 Louse","floor":11,"turns":2},{"damage":3,"enemies":"Exordium Thugs","floor":12,"turns":4},{"damage":0,"enemies":"Red Slaver","floor":14,"turns":2},{"damage":29,"enemies":"Slime Boss","floor":16,"turns":5},{"damage":15,"enemies":"Shell Parasite","floor":18,"turns":3},{"damage":13,"enemies":"Chosen","floor":20,"turns":4},{"damage":16,"enemies":"Snecko","floor":22,"turns":5},{"damage":55,"enemies":"Slavers","floor":24,"turns":4},{"damage":14,"enemies":"Sentry and Sphere","floor":29,"turns":5},{"damage":42,"enemies":"Centurion and Healer","floor":30,"turns":5},{"damage":13,"enemies":"Champ","floor":33,"turns":8},{"damage":6,"enemies":"3 Shapes","floor":35,"turns":3},{"damage":64,"floor":37,"turns":4},{"damage":43,"enemies":"3 Darklings","floor":42,"turns":5},{"damage":8,"enemies":"Sphere and 2 Shapes","floor":47,"turns":4},{"damage":20,"enemies":"Donu and Deca","floor":50,"turns":4}],"seed_played":"8378049487187646741","potions_obtained":[{"floor":1,"key":"AttackPotion"},{"floor":11,"key":"Ancient Potion"},{"floor":12,"key":"LiquidBronze"},{"floor":22,"key":"Weak Potion"},{"floor":24,"key":"Ancient Potion"},{"floor":27,"key":"FairyPotion"},{"floor":27,"key":"FearPotion"},{"floor":29,"key":"Poison Potion"},{"floor":30,"key":"Fire Potion"},{"floor":35,"key":"Fire Potion"}],"is_trial":true,"path_per_floor":["M","$","?","?","M","R","M","R","T","M","M","M","R","M","R","B",null,"M","?","M","$","M","R","E","?","T","?","R","M","M","?","R","B",null,"M","?","?","$","?","R","?","M","T","$","?","T","M","?","R","B"],"character_chosen":"DEFECT","items_purchased":["Metallicize","Self Repair","Art of War","Backflip","Bird Faced Urn","Hello World"],"campfire_rested":6,"item_purchase_floors":[2,21,21,21,38,44],"current_hp_per_floor":[75,75,57,57,57,57,53,53,59,47,47,44,44,44,68,45,112,97,97,84,84,68,101,46,46,52,52,87,73,31,31,66,66,124,118,102,38,38,38,75,75,46,52,52,52,58,56,56,56,36],"gold":18,"neow_bonus":"","is_prod":false,"is_daily":false,"chose_seed":false,"campfire_upgraded":0,"win_rate":0.0,"timestamp":1530507218,"path_taken":["M","$","?","?","M","R","M","R","T","M","M","M","R","?","R","BOSS","M","?","M","$","M","R","E","?","T","?","R","M","M","?","R","BOSS","M","?","?","?","?","R","?","M","T","$","?","?","M","?","R","BOSS"],"build_version":"2018-06-28","purchased_purges":0,"victory":true,"max_hp_per_floor":[75,75,75,75,75,75,75,75,81,81,81,81,81,81,81,87,112,112,112,112,112,112,112,112,112,118,118,118,118,118,118,118,124,124,124,124,124,124,124,124,124,124,130,130,130,136,136,136,136,142],"card_choices":[{"not_picked":["Wild Strike","Steam"],"picked":"Dodge and Roll","floor":1},{"not_picked":["Masterful Stab","Compile Driver"],"picked":"Cloak And Dagger","floor":5},{"not_picked":["Heavy Blade","Combust"],"picked":"Cleave","floor":7},{"not_picked":["White Noise","Amplify"],"picked":"Flying Knee","floor":10},{"not_picked":["Wild Strike","Hologram"],"picked":"Infinite Blades","floor":11},{"not_picked":["Underhanded Strike","Flying Knee"],"picked":"Deflect","floor":12},{"not_picked":["Sucker Punch","Streamline"],"picked":"Ball Lightning","floor":14},{"not_picked":["Tactician","Amplify"],"picked":"Barricade","floor":16},{"not_picked":["Stack","Footwork"],"picked":"Uppercut","floor":18},{"not_picked":["Noxious Fumes","Underhanded Strike"],"picked":"Recycle+1","floor":20},{"not_picked":["Anger","Sweeping Beam"],"picked":"Conserve Battery","floor":22},{"not_picked":["Wild Strike","Body Slam"],"picked":"Quick Slash+1","floor":24},{"not_picked":["Barrage","Catalyst"],"picked":"Terror","floor":29},{"not_picked":["Hologram","Ball Lightning"],"picked":"Impervious","floor":30},{"not_picked":["Machine Learning","Bludgeon"],"picked":"Electrodynamics","floor":33},{"not_picked":["Underhanded Strike+1","Wild Strike"],"picked":"Combust+1","floor":35},{"not_picked":["Heavy Blade","Sentinel"],"picked":"Rage+1","floor":37},{"not_picked":["Double Energy+1","Coolheaded+1"],"picked":"Shockwave+1","floor":42},{"not_picked":["Hemokinesis","Redo"],"picked":"Anger+1","floor":47}],"player_experience":240365,"relics_obtained":[{"floor":9,"key":"Potion Belt"},{"floor":17,"key":"Turnip"},{"floor":17,"key":"Strawberry"},{"floor":17,"key":"The Courier"},{"floor":24,"key":"Smiling Mask"},{"floor":26,"key":"Ancient Tea Set"},{"floor":37,"key":"Thread and Needle"},{"floor":43,"key":"Toolbox"},{"floor":46,"key":"Ginger"}],"event_choices":[{"event_name":"Scrap Ooze","player_choice":"success","floor":3,"damage_taken":18},{"event_name":"Living Wall","player_choice":"Grow","floor":4,"damage_taken":0},{"event_name":"Addict","player_choice":"Obtained Relic","floor":19,"damage_taken":0},{"event_name":"Drug Dealer","player_choice":"Ignored","floor":25,"damage_taken":0},{"event_name":"The Woman in Blue","player_choice":"Bought 2 Potions","floor":27,"damage_taken":0},{"event_name":"Ghosts","player_choice":"Ignored","floor":31,"damage_taken":0},{"event_name":"Winding Halls","player_choice":"Embrace Madness","floor":36,"damage_taken":0},{"event_name":"Mysterious Sphere","player_choice":"Fight","floor":37,"damage_taken":0},{"event_name":"The Moai Head","player_choice":"Ignored","floor":39,"damage_taken":0},{"event_name":"Falling","player_choice":"Removed Skill","floor":41,"damage_taken":0},{"event_name":"Tomb of Lord Red Mask","player_choice":"Paid","floor":45,"damage_taken":0},{"event_name":"MindBloom","player_choice":"Upgrade","floor":48,"damage_taken":0}],"boss_relics":[{"not_picked":["Runic Dome","Black Star"],"picked":"Calling Bell"},{"not_picked":["Sozu","Empty Cage"],"picked":"Lizard Tail"}],"items_purged_floors":[],"is_endless":false,"potions_floor_spawned":[1,11,12,22,24,29,30,35],"ascension_level":0}