{"gold_per_floor":[118,134,153,153,25,25,56,56,56,68,100,100,114,129,129,227,227,241,260,260,260,114,114,131,131],"floor_reached":25,"playtime":1161,"items_purged":["Strike_B","Strike_B"],"score":320,"play_id":"b1c51986-0925-434e-ae2e-50eef64999ac","local_time":"20190504122856","is_ascension_mode":true,"campfire_choices":[{"data":"Zap","floor":6,"key":"SMITH"},{"data":"Creative AI","floor":12,"key":"SMITH"},{"data":"Barrage","floor":15,"key":"SMITH"},{"data":"Loop","floor":23,"key":"SMITH"}],"neow_cost":"NONE","seed_source_timestamp":664213313101009,"circlet_count":0,"master_deck":["AscendersBane","Strike_B","Strike_B","Defend_B","Defend_B","Defend_B","Defend_B","Zap+1","Dualcast","Turbo","Loop+1","Barrage+1","Creative AI+1","Reinforced Body+1","Stack+1","Electrodynamics","Consume+1","Conserve Battery+1"],"relics":["Cracked Core","Toxic Egg 2","Strawberry","Blood Vial","Nuclear Battery"],"potions_floor_usage":[7,7,7,16,16,19],"damage_taken":[{"damage":0,"enemies":"Small Slimes","floor":1,"turns":3},{"damage":4,"enemies":"2 Louse","floor":2,"turns":3},{"damage":6,"enemies":"Cultist","floor":3,"turns":4},{"damage":44,"enemies":"Gremlin Nob","floor":7,"turns":5},{"damage":6,"enemies":"2 Fungi Beasts","floor":10,"turns":2},{"damage":20,"enemies":"Lagavulin","floor":11,"turns":7},{"damage":7,"enemies":"Large Slime","floor":13,"turns":5},{"damage":12,"enemies":"Looter","floor":14,"turns":4},{"damage":19,"enemies":"Slime Boss","floor":16,"turns":8},{"damage":7,"enemies":"Chosen","floor":18,"turns":6},{"damage":24,"enemies":"Shell Parasite","floor":19,"turns":5},{"damage":35,"enemies":"Shelled Parasite and Fungi","floor":24,"turns":7},{"damage":45,"enemies":"Book of Stabbing","floor":25,"turns":5}],"seed_played":"-6260838008062964510","potions_obtained":[{"floor":0,"key":"FearPotion"},{"floor":0,"key":"Weak Potion"},{"floor":0,"key":"LiquidBronze"},{"floor":11,"key":"Weak Potion"},{"floor":13,"key":"SkillPotion"},{"floor":16,"key":"AttackPotion"},{"floor":24,"key":"Dexterity Potion"}],"is_trial":false,"path_per_floor":["M","M","M","?","$","R","E","?","T","M","E","R","M","M","R","B",null,"M","M","?","?","$","R","M","E"],"character_chosen":"DEFECT","items_purchased":["Barrage","Conserve Battery+1"],"campfire_rested":0,"item_purchase_floors":[5,22],"current_hp_per_floor":[68,64,58,63,63,63,19,80,87,81,61,61,56,46,46,29,73,68,46,46,75,75,75,42,0],"gold":131,"neow_bonus":"THREE_SMALL_POTIONS","is_prod":false,"is_daily":false,"chose_seed":false,"campfire_upgraded":4,"win_rate":0,"timestamp":1556965736,"path_taken":["M","M","M","?","$","R","E","?","T","M","E","R","M","?","R","BOSS","M","M","?","?","$","R","M","E"],"build_version":"2019-01-23","purchased_purges":2,"victory":false,"max_hp_per_floor":[75,75,75,80,80,80,80,80,87,87,87,87,87,87,87,87,87,87,87,87,87,87,87,87,87],"card_choices":[{"not_picked":["Cold Snap","Lockon"],"picked":"Turbo","floor":1},{"not_picked":["Compile Driver","Hologram"],"picked":"Loop","floor":2},{"not_picked":["Stack","Barrage","Cold Snap"],"picked":"SKIP","floor":3},{"not_picked":["Conserve Battery","Chill"],"picked":"Creative AI","floor":7},{"not_picked":["Hello World","Capacitor","Gash"],"picked":"SKIP","floor":10},{"not_picked":["Rebound","Beam Cell"],"picked":"Reinforced Body+1","floor":11},{"not_picked":["Defragment","Cold Snap","Hello World"],"picked":"SKIP","floor":13},{"not_picked":["Steam Power+1","Streamline"],"picked":"Stack+1","floor":14},{"not_picked":["Hyperbeam","Creative AI"],"picked":"Electrodynamics","floor":16},{"not_picked":["Rebound","Compile Driver","Scrape"],"picked":"SKIP","floor":18},{"not_picked":["Gash","Stack+1"],"picked":"Consume+1","floor":19},{"not_picked":["Compile Driver+1","Beam Cell","Turbo+1"],"picked":"SKIP","floor":24}],"player_experience":528889,"relics_obtained":[{"floor":7,"key":"Toxic Egg 2"},{"floor":9,"key":"Strawberry"},{"floor":11,"key":"Blood Vial"}],"event_choices":[{"damage_healed":0,"gold_gain":0,"player_choice":"Donut","damage_taken":0,"max_hp_gain":5,"max_hp_loss":0,"event_name":"Big Fish","floor":4,"gold_loss":0},{"damage_healed":61,"gold_gain":0,"player_choice":"Full Heal","damage_taken":0,"max_hp_gain":0,"max_hp_loss":0,"event_name":"Wheel of Change","floor":8,"gold_loss":0},{"damage_healed":0,"gold_gain":0,"player_choice":"Ignored","damage_taken":0,"max_hp_gain":0,"max_hp_loss":0,"event_name":"Cursed Tome","floor":20,"gold_loss":0},{"damage_healed":29,"gold_gain":0,"player_choice":"Heal","damage_taken":0,"max_hp_gain":0,"max_hp_loss":0,"event_name":"The Library","floor":21,"gold_loss":0}],"is_beta":false,"boss_relics":[{"not_picked":["Fusion Hammer","Pandora\u0027s Box"],"picked":"Nuclear Battery"}],"items_purged_floors":[5,22],"is_endless":false,"potions_floor_spawned":[2,11,13,16,24],"killed_by":"Book of Stabbing","ascension_level":10}