{"gold_per_floor":[111,128,147,162,174,174,207,207,207,220,220,52,86,96,96,173,173,189,189,201,201,217,252,285,285,285,285,298,331,331,343,343,420,420,437,362,462,180,190,224,9,9,9,9,9,24,38,66,66,66,66,66,66,37,68,68],"floor_reached":57,"playtime":2743,"items_purged":["Defend_B","Bite+1"],"score":2774,"play_id":"5fdabb27-abfc-47f4-84ce-8af141aa1dc9","local_time":"20190510024016","is_ascension_mode":true,"campfire_choices":[{"data":"Zap","floor":6.0,"key":"SMITH"},{"data":"Self Repair","floor":8.0,"key":"SMITH"},{"data":"Coolheaded","floor":11.0,"key":"SMITH"},{"data":"Conserve Battery","floor":15.0,"key":"SMITH"},{"data":"Echo Form","floor":25.0,"key":"SMITH"},{"data":"Hologram","floor":27.0,"key":"SMITH"},{"data":"Consume","floor":30.0,"key":"SMITH"},{"data":"Skim","floor":32.0,"key":"SMITH"},{"data":"Loop","floor":45.0,"key":"SMITH"},{"floor":49.0,"key":"RECALL"},{"data":"Dualcast","floor":53.0,"key":"SMITH"}],"neow_cost":"NONE","seed_source_timestamp":373281137924000,"circlet_count":0,"master_deck":["AscendersBane","Defend_B","Defend_B","Defend_B","Zap+1","Dualcast+1","Gash+1","Coolheaded+1","Gash+1","Echo Form+1","Compile Driver","Gash","Self Repair+1","Rebound","Conserve Battery+1","All For One+1","Sunder+1","Bite+1","Bite+1","Bite+1","Bite+1","Beam Cell+1","Hologram+1","Turbo+1","Consume+1","Skim+1","Chill+1","Loop+1","BootSequence","Capacitor+1","Go for the Eyes+1","BootSequence"],"special_seed":0,"relics":["FrozenCore","Ancient Tea Set","Letter Opener","DataDisk","Molten Egg 2","Inserter","Whetstone","Red Mask","Symbiotic Virus","Happy Flower","Ice Cream","PreservedInsect","Potion Belt","Frozen Egg 2","Bottled Tornado"],"potions_floor_usage":[56,56,56,56],"damage_taken":[{"damage":1.0,"enemies":"Cultist","floor":1.0,"turns":3.0},{"damage":7.0,"enemies":"Jaw Worm","floor":2.0,"turns":3.0},{"damage":5.0,"enemies":"2 Louse","floor":3.0,"turns":2.0},{"damage":13.0,"enemies":"Blue Slaver","floor":4.0,"turns":4.0},{"damage":7.0,"enemies":"Large Slime","floor":5.0,"turns":5.0},{"damage":8.0,"enemies":"Lagavulin","floor":7.0,"turns":6.0},{"damage":6.0,"enemies":"Looter","floor":10.0,"turns":3.0},{"damage":17.0,"enemies":"3 Sentries","floor":13.0,"turns":6.0},{"damage":15.0,"enemies":"Exordium Wildlife","floor":14.0,"turns":4.0},{"damage":8.0,"enemies":"The Guardian","floor":16.0,"turns":8.0},{"damage":21.0,"enemies":"Chosen","floor":18.0,"turns":4.0},{"damage":36.0,"enemies":"3 Byrds","floor":20.0,"turns":6.0},{"damage":42.0,"enemies":"Snecko","floor":22.0,"turns":5.0},{"damage":34.0,"enemies":"Book of Stabbing","floor":23.0,"turns":4.0},{"damage":6.0,"enemies":"Masked Bandits","floor":24.0,"turns":2.0},{"damage":25.0,"enemies":"Centurion and Healer","floor":28.0,"turns":6.0},{"damage":51.0,"enemies":"Gremlin Leader","floor":29.0,"turns":5.0},{"damage":19.0,"enemies":"Sentry and Sphere","floor":31.0,"turns":4.0},{"damage":26.0,"enemies":"Automaton","floor":33.0,"turns":5.0},{"damage":6.0,"enemies":"Orb Walker","floor":35.0,"turns":3.0},{"damage":1.0,"enemies":"Mind Bloom Boss Battle","floor":37.0,"turns":8.0},{"damage":0.0,"enemies":"3 Shapes","floor":39.0,"turns":6.0},{"damage":2.0,"enemies":"Nemesis","floor":40.0,"turns":5.0},{"damage":0.0,"enemies":"Maw","floor":46.0,"turns":4.0},{"damage":0.0,"enemies":"Transient","floor":47.0,"turns":6.0},{"damage":21.0,"enemies":"Reptomancer","floor":48.0,"turns":5.0},{"damage":7.0,"enemies":"Donu and Deca","floor":50.0,"turns":13.0},{"damage":3.0,"enemies":"Time Eater","floor":51.0,"turns":12.0},{"damage":53.0,"enemies":"Shield and Spear","floor":55.0,"turns":8.0},{"damage":48,"enemies":"The Heart","floor":56,"turns":11}],"seed_played":"-3133535252661881895","potions_obtained":[{"floor":3.0,"key":"EssenceOfSteel"},{"floor":5.0,"key":"Ancient Potion"},{"floor":10.0,"key":"SpeedPotion"},{"floor":16.0,"key":"PowerPotion"},{"floor":23.0,"key":"PowerPotion"},{"floor":24.0,"key":"Fruit Juice"},{"floor":28.0,"key":"Energy Potion"},{"floor":31.0,"key":"Ancient Potion"},{"floor":33.0,"key":"Fire Potion"},{"floor":39.0,"key":"LiquidBronze"},{"floor":46.0,"key":"LiquidBronze"},{"floor":55.0,"key":"Poison Potion"}],"is_trial":false,"path_per_floor":["M","M","M","M","M","R","E","R","T","M","R","$","E","M","R","B",null,"M","?","M","?","M","E","?","R","T","R","M","E","R","M","R","B",null,"M","$","?","$","M","E","$","?","T","?","R","M","M","E","R","B","B",null,"R","$","E","B",null],"character_chosen":"DEFECT","items_purchased":["DataDisk","Loop","Fruit Juice","Potion Belt","Dexterity Potion","Go for the Eyes+1"],"campfire_rested":0,"item_purchase_floors":[12,38,38,41,41,54],"current_hp_per_floor":[63,56,51,38,31,31,23,23,23,27,27,27,20,15,15,17,58,47,47,44,44,36,27,39,39,39,39,54,35,35,34,34,29,48,51,51,54,59,59,59,59,56,56,56,56,56,56,56,56,56,56,56,56,56,44,11],"gold":68,"neow_bonus":"TRANSFORM_CARD","is_prod":false,"is_daily":false,"chose_seed":false,"campfire_upgraded":10,"win_rate":0,"timestamp":1557423616,"path_taken":["M","M","M","M","M","R","E","R","T","M","R","?","E","M","R","BOSS","M","?","M","?","M","E","?","R","T","R","M","E","R","M","R","BOSS","M","$","?","$","M","E","$","?","T","?","R","M","M","E","R","BOSS","BOSS","R","$","E","BOSS"],"build_version":"2019-01-23","purchased_purges":2,"victory":true,"max_hp_per_floor":[71,71,71,71,71,71,71,71,71,71,71,71,71,71,71,71,71,71,49,49,49,49,49,54,54,54,54,54,54,54,54,54,54,54,54,54,54,59,59,59,59,56,56,56,56,56,56,56,56,56,56,56,56,56,56,56],"card_choices":[{"not_picked":["Sweeping Beam","Stack"],"picked":"Coolheaded","floor":1.0},{"not_picked":["Undo","Steam"],"picked":"Gash","floor":2.0},{"not_picked":["Streamline","Barrage"],"picked":"Echo Form","floor":3.0},{"not_picked":["Loop","Chill"],"picked":"Compile Driver","floor":4.0},{"not_picked":["Static Discharge","Sweeping Beam"],"picked":"Gash","floor":5.0},{"not_picked":["Doom and Gloom","Rebound"],"picked":"Self Repair","floor":7.0},{"not_picked":["Storm","Leap"],"picked":"Rebound","floor":10.0},{"not_picked":["Stack","Hologram"],"picked":"Capacitor","floor":13.0},{"not_picked":["Loop","Darkness"],"picked":"Conserve Battery","floor":14.0},{"not_picked":["Machine Learning","Reboot"],"picked":"All For One+1","floor":16.0},{"not_picked":["Gash+1","Undo"],"picked":"Sunder+1","floor":18.0},{"not_picked":["Ball Lightning+1","Streamline+1","Redo"],"picked":"SKIP","floor":20.0},{"not_picked":["Steam","Rebound+1"],"picked":"Beam Cell+1","floor":22.0},{"not_picked":["Leap","Multi-Cast"],"picked":"Hologram","floor":23.0},{"not_picked":["Rebound+1","Steam Power+1"],"picked":"Turbo+1","floor":24.0},{"not_picked":["Cold Snap+1","Static Discharge+1"],"picked":"Consume","floor":28.0},{"not_picked":["Ball Lightning+1","Beam Cell+1","Heatsinks"],"picked":"SKIP","floor":29.0},{"not_picked":["Buffer","BootSequence"],"picked":"Skim","floor":31.0},{"not_picked":["Beam Cell+1","Stack","Gash+1"],"picked":"SKIP","floor":35.0},{"not_picked":["Rebound+1","Cold Snap+1"],"picked":"Chill+1","floor":37.0},{"not_picked":["Sweeping Beam+1","Leap"],"picked":"BootSequence","floor":39.0},{"not_picked":["Heatsinks","Steam","Creative AI"],"picked":"SKIP","floor":40.0},{"not_picked":["Rebound+1","Coolheaded","Turbo"],"picked":"SKIP","floor":46.0},{"not_picked":["Compile Driver+1","Chaos","Beam Cell+1"],"picked":"SKIP","floor":47.0},{"not_picked":["Sunder+1","Skim+1"],"picked":"Capacitor","floor":48.0},{"not_picked":["Compile Driver+1","Chaos"],"picked":"BootSequence","floor":55.0}],"player_experience":4968312,"relics_obtained":[{"floor":7.0,"key":"Ancient Tea Set"},{"floor":9.0,"key":"Letter Opener"},{"floor":13.0,"key":"Molten Egg 2"},{"floor":23.0,"key":"Whetstone"},{"floor":24.0,"key":"Red Mask"},{"floor":26.0,"key":"Symbiotic Virus"},{"floor":29.0,"key":"Happy Flower"},{"floor":37.0,"key":"Ice Cream"},{"floor":40.0,"key":"PreservedInsect"},{"floor":48.0,"key":"Frozen Egg 2"},{"floor":55.0,"key":"Bottled Tornado"}],"event_choices":[{"damage_healed":0.0,"max_hp_gain":0.0,"max_hp_loss":22.0,"gold_gain":0.0,"event_name":"Vampires","player_choice":"Became a vampire","floor":19.0,"gold_loss":0.0,"damage_taken":0.0,"cards_obtained":["Bite","Bite","Bite","Bite","Bite"]},{"damage_healed":0.0,"max_hp_gain":0.0,"max_hp_loss":0.0,"gold_gain":0.0,"event_name":"The Mausoleum","player_choice":"Ignored","floor":21.0,"gold_loss":0.0,"damage_taken":0.0},{"damage_healed":0.0,"max_hp_gain":0.0,"max_hp_loss":0.0,"gold_gain":0.0,"event_name":"Masked Bandits","player_choice":"Fought Bandits","floor":24.0,"gold_loss":0.0,"damage_taken":0.0},{"damage_healed":0.0,"max_hp_gain":0.0,"max_hp_loss":0.0,"gold_gain":0.0,"event_name":"MindBloom","player_choice":"Fight","floor":37.0,"gold_loss":0.0,"damage_taken":0.0},{"damage_healed":0.0,"max_hp_gain":0.0,"max_hp_loss":3.0,"gold_gain":0.0,"event_name":"Winding Halls","player_choice":"Max HP","floor":42.0,"gold_loss":0.0,"damage_taken":0.0},{"cards_removed":["Capacitor"],"damage_healed":0.0,"max_hp_gain":0.0,"max_hp_loss":0.0,"gold_gain":0.0,"event_name":"Falling","player_choice":"Removed Power","floor":44.0,"gold_loss":0.0,"damage_taken":0.0}],"is_beta":false,"boss_relics":[{"not_picked":["Velvet Choker","Fusion Hammer"],"picked":"Inserter"},{"not_picked":["Sozu","Runic Dome"],"picked":"FrozenCore"}],"items_purged_floors":[36,38],"is_endless":false,"potions_floor_spawned":[3,5,10,14,16,22,23,24,28,31,33,39,40,46,55],"ascension_level":20}