{"gold_per_floor":[119,137,156,1,1,1,42,42,42,42,42,60,83,101,101,192,192,205,205,130,154,154],"floor_reached":22,"playtime":1162,"items_purged":["Regret"],"score":326,"play_id":"5f02e2f3-bb3a-462c-a41e-54757a83e2be","local_time":"20181130071847","is_ascension_mode":true,"campfire_choices":[{"data":"Apotheosis","floor":6.0,"key":"SMITH"},{"data":"Jack Of All Trades","floor":8.0,"key":"SMITH"},{"floor":15.0,"key":"REST"}],"neow_cost":"CURSE","seed_source_timestamp":14738408366260,"circlet_count":0,"master_deck":["AscendersBane","Strike_R","Strike_R","Strike_R","Strike_R","Strike_R","Defend_R","Defend_R","Defend_R","Defend_R","Bash","Apotheosis+1","Jack Of All Trades+1","Rampage","Body Slam","Evolve","Entrench","Brutality","Dropkick","Pommel Strike","Flame Barrier","Double Tap","Intimidate","Warcry","Shrug It Off","Cleave","True Grit","Flex"],"special_seed":0,"relics":["Burning Blood","Golden Idol","Bottled Tornado","Shuriken","Orrery","Ginger"],"potions_floor_usage":[],"damage_taken":[{"damage":8.0,"enemies":"Cultist","floor":1.0,"turns":4.0},{"damage":2.0,"enemies":"Small Slimes","floor":2.0,"turns":3.0},{"damage":13.0,"enemies":"2 Louse","floor":3.0,"turns":3.0},{"damage":31.0,"enemies":"Gremlin Nob","floor":7.0,"turns":4.0},{"damage":7.0,"enemies":"2 Fungi Beasts","floor":12.0,"turns":3.0},{"damage":22.0,"enemies":"Exordium Thugs","floor":13.0,"turns":5.0},{"damage":22.0,"enemies":"Looter","floor":14.0,"turns":3.0},{"damage":9.0,"enemies":"Slime Boss","floor":16.0,"turns":7.0},{"damage":32.0,"enemies":"2 Thieves","floor":18.0,"turns":5.0},{"damage":28.0,"enemies":"Spheric Guardian","floor":21.0,"turns":7.0},{"damage":13,"enemies":"Shelled Parasite and Fungi","floor":22,"turns":2}],"seed_played":"7042173041282148952","potions_obtained":[{"floor":1.0,"key":"FearPotion"},{"floor":7.0,"key":"BloodPotion"},{"floor":16.0,"key":"Fire Potion"},{"floor":21.0,"key":"Ancient Potion"}],"is_trial":false,"path_per_floor":["M","M","M","$","?","R","E","E","R","T","?","?","M","M","M","R","B",null,"M","?","?","M","M"],"character_chosen":"IRONCLAD","items_purchased":["Entrench"],"campfire_rested":1,"item_purchase_floors":[4],"current_hp_per_floor":[66,70,63,63,63,63,38,38,38,43,43,42,26,10,31,28,62,36,36,36,21,8],"gold":154,"neow_bonus":"RANDOM_COLORLESS_2","is_prod":false,"is_daily":false,"chose_seed":false,"campfire_upgraded":2,"win_rate":0,"timestamp":1543529927,"path_taken":["M","M","?","$","?","R","E","R","T","?","?","M","?","M","R","BOSS","M","?","?","M","M"],"build_version":"2018-11-15","purchased_purges":1,"victory":false,"max_hp_per_floor":[75,75,75,75,68,68,68,68,68,73,73,73,73,73,73,73,73,73,73,73,73,73],"card_choices":[{"not_picked":["Sword Boomerang","Body Slam"],"picked":"Rampage","floor":1.0},{"not_picked":["Cleave","Warcry"],"picked":"Body Slam","floor":2.0},{"not_picked":["Dual Wield","Clash"],"picked":"Evolve","floor":3.0},{"not_picked":["Pommel Strike","Second Wind"],"picked":"Brutality","floor":7.0},{"not_picked":["Blood for Blood","Flex"],"picked":"Dropkick","floor":12.0},{"not_picked":["Perfected Strike","Cleave"],"picked":"Pommel Strike","floor":13.0},{"not_picked":["Flex","Sword Boomerang"],"picked":"Flame Barrier","floor":14.0},{"not_picked":["Feed","Reaper"],"picked":"Double Tap","floor":16.0},{"not_picked":["Burning Pact","Twin Strike"],"picked":"Intimidate","floor":17.0},{"not_picked":["Armaments","Flame Barrier"],"picked":"Warcry","floor":17.0},{"not_picked":["Pommel Strike","Searing Blow"],"picked":"Shrug It Off","floor":17.0},{"not_picked":["Feel No Pain","Iron Wave"],"picked":"Cleave","floor":17.0},{"not_picked":["Pommel Strike","Anger"],"picked":"True Grit","floor":18.0},{"not_picked":["Perfected Strike","Havoc"],"picked":"Flex","floor":21.0}],"player_experience":2471008,"relics_obtained":[{"floor":7.0,"key":"Bottled Tornado"},{"floor":9.0,"key":"Shuriken"}],"event_choices":[{"damage_healed":0.0,"max_hp_gain":0.0,"max_hp_loss":7.0,"gold_gain":0.0,"event_name":"Golden Idol","player_choice":"Lose Max HP","floor":5.0,"gold_loss":0.0,"damage_taken":0.0,"relics_obtained":["Golden Idol"]},{"damage_healed":0.0,"max_hp_gain":5.0,"max_hp_loss":0.0,"gold_gain":0.0,"event_name":"Big Fish","player_choice":"Donut","floor":10.0,"gold_loss":0.0,"damage_taken":0.0},{"damage_healed":0.0,"max_hp_gain":0.0,"max_hp_loss":0.0,"gold_gain":0.0,"event_name":"Shining Light","player_choice":"Ignored","floor":11.0,"gold_loss":0.0,"damage_taken":0.0},{"damage_healed":0.0,"max_hp_gain":0.0,"max_hp_loss":0.0,"gold_gain":0.0,"event_name":"The Mausoleum","player_choice":"Opened","floor":19.0,"gold_loss":0.0,"damage_taken":0.0,"relics_obtained":["Ginger"],"cards_obtained":["Writhe"]},{"cards_removed":["Writhe"],"damage_healed":0.0,"max_hp_gain":0.0,"max_hp_loss":0.0,"gold_gain":0.0,"event_name":"Beggar","player_choice":"Gave Gold","floor":20.0,"gold_loss":75.0,"damage_taken":0.0}],"is_beta":true,"boss_relics":[{"not_picked":["Lizard Tail","Velvet Choker"],"picked":"Orrery"}],"items_purged_floors":[4],"is_endless":false,"potions_floor_spawned":[1,7,16,21],"killed_by":"Shelled Parasite and Fungi","ascension_level":15}