{"gold_per_floor":[114,128,139,64,64,64,64,95,95,95,119,119,140,165,165,254,254,269,269,289,131,131,131,144,178,255,255,255],"floor_reached":28,"playtime":1434,"items_purged":["Strike_B"],"score":405,"play_id":"8740dde0-c848-4e6c-bdcf-77e99f46f6c3","local_time":"20190601163859","is_ascension_mode":true,"campfire_choices":[{"data":"Zap","floor":6,"key":"SMITH"},{"data":"Sunder","floor":10,"key":"SMITH"},{"data":"Sweeping Beam","floor":15,"key":"SMITH"},{"floor":23,"key":"REST"},{"floor":27,"key":"REST"}],"neow_cost":"TEN_PERCENT_HP_LOSS","seed_source_timestamp":506600797050568,"circlet_count":0,"master_deck":["AscendersBane","Strike_B","Strike_B","Defend_B","Defend_B","Defend_B","Defend_B","Zap+1","Dualcast","Self Repair","Gash","Storm","Sunder+1","Coolheaded","Sweeping Beam+1","Conserve Battery","All For One","Genetic Algorithm","Barrage+1","Defragment","Force Field","Gash","Undo","Ball Lightning"],"relics":["Cracked Core","Du-Vu Doll","Golden Idol","Bird Faced Urn","Bottled Flame","Fusion Hammer","Juzu Bracelet","Toxic Egg 2"],"potions_floor_usage":[16,24],"damage_taken":[{"damage":7,"enemies":"Small Slimes","floor":1,"turns":3},{"damage":4,"enemies":"Jaw Worm","floor":2,"turns":4},{"damage":0,"enemies":"Cultist","floor":3,"turns":3},{"damage":49,"enemies":"Gremlin Nob","floor":8,"turns":5},{"damage":6,"enemies":"Exordium Thugs","floor":11,"turns":4},{"damage":7,"enemies":"Lots of Slimes","floor":13,"turns":3},{"damage":0,"enemies":"2 Fungi Beasts","floor":14,"turns":2},{"damage":13,"enemies":"Slime Boss","floor":16,"turns":9},{"damage":31,"enemies":"Shell Parasite","floor":18,"turns":7},{"damage":22,"enemies":"Chosen","floor":20,"turns":5},{"damage":26,"enemies":"Centurion and Healer","floor":24,"turns":5},{"damage":21,"enemies":"Gremlin Leader","floor":25,"turns":7},{"damage":61,"enemies":"Slavers","floor":28,"turns":3}],"seed_played":"4048904378501934623","potions_obtained":[{"floor":2,"key":"SpeedPotion"},{"floor":3,"key":"Ancient Potion"},{"floor":18,"key":"Regen Potion"},{"floor":24,"key":"Poison Potion"}],"is_trial":false,"path_per_floor":["M","M","M","$","?","R","?","E","T","R","M","$","M","M","R","B",null,"M","?","M","$","?","R","M","E","T","R","E"],"character_chosen":"DEFECT","items_purchased":["Defragment","Force Field"],"campfire_rested":2,"item_purchase_floors":[21,21],"current_hp_per_floor":[57,60,64,64,59,59,59,17,17,17,22,22,26,37,37,35,53,33,33,22,22,22,39,40,32,32,49,0],"gold":255,"neow_bonus":"ONE_RARE_RELIC","is_prod":false,"is_daily":false,"chose_seed":false,"campfire_upgraded":3,"win_rate":0,"timestamp":1559399939,"path_taken":["M","M","M","$","?","R","?","E","T","R","?","?","?","M","R","BOSS","M","?","M","$","?","R","M","E","T","R","E"],"build_version":"2019-01-23","purchased_purges":1,"victory":false,"max_hp_per_floor":[64,64,64,64,59,59,59,59,59,59,59,59,59,59,59,59,59,59,59,59,59,59,59,59,59,59,59,59],"card_choices":[{"not_picked":["Rebound","Undo"],"picked":"Self Repair","floor":1},{"not_picked":["Leap","Aggregate"],"picked":"Gash","floor":2},{"not_picked":["Go for the Eyes","Heatsinks"],"picked":"Storm","floor":3},{"not_picked":["Compile Driver","Coolheaded"],"picked":"Sunder","floor":8},{"not_picked":["Go for the Eyes","Beam Cell"],"picked":"Coolheaded","floor":11},{"not_picked":["Steam","Blizzard"],"picked":"Sweeping Beam","floor":13},{"not_picked":["Rebound","BootSequence"],"picked":"Conserve Battery","floor":14},{"not_picked":["Seek","Creative AI"],"picked":"All For One","floor":16},{"not_picked":["Cold Snap","Redo"],"picked":"Genetic Algorithm","floor":18},{"not_picked":["Undo","Steam Power"],"picked":"Barrage+1","floor":20},{"not_picked":["Auto Shields","Compile Driver"],"picked":"Undo","floor":24},{"not_picked":["Leap","Creative AI"],"picked":"Ball Lightning","floor":25}],"player_experience":646882,"relics_obtained":[{"floor":8,"key":"Bird Faced Urn"},{"floor":9,"key":"Bottled Flame"},{"floor":25,"key":"Juzu Bracelet"},{"floor":26,"key":"Toxic Egg 2"}],"event_choices":[{"damage_healed":0,"gold_gain":0,"player_choice":"Lose Max HP","damage_taken":0,"relics_obtained":["Golden Idol"],"max_hp_gain":0,"max_hp_loss":5,"event_name":"Golden Idol","floor":5,"gold_loss":0},{"cards_removed":["Strike_B"],"damage_healed":0,"gold_gain":0,"player_choice":"Offered Basic","damage_taken":0,"max_hp_gain":0,"max_hp_loss":0,"event_name":"Bonfire Elementals","floor":7,"gold_loss":0},{"damage_healed":0,"gold_gain":0,"player_choice":"Ignored","damage_taken":0,"max_hp_gain":0,"max_hp_loss":0,"event_name":"Cursed Tome","floor":19,"gold_loss":0},{"damage_healed":0,"gold_gain":0,"player_choice":"Copied","damage_taken":0,"max_hp_gain":0,"max_hp_loss":0,"event_name":"Duplicator","floor":22,"gold_loss":0,"cards_obtained":["Gash"]}],"is_beta":false,"boss_relics":[{"not_picked":["Tiny House","Runic Dome"],"picked":"Fusion Hammer"}],"items_purged_floors":[4],"is_endless":false,"potions_floor_spawned":[2,3,13,14,18,24],"killed_by":"Slavers","ascension_level":14}