{"gold_per_floor":[111,111,111,131,131,162,337,337,391,422,422,448,364,377,377,377],"floor_reached":16,"playtime":492,"items_purged":[],"score":226,"play_id":"6c985b9a-1361-448d-ac81-2d640da17271","local_time":"20190501114701","is_ascension_mode":true,"campfire_choices":[{"data":"Infernal Blade","floor":8,"key":"SMITH"},{"data":"Feel No Pain","floor":11,"key":"SMITH"},{"floor":15,"key":"REST"}],"neow_cost":"NONE","seed_source_timestamp":1707346899923849,"circlet_count":0,"master_deck":["AscendersBane","Strike_R+1","Strike_R","Strike_R+1","Strike_R","Strike_R","Defend_R","Defend_R","Defend_R","Defend_R","Bash","Pummel+1","Infernal Blade+1","Armaments","Doubt","Feel No Pain+1","Double Tap","Dramatic Entrance"],"relics":["Burning Blood","NeowsBlessing","Question Card","Mango","Whetstone","Anchor","Red Skull"],"potions_floor_usage":[10,10],"damage_taken":[{"damage":0,"enemies":"Small Slimes","floor":1,"turns":1},{"damage":0,"enemies":"Cultist","floor":4,"turns":1},{"damage":0,"enemies":"Gremlin Nob","floor":6,"turns":1},{"damage":35,"enemies":"Lagavulin","floor":10,"turns":6},{"damage":41,"enemies":"Gremlin Nob","floor":12,"turns":5},{"damage":0,"enemies":"2 Louse","floor":14,"turns":2},{"damage":75,"enemies":"Hexaghost","floor":16,"turns":9}],"seed_played":"7659635510760800393","potions_obtained":[{"floor":1,"key":"AttackPotion"},{"floor":4,"key":"Explosive Potion"},{"floor":6,"key":"Regen Potion"}],"is_trial":false,"path_per_floor":["M","?","?","M","$","E","?","R","T","E","R","E","$","M","R","B"],"character_chosen":"IRONCLAD","items_purchased":["Dramatic Entrance"],"campfire_rested":1,"item_purchase_floors":[13],"current_hp_per_floor":[78,78,78,80,80,94,94,94,94,74,74,39,39,45,73,0],"gold":377,"neow_bonus":"THREE_ENEMY_KILL","is_prod":false,"is_daily":false,"chose_seed":false,"campfire_upgraded":2,"win_rate":0,"timestamp":1556700421,"path_taken":["M","?","?","?","$","E","?","R","T","E","R","E","$","M","R","BOSS"],"build_version":"2019-01-23","purchased_purges":0,"victory":false,"max_hp_per_floor":[80,80,80,80,80,94,94,94,94,94,94,94,94,94,94,94],"card_choices":[{"not_picked":["Blood for Blood","Warcry"],"picked":"Pummel","floor":1},{"not_picked":["Heavy Blade","Flex","Dropkick"],"picked":"Infernal Blade","floor":4},{"not_picked":["Anger","Flame Barrier","Wild Strike"],"picked":"Armaments","floor":6},{"not_picked":["Burning Pact","Havoc","Entrench"],"picked":"Feel No Pain","floor":10},{"not_picked":["Iron Wave","Juggernaut","Sword Boomerang"],"picked":"Double Tap","floor":12},{"not_picked":["Perfected Strike","Pommel Strike","Clothesline","Twin Strike"],"picked":"SKIP","floor":14}],"player_experience":1287544,"relics_obtained":[{"floor":6,"key":"Mango"},{"floor":9,"key":"Whetstone"},{"floor":10,"key":"Anchor"},{"floor":12,"key":"Red Skull"}],"event_choices":[{"damage_healed":0,"gold_gain":0,"player_choice":"Grow","damage_taken":0,"max_hp_gain":0,"max_hp_loss":0,"event_name":"Living Wall","floor":2,"gold_loss":0,"cards_upgraded":["Pummel"]},{"damage_healed":0,"gold_gain":0,"player_choice":"Gave Potion","damage_taken":0,"relics_obtained":["Question Card"],"max_hp_gain":0,"max_hp_loss":0,"event_name":"WeMeetAgain","floor":3,"gold_loss":0},{"damage_healed":0,"gold_gain":175,"player_choice":"AGREE","damage_taken":0,"max_hp_gain":0,"max_hp_loss":0,"event_name":"Liars Game","floor":7,"gold_loss":0,"cards_obtained":["Doubt"]}],"is_beta":false,"boss_relics":[],"items_purged_floors":[],"is_endless":false,"potions_floor_spawned":[1,4,6],"killed_by":"Hexaghost","ascension_level":12}