{"gold_per_floor":[115,115,265,6,25,25,53,53,53,66,66,80,80,115,115,189,189,201,59,59,59,84,84,84,109,109,109,124,124,124,151,151,151],"floor_reached":33,"playtime":3160,"items_purged":["Doubt","Strike_B"],"score":556,"play_id":"73911f58-55ed-4254-a30c-f3a796e7d638","local_time":"20190318223328","is_ascension_mode":true,"campfire_choices":[{"floor":6.0,"key":"REST"},{"data":"Apotheosis","floor":8.0,"key":"SMITH"},{"floor":11.0,"key":"REST"},{"floor":13.0,"key":"REST"},{"data":"Defragment","floor":15.0,"key":"SMITH"},{"data":"Buffer","floor":23.0,"key":"SMITH"},{"data":"Madness","floor":29.0,"key":"SMITH"},{"floor":32.0,"key":"REST"}],"neow_cost":"TEN_PERCENT_HP_LOSS","seed_source_timestamp":1630586595429383,"circlet_count":0,"master_deck":["AscendersBane","Defend_B","Defend_B","Defend_B","Zap","Dualcast","Forethought","Madness+1","Cold Snap","Apotheosis+1","Ball Lightning","Defragment+1","Auto Shields","Melter","Hologram","All For One","Compile Driver","Glacier","Buffer+1","Core Surge","Bite","Bite","Bite","Bite","Bite","Decay","Hologram","Compile Driver","Undo"],"special_seed":0,"relics":["Cracked Core","Juzu Bracelet","Oddly Smooth Stone","Nuclear Battery","Blood Vial","Regal Pillow","Bottled Tornado","Mercury Hourglass"],"potions_floor_usage":[],"damage_taken":[{"damage":12.0,"enemies":"Small Slimes","floor":1.0,"turns":3.0},{"damage":4.0,"enemies":"Jaw Worm","floor":5.0,"turns":3.0},{"damage":26.0,"enemies":"3 Sentries","floor":7.0,"turns":10.0},{"damage":4.0,"enemies":"Cultist","floor":10.0,"turns":3.0},{"damage":3.0,"enemies":"Red Slaver","floor":12.0,"turns":2.0},{"damage":4.0,"enemies":"Gremlin Nob","floor":14.0,"turns":4.0},{"damage":27.0,"enemies":"Slime Boss","floor":16.0,"turns":11.0},{"damage":18.0,"enemies":"2 Thieves","floor":18.0,"turns":4.0},{"damage":14.0,"enemies":"Book of Stabbing","floor":25.0,"turns":7.0},{"damage":0.0,"enemies":"Shell Parasite","floor":28.0,"turns":7.0},{"damage":55.0,"enemies":"Gremlin Leader","floor":31.0,"turns":9.0},{"damage":50,"enemies":"Automaton","floor":33,"turns":14}],"seed_played":"5494609688446327486","potions_obtained":[{"floor":7.0,"key":"Block Potion"},{"floor":10.0,"key":"Block Potion"},{"floor":18.0,"key":"Ancient Potion"},{"floor":28.0,"key":"FearPotion"},{"floor":31.0,"key":"SmokeBomb"}],"is_trial":false,"path_per_floor":["M","?","?","$","M","R","E","R","T","M","R","M","R","E","R","B",null,"M","$","?","?","T","R","?","E","T","$","M","R","$","E","R","B"],"character_chosen":"DEFECT","items_purchased":["Apotheosis","Glacier"],"campfire_rested":4,"item_purchase_floors":[4,19],"current_hp_per_floor":[52,33,33,33,29,48,22,22,22,18,37,34,53,49,49,22,54,36,36,36,36,36,36,36,41,41,41,44,44,44,11,39,6],"gold":151,"neow_bonus":"RANDOM_COLORLESS_2","is_prod":false,"is_daily":false,"chose_seed":false,"campfire_upgraded":4,"win_rate":0,"timestamp":1552916008,"path_taken":["M","?","?","$","M","R","E","R","T","M","R","M","R","E","R","BOSS","M","$","?","?","?","R","?","E","T","$","M","R","?","E","R","BOSS"],"build_version":"2019-03-15","purchased_purges":2,"victory":false,"max_hp_per_floor":[64,64,64,64,64,64,64,64,64,64,64,64,64,64,64,64,64,64,64,64,44,44,44,44,44,44,44,44,44,44,44,44,44],"card_choices":[{"not_picked":["Barrage","Tempest"],"picked":"Cold Snap","floor":1.0},{"not_picked":["Turbo","Barrage"],"picked":"Ball Lightning","floor":5.0},{"not_picked":["Hologram","Rebound"],"picked":"Defragment","floor":7.0},{"not_picked":["Leap","Aggregate"],"picked":"Auto Shields","floor":10.0},{"not_picked":["Cold Snap","Sweeping Beam"],"picked":"Melter","floor":12.0},{"not_picked":["Loop","Barrage"],"picked":"Hologram","floor":14.0},{"not_picked":["Amplify","Creative AI"],"picked":"All For One","floor":16.0},{"not_picked":["Stack","Conserve Battery"],"picked":"Compile Driver","floor":18.0},{"not_picked":["Chill+1","Storm"],"picked":"Hologram","floor":25.0},{"not_picked":["Barrage","Leap"],"picked":"Compile Driver","floor":28.0},{"not_picked":["Hologram","Glacier"],"picked":"Undo","floor":31.0}],"player_experience":2707110,"relics_obtained":[{"floor":7.0,"key":"Juzu Bracelet"},{"floor":14.0,"key":"Oddly Smooth Stone"},{"floor":22.0,"key":"Blood Vial"},{"floor":25.0,"key":"Regal Pillow"},{"floor":26.0,"key":"Bottled Tornado"},{"floor":31.0,"key":"Mercury Hourglass"}],"event_choices":[{"damage_healed":0.0,"max_hp_gain":0.0,"max_hp_loss":0.0,"gold_gain":0.0,"event_name":"Shining Light","player_choice":"Entered Light","floor":2.0,"gold_loss":0.0,"damage_taken":19.0,"cards_upgraded":["Strike_B","Strike_B"]},{"damage_healed":0.0,"max_hp_gain":0.0,"max_hp_loss":0.0,"gold_gain":150.0,"event_name":"Liars Game","player_choice":"AGREE","floor":3.0,"gold_loss":0.0,"damage_taken":0.0,"cards_obtained":["Doubt"]},{"damage_healed":0.0,"max_hp_gain":0.0,"max_hp_loss":0.0,"gold_gain":0.0,"cards_transformed":["Strike_B","Defend_B"],"event_name":"Drug Dealer","player_choice":"Became Test Subject","floor":20.0,"gold_loss":0.0,"damage_taken":0.0,"cards_obtained":["Buffer","Core Surge"]},{"damage_healed":0.0,"max_hp_gain":0.0,"max_hp_loss":20.0,"gold_gain":0.0,"event_name":"Vampires","player_choice":"Became a vampire","floor":21.0,"gold_loss":0.0,"damage_taken":0.0,"cards_obtained":["Bite","Bite","Bite","Bite","Bite"]},{"damage_healed":0.0,"max_hp_gain":0.0,"max_hp_loss":0.0,"gold_gain":0.0,"event_name":"Wheel of Change","player_choice":"Cursed","floor":24.0,"gold_loss":0.0,"damage_taken":0.0,"cards_obtained":["Decay"]}],"is_beta":true,"boss_relics":[{"not_picked":["Fusion Hammer","Ectoplasm"],"picked":"Nuclear Battery"}],"items_purged_floors":[4,19],"is_endless":false,"potions_floor_spawned":[7,10,12,18,28,31],"killed_by":"Automaton","ascension_level":17}