{"gold_per_floor":[367,367,386,404,479,479,6,37,37,187,205,255,255,274,274,346,346,362,362,362,362,412,412,444,444,444,444,455,370,59,94,94,94],"floor_reached":33,"playtime":1267,"items_purged":["Strike_R","Doubt"],"score":488,"play_id":"b6c02f74-867c-4626-b590-a0ab7f0e6f50","local_time":"20181203011039","is_ascension_mode":true,"campfire_choices":[{"data":"Bash","floor":6,"key":"SMITH"},{"data":"Body Slam","floor":13,"key":"SMITH"},{"data":"Cleave","floor":15,"key":"SMITH"},{"floor":23,"key":"REST"},{"data":"True Grit","floor":25,"key":"SMITH"},{"data":"Double Tap","floor":27,"key":"SMITH"},{"data":"Havoc","floor":32,"key":"SMITH"}],"neow_cost":"TEN_PERCENT_HP_LOSS","seed_source_timestamp":251785620297081,"circlet_count":0,"master_deck":["AscendersBane","Strike_R","Strike_R","Strike_R","Strike_R","Defend_R","Defend_R","Defend_R","Defend_R","Bash+1","Clothesline","Disarm","Cleave+1","Finesse","Clothesline","Body Slam+1","Pommel Strike","Double Tap+1","True Grit+1","Iron Wave","Whirlwind","Inflame+1","Havoc+1","Infernal Blade+1"],"relics":["Burning Blood","Incense Burner","Membership Card","Juzu Bracelet","Bronze Scales","Dead Branch","Girya","Sozu","Shovel","Frozen Egg 2","Dream Catcher","PreservedInsect","Sundial","Mercury Hourglass"],"potions_floor_usage":[8,14,24,24],"damage_taken":[{"damage":14,"enemies":"Small Slimes","floor":1,"turns":4},{"damage":0,"enemies":"2 Louse","floor":3,"turns":4},{"damage":6,"enemies":"Jaw Worm","floor":4,"turns":3},{"damage":20,"enemies":"Lagavulin","floor":8,"turns":6},{"damage":3,"enemies":"3 Louse","floor":11,"turns":4},{"damage":0,"enemies":"Gremlin Gang","floor":14,"turns":1},{"damage":41,"enemies":"Slime Boss","floor":16,"turns":13},{"damage":7,"enemies":"Shell Parasite","floor":18,"turns":5},{"damage":12,"enemies":"Gremlin Leader","floor":24,"turns":7},{"damage":0,"enemies":"3 Byrds","floor":28,"turns":3},{"damage":12,"enemies":"Slavers","floor":31,"turns":3},{"damage":84,"enemies":"Automaton","floor":33,"turns":6}],"seed_played":"-2916165460953764537","potions_obtained":[{"floor":3,"key":"Explosive Potion"},{"floor":8,"key":"LiquidBronze"},{"floor":16,"key":"LiquidBronze"}],"is_trial":false,"path_per_floor":["M","?","M","M","?","R","$","E","T","?","M","?","R","M","R","B",null,"M","?","?","?","?","R","E","R","T","R","M","?","$","E","R","B"],"character_chosen":"IRONCLAD","items_purchased":["Membership Card","Juzu Bracelet","Bronze Scales","Finesse","Regen Potion","Inflame+1","PreservedInsect","Sundial","Havoc"],"campfire_rested":1,"item_purchase_floors":[7,7,7,7,7,30,30,30,30],"current_hp_per_floor":[60,49,55,55,44,44,44,45,45,45,48,48,48,54,54,19,56,55,36,36,36,36,57,51,51,51,51,57,57,57,51,51,0],"gold":94,"neow_bonus":"TWO_FIFTY_GOLD","is_prod":false,"is_daily":false,"chose_seed":false,"campfire_upgraded":6,"win_rate":0,"timestamp":1543767039,"path_taken":["M","?","M","M","?","R","$","E","T","?","M","?","R","M","R","BOSS","M","?","?","?","?","R","E","R","T","R","M","?","$","E","R","BOSS"],"build_version":"2018-11-15","purchased_purges":2,"victory":false,"max_hp_per_floor":[68,68,68,68,68,68,68,68,68,68,68,68,68,68,68,68,68,68,73,73,73,73,73,73,73,73,73,73,73,73,73,73,73],"card_choices":[{"not_picked":["Infernal Blade","True Grit"],"picked":"Clothesline","floor":1},{"not_picked":["Anger","True Grit"],"picked":"Disarm","floor":3},{"not_picked":["Headbutt","Perfected Strike"],"picked":"Cleave","floor":4},{"not_picked":["Havoc","Armaments"],"picked":"Clothesline","floor":8},{"not_picked":["Clash","Thunderclap"],"picked":"Body Slam","floor":11},{"not_picked":["Warcry","Rupture"],"picked":"Pommel Strike","floor":14},{"not_picked":["Reaper","Limit Break"],"picked":"Double Tap","floor":16},{"not_picked":["Wild Strike","Ghostly Armor"],"picked":"True Grit","floor":18},{"not_picked":["Wild Strike","Flex"],"picked":"Iron Wave","floor":24},{"not_picked":["Carnage+1","True Grit"],"picked":"Whirlwind","floor":28},{"not_picked":["Headbutt","Burning Pact"],"picked":"Infernal Blade+1","floor":31}],"player_experience":2481500,"relics_obtained":[{"floor":8,"key":"Dead Branch"},{"floor":9,"key":"Girya"},{"floor":24,"key":"Shovel"},{"floor":26,"key":"Frozen Egg 2"},{"floor":31,"key":"Mercury Hourglass"}],"event_choices":[{"damage_healed":0,"gold_gain":0,"player_choice":"Success","damage_taken":11,"relics_obtained":["Incense Burner"],"max_hp_gain":0,"max_hp_loss":0,"event_name":"Scrap Ooze","floor":2,"gold_loss":0},{"damage_healed":0,"gold_gain":75,"player_choice":"Gather Gold","damage_taken":11,"max_hp_gain":0,"max_hp_loss":0,"event_name":"World of Goop","floor":5,"gold_loss":0},{"damage_healed":0,"gold_gain":150,"player_choice":"AGREE","damage_taken":0,"max_hp_gain":0,"max_hp_loss":0,"event_name":"Liars Game","floor":10,"gold_loss":0,"cards_obtained":["Doubt"]},{"damage_healed":0,"gold_gain":50,"player_choice":"Pray","damage_taken":0,"max_hp_gain":0,"max_hp_loss":0,"event_name":"Golden Shrine","floor":12,"gold_loss":0},{"damage_healed":0,"gold_gain":0,"player_choice":"Shed Blood","damage_taken":24,"max_hp_gain":5,"max_hp_loss":0,"event_name":"Forgotten Altar","floor":19,"gold_loss":0},{"damage_healed":0,"gold_gain":0,"player_choice":"Ignored","damage_taken":0,"max_hp_gain":0,"max_hp_loss":0,"event_name":"Ghosts","floor":20,"gold_loss":0},{"damage_healed":0,"gold_gain":0,"player_choice":"Got Potions","damage_taken":0,"max_hp_gain":0,"max_hp_loss":0,"event_name":"Lab","floor":21,"gold_loss":0},{"damage_healed":0,"gold_gain":50,"player_choice":"Stole From Cult","damage_taken":0,"max_hp_gain":0,"max_hp_loss":0,"event_name":"Nest","floor":22,"gold_loss":0},{"damage_healed":0,"gold_gain":0,"player_choice":"Obtained Relic","damage_taken":0,"relics_obtained":["Dream Catcher"],"max_hp_gain":0,"max_hp_loss":0,"event_name":"Addict","floor":29,"gold_loss":85}],"is_beta":true,"boss_relics":[{"not_picked":["Philosopher\u0027s Stone","Fusion Hammer"],"picked":"Sozu"}],"items_purged_floors":[7,30],"is_endless":false,"potions_floor_spawned":[3,8,11,16,28,31],"killed_by":"Automaton","ascension_level":15}