{"gold_per_floor":[118,118,128,138,158,158,171,200,200,200,16,16,34,34,34,132,132,144,160,160,6,17,17,50,50,50,50,60,72,107,107,107,202,202,213,35,48,0,23,23,23,58,109,137,157,182,227,227,227,227],"floor_reached":51,"playtime":4421,"items_purged":["Strike_G","Strike_G","Strike_G+1"],"score":1357,"play_id":"7b4e4ba3-9654-4e53-8055-68abb56d7998","local_time":"20190205204458","is_ascension_mode":true,"campfire_choices":[{"data":"Riddle With Holes","floor":6,"key":"SMITH"},{"data":"Bane","floor":10,"key":"SMITH"},{"data":"Dagger Spray","floor":15,"key":"SMITH"},{"floor":23,"key":"REST"},{"data":"Adrenaline","floor":25,"key":"SMITH"},{"data":"Neutralize","floor":27,"key":"SMITH"},{"data":"Footwork","floor":32,"key":"SMITH"},{"floor":40,"key":"REST"},{"floor":49,"key":"REST"}],"neow_cost":"NONE","seed_source_timestamp":2263984858920089,"circlet_count":0,"master_deck":["AscendersBane","Defend_G+1","Defend_G+1","Defend_G+1","Defend_G+1","Defend_G+1","Strike_G+1","Strike_G+1","Survivor","Neutralize+1","Riddle With Holes+1","Prepared","Slice","Bane+1","Poisoned Stab","Deadly Poison","Escape Plan","Noxious Fumes","Dagger Spray+1","Adrenaline+1","Footwork+1","Poisoned Stab+1","Dodge and Roll+1","Footwork+1","Backflip","Backflip","Burst","Acrobatics","Cloak And Dagger","Dodge and Roll+1","Swift Strike","Blur+1"],"relics":["Ring of the Snake","Vajra","Kunai","FossilizedHelix","Runic Dome","Letter Opener","StoneCalendar","Fusion Hammer","Red Mask","Art of War","Anchor","Blood Vial","Incense Burner","Centennial Puzzle","Du-Vu Doll"],"potions_floor_usage":[8,16,22,29,30,44,44],"damage_taken":[{"damage":3,"enemies":"Jaw Worm","floor":1,"turns":4},{"damage":0,"enemies":"Cultist","floor":3,"turns":3},{"damage":0,"enemies":"2 Louse","floor":4,"turns":3},{"damage":0,"enemies":"2 Fungi Beasts","floor":5,"turns":3},{"damage":13,"enemies":"Exordium Wildlife","floor":7,"turns":4},{"damage":8,"enemies":"Lagavulin","floor":8,"turns":6},{"damage":6,"enemies":"3 Louse","floor":13,"turns":3},{"damage":0,"enemies":"Hexaghost","floor":16,"turns":9},{"damage":0,"enemies":"Spheric Guardian","floor":18,"turns":3},{"damage":9,"enemies":"3 Byrds","floor":19,"turns":5},{"damage":15,"enemies":"Cultist and Chosen","floor":22,"turns":5},{"damage":10,"enemies":"Gremlin Leader","floor":24,"turns":7},{"damage":0,"enemies":"Snake Plant","floor":28,"turns":3},{"damage":0,"enemies":"Snecko","floor":29,"turns":5},{"damage":7,"enemies":"Book of Stabbing","floor":30,"turns":6},{"damage":0,"enemies":"Champ","floor":33,"turns":12},{"damage":0,"enemies":"Orb Walker","floor":35,"turns":2},{"damage":0,"enemies":"3 Shapes","floor":37,"turns":3},{"damage":0,"enemies":"Nemesis","floor":42,"turns":7},{"damage":9,"enemies":"Reptomancer","floor":44,"turns":7},{"damage":0,"enemies":"Sphere and 2 Shapes","floor":45,"turns":5},{"damage":8,"enemies":"Giant Head","floor":46,"turns":10},{"damage":0,"enemies":"2 Orb Walkers","floor":47,"turns":5},{"damage":15,"enemies":"Time Eater","floor":50,"turns":17}],"seed_played":"-6420210193125935760","potions_obtained":[{"floor":3,"key":"SkillPotion"},{"floor":4,"key":"EssenceOfSteel"},{"floor":13,"key":"SkillPotion"},{"floor":18,"key":"Weak Potion"},{"floor":29,"key":"SkillPotion"},{"floor":30,"key":"Swift Potion"},{"floor":33,"key":"Explosive Potion"},{"floor":44,"key":"SpeedPotion"}],"is_trial":false,"path_per_floor":["M","?","M","M","M","R","M","E","T","R","$","?","M","$","R","B",null,"M","M","?","$","M","R","E","R","T","R","M","M","E","?","R","B",null,"M","$","M","?","T","R","?","E","T","E","M","E","?","?","R","B",null],"character_chosen":"THE_SILENT","items_purchased":["Escape Plan","Noxious Fumes","Dodge and Roll","Cloak And Dagger"],"campfire_rested":3,"item_purchase_floors":[11,11,21,36],"current_hp_per_floor":[60,60,60,60,60,60,47,39,39,39,39,39,33,33,33,33,61,61,52,52,52,37,58,48,48,48,48,48,48,41,41,41,41,63,63,63,63,63,63,70,70,70,70,61,63,57,59,59,70,55],"gold":227,"neow_bonus":"RANDOM_COMMON_RELIC","is_prod":false,"is_daily":false,"chose_seed":false,"campfire_upgraded":6,"win_rate":0,"timestamp":1549367098,"path_taken":["M","?","M","M","M","R","M","E","T","R","$","?","M","?","R","BOSS","M","?","?","?","M","R","E","R","T","R","M","M","E","?","R","BOSS","M","$","M","?","?","R","?","E","T","E","?","E","?","?","R","BOSS"],"build_version":"2019-01-23","purchased_purges":3,"victory":true,"max_hp_per_floor":[70,70,70,70,70,70,70,70,70,70,70,70,70,70,70,70,70,70,70,70,70,70,70,70,70,70,70,70,70,70,70,70,70,70,70,70,70,70,70,70,70,70,70,70,70,70,70,70,70,70],"card_choices":[{"not_picked":["Dodge and Roll","Expertise"],"picked":"Riddle With Holes","floor":1},{"not_picked":["Outmaneuver","Deadly Poison"],"picked":"Prepared","floor":3},{"not_picked":["Poisoned Stab","Noxious Fumes"],"picked":"Slice","floor":4},{"not_picked":["Deadly Poison","A Thousand Cuts"],"picked":"Bane","floor":5},{"not_picked":["Acrobatics","Quick Slash"],"picked":"Poisoned Stab","floor":7},{"not_picked":["Catalyst","Setup"],"picked":"Deadly Poison","floor":8},{"not_picked":["Dodge and Roll","Prepared"],"picked":"Dagger Spray","floor":13},{"not_picked":["Envenom","Corpse Explosion"],"picked":"Adrenaline","floor":16},{"not_picked":["Slice","Catalyst"],"picked":"Footwork","floor":18},{"not_picked":["Outmaneuver","Terror"],"picked":"Poisoned Stab+1","floor":19},{"not_picked":["Prepared","Dodge and Roll"],"picked":"Footwork+1","floor":22},{"not_picked":["Masterful Stab","Dagger Throw","Deadly Poison"],"picked":"SKIP","floor":24},{"not_picked":["Blur","Concentrate"],"picked":"Backflip","floor":28},{"not_picked":["Deadly Poison","Sucker Punch","Concentrate"],"picked":"SKIP","floor":29},{"not_picked":["Eviscerate+1","Poisoned Stab"],"picked":"Backflip","floor":30},{"not_picked":["Unload","Grand Finale"],"picked":"Burst","floor":33},{"not_picked":["Endless Agony","Concentrate"],"picked":"Acrobatics","floor":35},{"not_picked":["Reflex","Slice"],"picked":"Dodge and Roll+1","floor":37},{"not_picked":["Blind","Bandage Up"],"picked":"Swift Strike","floor":41},{"not_picked":["Endless Agony","Dash+1","Outmaneuver+1"],"picked":"SKIP","floor":42},{"not_picked":["Dagger Spray","Slice","Quick Slash"],"picked":"SKIP","floor":44},{"not_picked":["Slice","Quick Slash+1","Terror+1"],"picked":"SKIP","floor":45},{"not_picked":["Grand Finale","Flying Knee+1","Quick Slash"],"picked":"SKIP","floor":46},{"not_picked":["Finisher","Underhanded Strike"],"picked":"Blur+1","floor":47}],"player_experience":539408,"relics_obtained":[{"floor":8,"key":"Kunai"},{"floor":9,"key":"FossilizedHelix"},{"floor":24,"key":"Letter Opener"},{"floor":30,"key":"StoneCalendar"},{"floor":39,"key":"Art of War"},{"floor":42,"key":"Anchor"},{"floor":43,"key":"Blood Vial"},{"floor":44,"key":"Incense Burner"},{"floor":46,"key":"Centennial Puzzle"},{"floor":47,"key":"Du-Vu Doll"}],"event_choices":[{"damage_healed":0,"gold_gain":0,"player_choice":"Ignored","damage_taken":0,"max_hp_gain":0,"max_hp_loss":0,"event_name":"Liars Game","floor":2,"gold_loss":0},{"damage_healed":0,"gold_gain":0,"player_choice":"Leave","damage_taken":0,"max_hp_gain":0,"max_hp_loss":0,"event_name":"The Cleric","floor":12,"gold_loss":0},{"damage_healed":0,"gold_gain":0,"player_choice":"Ignored","damage_taken":0,"max_hp_gain":0,"max_hp_loss":0,"event_name":"Ghosts","floor":20,"gold_loss":0},{"damage_healed":0,"gold_gain":0,"player_choice":"Simplicity","damage_taken":0,"max_hp_gain":0,"max_hp_loss":0,"event_name":"Back to Basics","floor":31,"gold_loss":0,"cards_upgraded":["Defend_G","Defend_G","Defend_G","Defend_G","Defend_G","Strike_G","Strike_G","Strike_G"]},{"damage_healed":0,"gold_gain":0,"player_choice":"Paid","damage_taken":0,"relics_obtained":["Red Mask"],"max_hp_gain":0,"max_hp_loss":0,"event_name":"Tomb of Lord Red Mask","floor":38,"gold_loss":48},{"damage_healed":0,"gold_gain":0,"player_choice":"Memory 1","damage_taken":0,"max_hp_gain":0,"max_hp_loss":0,"event_name":"SensoryStone","floor":41,"gold_loss":0},{"damage_healed":0,"gold_gain":0,"player_choice":"Fight","damage_taken":0,"max_hp_gain":0,"max_hp_loss":0,"event_name":"Mysterious Sphere","floor":47,"gold_loss":0},{"damage_healed":0,"gold_gain":0,"player_choice":"Upgraded","damage_taken":0,"max_hp_gain":0,"max_hp_loss":0,"event_name":"Upgrade Shrine","floor":48,"gold_loss":0,"cards_upgraded":["Dodge and Roll"]}],"is_beta":false,"boss_relics":[{"not_picked":["Black Star","Philosopher\u0027s Stone"],"picked":"Runic Dome"},{"not_picked":["Pandora\u0027s Box","HoveringKite"],"picked":"Fusion Hammer"}],"items_purged_floors":[11,21,36],"is_endless":false,"potions_floor_spawned":[3,4,13,18,29,30,33,37,44],"ascension_level":12}