{"gold_per_floor":[111,126,140,140,154,154,166,183,207,222,222,237,267,26,26,98,98,112,127,127,138,157,157,82,82,82,110,110,120,137,137,137,215,215,227,227,39,0,0,28,43,43,68,98,98,108,108,142,142,142,142,142,46,73,73],"floor_reached":55,"playtime":4908,"items_purged":["Strike_R","Strike_R"],"score":1719,"play_id":"cb4ab149-da21-4844-9b47-2af9980b5bff","local_time":"20190424184135","is_ascension_mode":true,"campfire_choices":[{"data":"Entrench","floor":6.0,"key":"SMITH"},{"floor":11.0,"key":"REST"},{"data":"Armaments","floor":15.0,"key":"SMITH"},{"data":"Entrench","floor":23.0,"key":"SMITH"},{"data":"True Grit","floor":28.0,"key":"SMITH"},{"data":"Impervious","floor":32.0,"key":"SMITH"},{"data":"Impervious","floor":42.0,"key":"SMITH"},{"data":"Flame Barrier","floor":45.0,"key":"SMITH"},{"floor":49.0,"key":"RECALL"},{"data":"Madness","floor":52.0,"key":"SMITH"}],"neow_cost":"PERCENT_DAMAGE","seed_source_timestamp":1039384806683376,"circlet_count":0,"master_deck":["AscendersBane","Strike_R","Strike_R","Defend_R","Defend_R+1","Defend_R","Defend_R","Flame Barrier+1","Headbutt","Entrench+1","Inflame","Armaments+1","Flame Barrier","Immolate","Evolve","Entrench+1","Impervious+1","Demon Form","True Grit+1","RitualDagger","Impervious+1","Sword Boomerang","Fiend Fire","Intimidate","Reaper","Madness","Madness+1","Limit Break","Purity"],"special_seed":0,"relics":["Burning Blood","Calipers","Bag of Preparation","Vajra","Busted Crown","Meat on the Bone","Pen Nib","Mummified Hand","Runic Pyramid","Red Mask","Lantern","Art of War","Blood Vial","Anchor"],"potions_floor_usage":[55,55],"damage_taken":[{"damage":5.0,"enemies":"2 Louse","floor":1.0,"turns":4.0},{"damage":13.0,"enemies":"Jaw Worm","floor":2.0,"turns":5.0},{"damage":4.0,"enemies":"Small Slimes","floor":3.0,"turns":3.0},{"damage":9.0,"enemies":"Red Slaver","floor":5.0,"turns":7.0},{"damage":2.0,"enemies":"Exordium Thugs","floor":7.0,"turns":6.0},{"damage":1.0,"enemies":"Exordium Wildlife","floor":8.0,"turns":5.0},{"damage":9.0,"enemies":"Red Slaver","floor":10.0,"turns":3.0},{"damage":0.0,"enemies":"3 Louse","floor":12.0,"turns":5.0},{"damage":42.0,"enemies":"Gremlin Nob","floor":13.0,"turns":6.0},{"damage":0.0,"enemies":"Hexaghost","floor":16.0,"turns":13.0},{"damage":0.0,"enemies":"Chosen","floor":18.0,"turns":6.0},{"damage":14.0,"enemies":"2 Thieves","floor":19.0,"turns":4.0},{"damage":3.0,"enemies":"Snake Plant","floor":21.0,"turns":8.0},{"damage":23.0,"enemies":"Centurion and Healer","floor":22.0,"turns":7.0},{"damage":12.0,"enemies":"Gremlin Leader","floor":27.0,"turns":12.0},{"damage":0.0,"enemies":"3 Cultists","floor":29.0,"turns":2.0},{"damage":0.0,"enemies":"Cultist and Chosen","floor":30.0,"turns":10.0},{"damage":6.0,"enemies":"Automaton","floor":33.0,"turns":15.0},{"damage":0.0,"enemies":"Orb Walker","floor":35.0,"turns":6.0},{"damage":0.0,"enemies":"Giant Head","floor":40.0,"turns":11.0},{"damage":0.0,"enemies":"3 Shapes","floor":41.0,"turns":8.0},{"damage":4.0,"enemies":"Reptomancer","floor":44.0,"turns":10.0},{"damage":0.0,"enemies":"Sphere and 2 Shapes","floor":46.0,"turns":9.0},{"damage":0.0,"enemies":"Giant Head","floor":48.0,"turns":15.0},{"damage":0.0,"enemies":"Time Eater","floor":50.0,"turns":10.0},{"damage":0.0,"enemies":"Shield and Spear","floor":54.0,"turns":11.0},{"damage":75,"enemies":"The Heart","floor":55,"turns":11}],"seed_played":"-7263300892285692712","potions_obtained":[{"floor":1.0,"key":"Block Potion"},{"floor":5.0,"key":"Block Potion"},{"floor":8.0,"key":"Strength Potion"},{"floor":12.0,"key":"LiquidBronze"},{"floor":19.0,"key":"Block Potion"},{"floor":27.0,"key":"Fire Potion"},{"floor":29.0,"key":"LiquidBronze"},{"floor":30.0,"key":"SkillPotion"},{"floor":41.0,"key":"SpeedPotion"},{"floor":44.0,"key":"Dexterity Potion"}],"is_trial":false,"path_per_floor":["M","M","M","?","M","R","M","M","T","M","R","M","E","$","R","B",null,"M","M","?","M","M","R","?","?","T","E","R","M","M","T","R","B",null,"M","?","$","?","$","E","M","R","T","E","R","M","?","E","R","B",null,"R","$","E","B"],"character_chosen":"IRONCLAD","items_purchased":["Entrench","Impervious","Reaper","Purity"],"campfire_rested":1,"item_purchase_floors":[14,14,37,53],"current_hp_per_floor":[51,44,46,23,20,20,24,29,29,26,48,54,18,18,18,24,62,68,60,54,57,40,40,40,40,40,46,46,52,58,58,58,58,71,75,75,75,75,75,75,75,75,75,75,75,75,61,75,75,75,75,75,75,75,0],"gold":73,"neow_bonus":"ONE_RARE_RELIC","is_prod":false,"is_daily":false,"chose_seed":false,"campfire_upgraded":8,"win_rate":0,"timestamp":1556098895,"path_taken":["M","M","M","?","M","R","M","M","T","M","R","M","E","$","R","BOSS","M","M","?","M","M","R","?","?","T","E","R","?","M","?","R","BOSS","M","?","$","?","?","E","?","R","T","E","R","M","?","E","R","BOSS","R","$","E","BOSS"],"build_version":"2019-04-23","purchased_purges":2,"victory":false,"max_hp_per_floor":[75,75,75,75,75,75,75,75,75,75,75,75,75,75,75,75,75,75,75,75,75,75,75,75,75,75,75,75,75,75,75,75,75,75,75,75,75,75,75,75,75,75,75,75,75,75,75,75,75,75,75,75,75,75,75],"card_choices":[{"not_picked":["Bloodletting","Perfected Strike","Clash"],"picked":"SKIP","floor":1.0},{"not_picked":["Twin Strike","Body Slam"],"picked":"Flame Barrier","floor":2.0},{"not_picked":["Carnage","Havoc"],"picked":"Headbutt","floor":3.0},{"not_picked":["Whirlwind","Iron Wave"],"picked":"Entrench","floor":5.0},{"not_picked":["Fire Breathing","Clothesline"],"picked":"Inflame","floor":7.0},{"not_picked":["Pommel Strike","Warcry"],"picked":"Armaments","floor":8.0},{"not_picked":["Blood for Blood","Clash"],"picked":"Flame Barrier","floor":10.0},{"not_picked":["Bloodletting","Sword Boomerang"],"picked":"Immolate","floor":12.0},{"not_picked":["Combust","Body Slam"],"picked":"Evolve","floor":13.0},{"not_picked":["Barricade","Limit Break"],"picked":"Demon Form","floor":16.0},{"not_picked":["Clash+1"],"picked":"SKIP","floor":18.0},{"not_picked":[],"picked":"True Grit","floor":19.0},{"not_picked":["Spot Weakness"],"picked":"SKIP","floor":21.0},{"not_picked":["Cleave"],"picked":"SKIP","floor":22.0},{"not_picked":[],"picked":"Sword Boomerang","floor":27.0},{"not_picked":["Heavy Blade"],"picked":"SKIP","floor":29.0},{"not_picked":["Havoc"],"picked":"SKIP","floor":30.0},{"not_picked":[],"picked":"Fiend Fire","floor":33.0},{"not_picked":[],"picked":"Intimidate","floor":35.0},{"not_picked":["Anger"],"picked":"SKIP","floor":40.0},{"not_picked":["Power Through"],"picked":"SKIP","floor":41.0},{"not_picked":["Twin Strike"],"picked":"SKIP","floor":44.0},{"not_picked":["Rupture"],"picked":"SKIP","floor":46.0},{"not_picked":["Rupture"],"picked":"SKIP","floor":46.0},{"not_picked":[],"picked":"Limit Break","floor":48.0},{"not_picked":["Feed"],"picked":"SKIP","floor":54.0}],"player_experience":3048902,"relics_obtained":[{"floor":9.0,"key":"Bag of Preparation"},{"floor":13.0,"key":"Vajra"},{"floor":26.0,"key":"Meat on the Bone"},{"floor":27.0,"key":"Pen Nib"},{"floor":31.0,"key":"Mummified Hand"},{"floor":40.0,"key":"Lantern"},{"floor":44.0,"key":"Art of War"},{"floor":48.0,"key":"Blood Vial"},{"floor":54.0,"key":"Anchor"}],"event_choices":[{"damage_healed":0.0,"max_hp_gain":0.0,"max_hp_loss":0.0,"gold_gain":0.0,"event_name":"Shining Light","player_choice":"Entered Light","floor":4.0,"gold_loss":0.0,"damage_taken":23.0,"cards_upgraded":["Bash","Defend_R"]},{"damage_healed":0.0,"max_hp_gain":0.0,"max_hp_loss":0.0,"gold_gain":0.0,"event_name":"Nest","player_choice":"Joined the Cult","floor":20.0,"gold_loss":0.0,"damage_taken":6.0,"cards_obtained":["RitualDagger"]},{"cards_removed":["Strike_R"],"damage_healed":0.0,"max_hp_gain":0.0,"max_hp_loss":0.0,"gold_gain":0.0,"event_name":"Beggar","player_choice":"Gave Gold","floor":24.0,"gold_loss":75.0,"damage_taken":0.0},{"damage_healed":0.0,"max_hp_gain":0.0,"max_hp_loss":0.0,"gold_gain":0.0,"event_name":"Duplicator","player_choice":"Copied","floor":25.0,"gold_loss":0.0,"damage_taken":0.0,"cards_obtained":["Impervious"]},{"cards_removed":["Bash"],"damage_healed":0.0,"max_hp_gain":0.0,"max_hp_loss":0.0,"gold_gain":0.0,"event_name":"Falling","player_choice":"Removed Attack","floor":36.0,"gold_loss":0.0,"damage_taken":0.0},{"damage_healed":0.0,"max_hp_gain":0.0,"max_hp_loss":0.0,"gold_gain":0.0,"event_name":"Tomb of Lord Red Mask","player_choice":"Paid","floor":38.0,"gold_loss":39.0,"damage_taken":0.0,"relics_obtained":["Red Mask"]},{"damage_healed":0.0,"max_hp_gain":0.0,"max_hp_loss":0.0,"gold_gain":0.0,"event_name":"Winding Halls","player_choice":"Embrace Madness","floor":47.0,"gold_loss":0.0,"damage_taken":14.0,"cards_obtained":["Madness","Madness"]}],"is_beta":true,"boss_relics":[{"not_picked":["Ectoplasm","Philosopher\u0027s Stone"],"picked":"Busted Crown"},{"not_picked":["White Beast Statue","Snecko Eye"],"picked":"Runic Pyramid"}],"items_purged_floors":[14,37],"is_endless":false,"potions_floor_spawned":[1,5,8,12,19,27,29,30,41,44,46,48,54],"killed_by":"The Heart","ascension_level":17}