{"gold_per_floor":[116,136,155,174,99,99,99,118,118,131,31,42,59,77,77,179,229,242,242,261,276,375,375,392,411,457,473,196,196,5,5,5,5],"floor_reached":33,"playtime":2001,"items_purged":["Strike_R","Combust","Defend_R"],"score":270,"play_id":"52192e1e-a5f2-46a5-af0e-9a1bf4dac35d","local_time":"20181205180723","is_ascension_mode":false,"campfire_choices":[{"data":"Infernal Blade","floor":6,"key":"SMITH"},{"data":"Bash","floor":15,"key":"SMITH"},{"floor":23,"key":"REST"},{"floor":29,"key":"REST"},{"floor":32,"key":"REST"}],"neow_cost":"NONE","seed_source_timestamp":273486726223680,"circlet_count":0,"master_deck":["Defend_R+1","Defend_R+1","Defend_R","Bash+1","Pommel Strike","Infernal Blade+1","Sword Boomerang","Impervious+1","Anger","Flex+1","Bite","Bite","Bite","Bite","Bite","Battle Trance+1","Infernal Blade+1"],"relics":["Burning Blood","Strawberry","War Paint","Tiny House","Oddly Smooth Stone","Blood Vial","Pen Nib","MutagenicStrength"],"potions_floor_usage":[16,16,16,24,25,33,33],"damage_taken":[{"damage":0,"enemies":"2 Louse","floor":1,"turns":3},{"damage":6,"enemies":"Cultist","floor":2,"turns":3},{"damage":0,"enemies":"Small Slimes","floor":3,"turns":3},{"damage":10,"enemies":"Looter","floor":4,"turns":2},{"damage":13,"enemies":"Red Slaver","floor":8,"turns":2},{"damage":7,"enemies":"Blue Slaver","floor":10,"turns":3},{"damage":2,"enemies":"Looter","floor":12,"turns":2},{"damage":9,"enemies":"Large Slime","floor":13,"turns":3},{"damage":0,"enemies":"Lots of Slimes","floor":14,"turns":1},{"damage":56,"enemies":"The Guardian","floor":16,"turns":11},{"damage":15,"enemies":"3 Byrds","floor":18,"turns":7},{"damage":24,"enemies":"Chosen","floor":20,"turns":5},{"damage":44,"enemies":"Centurion and Healer","floor":21,"turns":8},{"damage":26,"enemies":"Snake Plant","floor":24,"turns":3},{"damage":7,"enemies":"3 Cultists","floor":25,"turns":4},{"damage":38,"enemies":"Chosen and Byrds","floor":27,"turns":7},{"damage":93,"enemies":"Champ","floor":33,"turns":10}],"seed_played":"-7027586487583291918","potions_obtained":[{"floor":3,"key":"LiquidBronze"},{"floor":12,"key":"Swift Potion"},{"floor":13,"key":"Energy Potion"},{"floor":14,"key":"FearPotion"},{"floor":17,"key":"SteroidPotion"},{"floor":18,"key":"PowerPotion"},{"floor":27,"key":"SpeedPotion"}],"is_trial":false,"path_per_floor":["M","M","M","M","$","R","?","M","T","M","$","M","M","M","R","B",null,"M","?","M","M","?","R","M","M","T","M","$","R","$","?","R","B"],"character_chosen":"IRONCLAD","items_purchased":["Blood Vial","Pen Nib","Energy Potion"],"campfire_rested":3,"item_purchase_floors":[28,30,30],"current_hp_per_floor":[87,87,87,83,83,83,83,76,76,75,75,79,76,82,82,32,92,83,64,48,30,30,49,33,42,42,24,24,43,43,43,62,0],"gold":5,"neow_bonus":"RANDOM_COMMON_RELIC","is_prod":false,"is_daily":false,"chose_seed":false,"campfire_upgraded":2,"win_rate":0,"timestamp":1544000843,"path_taken":["M","M","M","M","$","R","?","M","T","M","?","M","M","M","R","BOSS","M","?","M","M","?","R","M","M","T","M","$","R","$","?","R","BOSS"],"build_version":"2018-11-15","purchased_purges":3,"victory":false,"max_hp_per_floor":[87,87,87,87,87,87,87,87,87,87,87,87,87,87,87,87,92,92,64,64,64,64,64,64,64,64,64,64,64,64,64,64,64],"card_choices":[{"not_picked":["Thunderclap","Warcry","Shrug It Off"],"picked":"SKIP","floor":1},{"not_picked":["Twin Strike","Ghostly Armor"],"picked":"Pommel Strike","floor":2},{"not_picked":["Evolve","Pommel Strike"],"picked":"Infernal Blade","floor":3},{"not_picked":["Thunderclap","Intimidate"],"picked":"Sword Boomerang","floor":4},{"not_picked":["Reaper","Twin Strike","Flame Barrier"],"picked":"SKIP","floor":8},{"not_picked":["Warcry","Clothesline","Shrug It Off"],"picked":"SKIP","floor":10},{"not_picked":["Corruption","Flame Barrier","Armaments"],"picked":"SKIP","floor":12},{"not_picked":["Shrug It Off","Whirlwind","Burning Pact"],"picked":"SKIP","floor":13},{"not_picked":["Armaments","Pommel Strike","Headbutt"],"picked":"SKIP","floor":14},{"not_picked":["Offering","Bludgeon"],"picked":"Impervious","floor":16},{"not_picked":["Clothesline","Wild Strike"],"picked":"Anger","floor":17},{"not_picked":["Battle Trance","Heavy Blade"],"picked":"Flex+1","floor":18},{"not_picked":["Flex","Warcry","Dual Wield"],"picked":"SKIP","floor":20},{"not_picked":["Carnage","Bloodletting"],"picked":"Battle Trance+1","floor":21},{"not_picked":["Barricade","Wild Strike","Searing Blow+1"],"picked":"SKIP","floor":24},{"not_picked":["Warcry","Cleave"],"picked":"Infernal Blade+1","floor":25},{"not_picked":["Anger","Pommel Strike","Wild Strike+1"],"picked":"SKIP","floor":27}],"player_experience":104384,"relics_obtained":[{"floor":9,"key":"War Paint"},{"floor":26,"key":"Oddly Smooth Stone"}],"event_choices":[{"damage_healed":0,"gold_gain":0,"cards_transformed":["Strike_R"],"player_choice":"Transformed","damage_taken":0,"max_hp_gain":0,"max_hp_loss":0,"event_name":"Transmorgrifier","floor":7,"gold_loss":0,"cards_obtained":["Combust"]},{"damage_healed":0,"gold_gain":0,"player_choice":"Became a vampire","damage_taken":0,"max_hp_gain":0,"max_hp_loss":28,"event_name":"Vampires","floor":19,"gold_loss":0,"cards_obtained":["Bite","Bite","Bite","Bite","Bite"]},{"damage_healed":0,"gold_gain":99,"player_choice":"Stole From Cult","damage_taken":0,"max_hp_gain":0,"max_hp_loss":0,"event_name":"Nest","floor":22,"gold_loss":0},{"damage_healed":0,"gold_gain":0,"player_choice":"Inject Mutagens","damage_taken":0,"relics_obtained":["MutagenicStrength"],"max_hp_gain":0,"max_hp_loss":0,"event_name":"Drug Dealer","floor":31,"gold_loss":0}],"is_beta":false,"boss_relics":[{"not_picked":["Coffee Dripper","Runic Cube"],"picked":"Tiny House"}],"items_purged_floors":[5,11,28],"is_endless":false,"potions_floor_spawned":[3,12,13,14,18,27],"killed_by":"Champ","ascension_level":0}