{"gold_per_floor":[19,19,19,294,307,7,7,18,18,31,1,20,95,124,124,124],"floor_reached":16,"playtime":990,"items_purged":[],"score":90,"play_id":"25091850-d2aa-4ce9-b10c-eff6fe76b145","local_time":"20190602123014","is_ascension_mode":false,"campfire_choices":[{"data":"Setup","floor":7.0,"key":"SMITH"},{"floor":15,"key":"REST"}],"neow_cost":"NO_GOLD","seed_source_timestamp":0,"circlet_count":0,"master_deck":["Defend_G","Defend_G","Defend_G","Defend_G+1","Defend_G","Strike_G","Strike_G+1","Strike_G","Strike_G","Strike_G","Survivor","Neutralize","Dodge and Roll","Regret","Underhanded Strike","Setup+1","Accuracy","Calculated Gamble","Backflip","Poisoned Stab","Malaise"],"special_seed":0,"relics":["Ring of the Snake","Torii","Pear","Mummified Hand","Odd Mushroom"],"potions_floor_usage":[16,16,16],"damage_taken":[{"damage":2.0,"enemies":"Small Slimes","floor":1.0,"turns":6.0},{"damage":3.0,"enemies":"Cultist","floor":5.0,"turns":6.0},{"damage":0.0,"enemies":"2 Louse","floor":8.0,"turns":3.0},{"damage":5,"enemies":"Large Slime","floor":10,"turns":10},{"damage":0,"enemies":"Looter","floor":11,"turns":4},{"damage":4,"enemies":"Lots of Slimes","floor":12,"turns":8},{"damage":38,"enemies":"The Mushroom Lair","floor":14,"turns":7},{"damage":29,"enemies":"The Guardian","floor":16,"turns":11}],"seed_played":"777085084478643211","potions_obtained":[{"floor":8.0,"key":"Energy Potion"},{"floor":12,"key":"EssenceOfSteel"},{"floor":14,"key":"PowerPotion"}],"is_trial":false,"path_per_floor":["M","?","$","?","M","$","R","M","T","M","M","M","?","?","R","B"],"character_chosen":"THE_SILENT","items_purchased":["Pear","Setup"],"campfire_rested":1,"item_purchase_floors":[6,6],"current_hp_per_floor":[68,54,54,54,51,61,61,61,61,56,56,52,41,3,27,0],"gold":124,"neow_bonus":"ONE_RARE_RELIC","is_prod":false,"is_daily":false,"chose_seed":false,"campfire_upgraded":1,"win_rate":0,"timestamp":1559496614,"path_taken":["M","?","$","?","M","$","R","M","T","M","M","?","?","?","R","BOSS"],"build_version":"2019-01-23","purchased_purges":0,"victory":false,"max_hp_per_floor":[70,70,70,70,70,80,80,80,80,80,80,80,80,80,80,80],"card_choices":[{"not_picked":["Dagger Throw","Slice"],"picked":"Dodge and Roll","floor":1.0},{"not_picked":["Acrobatics","Reflex"],"picked":"Underhanded Strike","floor":5.0},{"not_picked":["Dagger Throw","Deflect"],"picked":"Accuracy","floor":8.0},{"not_picked":["Deadly Poison","All Out Attack"],"picked":"Calculated Gamble","floor":10},{"not_picked":["Calculated Gamble","Acrobatics"],"picked":"Backflip","floor":11},{"not_picked":["Terror","Concentrate"],"picked":"Poisoned Stab","floor":12},{"not_picked":["Acrobatics","Backflip"],"picked":"Malaise","floor":14}],"player_experience":450611,"relics_obtained":[{"floor":9.0,"key":"Mummified Hand"},{"floor":14,"key":"Odd Mushroom"}],"event_choices":[{"damage_healed":0.0,"max_hp_gain":0.0,"max_hp_loss":0.0,"gold_gain":0.0,"event_name":"Shining Light","player_choice":"Entered Light","floor":2.0,"gold_loss":0.0,"damage_taken":14.0,"cards_upgraded":["Defend_G","Strike_G"]},{"damage_healed":0.0,"max_hp_gain":0.0,"max_hp_loss":0.0,"gold_gain":275.0,"event_name":"Golden Shrine","player_choice":"Desecrate","floor":4.0,"gold_loss":0.0,"damage_taken":0.0,"cards_obtained":["Regret"]},{"damage_healed":0,"gold_gain":75,"player_choice":"Gather Gold","damage_taken":11,"max_hp_gain":0,"max_hp_loss":0,"event_name":"World of Goop","floor":13,"gold_loss":0},{"damage_healed":0,"gold_gain":0,"player_choice":"Fought Mushrooms","damage_taken":0,"max_hp_gain":0,"max_hp_loss":0,"event_name":"Mushrooms","floor":14,"gold_loss":0}],"is_beta":false,"boss_relics":[],"items_purged_floors":[],"is_endless":false,"potions_floor_spawned":[8,12,14],"killed_by":"The Guardian","ascension_level":0}