{"gold_per_floor":[361,381,397,62,112,112,137,154,154,154,166,166,47,72,72,148,148,167,122,122,142,142],"floor_reached":22,"playtime":1469,"items_purged":["Strike_G"],"score":363,"play_id":"9690d574-5186-4969-9480-258c7004c87a","local_time":"20190507181140","is_ascension_mode":true,"campfire_choices":[{"data":"Neutralize","floor":6,"key":"SMITH"},{"data":"Deadly Poison","floor":10,"key":"SMITH"},{"floor":12,"key":"REST"},{"floor":15,"key":"REST"}],"neow_cost":"TEN_PERCENT_HP_LOSS","seed_source_timestamp":954416569104611,"circlet_count":0,"master_deck":["AscendersBane","Defend_G","Defend_G","Defend_G","Defend_G","Defend_G","Strike_G","Strike_G","Strike_G","Strike_G","Survivor","Neutralize+1","Backflip","Deadly Poison+1","Sucker Punch","Dagger Spray","Predator","PiercingWail","Footwork+1","Caltrops+1","Night Terror","Leg Sweep","Backflip","Decay","Predator"],"special_seed":0,"relics":["Ring of the Snake","Gremlin Horn","Frozen Egg 2","Sundial","Snake Skull","Snecko Eye"],"potions_floor_usage":[8,21,22],"damage_taken":[{"damage":1.0,"enemies":"2 Louse","floor":1.0,"turns":6.0},{"damage":0.0,"enemies":"Cultist","floor":2.0,"turns":4.0},{"damage":0.0,"enemies":"Jaw Worm","floor":3.0,"turns":4.0},{"damage":35,"enemies":"Gremlin Nob","floor":7,"turns":6},{"damage":2,"enemies":"2 Fungi Beasts","floor":8,"turns":4},{"damage":7,"enemies":"Exordium Wildlife","floor":11,"turns":4},{"damage":11,"enemies":"3 Sentries","floor":14,"turns":10},{"damage":14,"enemies":"The Guardian","floor":16,"turns":10},{"damage":13,"enemies":"Shell Parasite","floor":18,"turns":4},{"damage":14,"enemies":"2 Thieves","floor":19,"turns":5},{"damage":23,"enemies":"Shelled Parasite and Fungi","floor":21,"turns":7},{"damage":4,"enemies":"Snake Plant","floor":22,"turns":1}],"seed_played":"8056337427387422549","potions_obtained":[{"floor":7,"key":"Regen Potion"},{"floor":11,"key":"Swift Potion"},{"floor":18,"key":"SpeedPotion"}],"is_trial":false,"path_per_floor":["M","M","M","$","?","R","E","M","T","R","M","R","$","E","R","B",null,"M","M","?","M","M"],"character_chosen":"THE_SILENT","items_purchased":["Gremlin Horn","Dagger Spray","Footwork+1"],"campfire_rested":2,"item_purchase_floors":[4,4,13],"current_hp_per_floor":[58,58,58,58,52,52,17,27,27,27,20,38,38,27,45,31,53,40,26,26,3,0],"gold":142,"neow_bonus":"TWO_FIFTY_GOLD","is_prod":false,"is_daily":false,"chose_seed":false,"campfire_upgraded":2,"win_rate":0,"timestamp":1557220300,"path_taken":["M","M","M","$","?","R","E","M","T","R","M","R","$","E","R","BOSS","M","M","?","M","M"],"build_version":"2019-04-23","purchased_purges":1,"victory":false,"max_hp_per_floor":[60,60,60,60,60,60,60,60,60,60,60,60,60,60,60,60,60,60,60,60,60,60],"card_choices":[{"not_picked":["Slice","Deadly Poison"],"picked":"Backflip","floor":1.0},{"not_picked":["Bane","Prepared"],"picked":"Deadly Poison","floor":2.0},{"not_picked":["Underhanded Strike","Accuracy"],"picked":"Sucker Punch","floor":3.0},{"not_picked":["Slice","Sucker Punch"],"picked":"Predator","floor":7},{"not_picked":["Slice","Blade Dance"],"picked":"PiercingWail","floor":8},{"not_picked":["Flechettes","Quick Slash","Expertise"],"picked":"SKIP","floor":11},{"not_picked":["Crippling Poison","Deflect"],"picked":"Caltrops+1","floor":14},{"not_picked":["Burst","Unload"],"picked":"Night Terror","floor":16},{"not_picked":["Expertise","Acrobatics"],"picked":"Leg Sweep","floor":18},{"not_picked":["Dagger Spray","Outmaneuver"],"picked":"Backflip","floor":19},{"not_picked":["Phantasmal Killer","Bouncing Flask"],"picked":"Predator","floor":21}],"player_experience":3158655,"relics_obtained":[{"floor":7,"key":"Frozen Egg 2"},{"floor":9,"key":"Sundial"},{"floor":14,"key":"Snake Skull"}],"event_choices":[{"damage_healed":0,"gold_gain":50,"player_choice":"Touch","damage_taken":6,"max_hp_gain":0,"max_hp_loss":0,"event_name":"FaceTrader","floor":5,"gold_loss":0},{"damage_healed":0,"gold_gain":0,"player_choice":"Smashed Altar","damage_taken":0,"max_hp_gain":0,"max_hp_loss":0,"event_name":"Forgotten Altar","floor":20,"gold_loss":0,"cards_obtained":["Decay"]}],"is_beta":true,"boss_relics":[{"not_picked":["Busted Crown","Velvet Choker"],"picked":"Snecko Eye"}],"items_purged_floors":[13],"is_endless":false,"potions_floor_spawned":[7,11,18],"killed_by":"Snake Plant","ascension_level":17}