{"gold_per_floor":[114,66,85,85,85,85,116,116,139,163,206,206,224,268,268,268],"floor_reached":16,"playtime":737,"items_purged":[],"score":189,"play_id":"8ee94e60-7da6-4cf8-86b5-8bb4d4fb28d0","local_time":"20190512102840","is_ascension_mode":true,"campfire_choices":[{"data":"Dagger Spray","floor":6,"key":"SMITH"},{"data":"Crippling Poison","floor":8,"key":"SMITH"},{"floor":12,"key":"REST"},{"floor":15,"key":"REST"}],"neow_cost":"NONE","seed_source_timestamp":1348636013482395,"circlet_count":0,"master_deck":["AscendersBane","Defend_G","Defend_G","Defend_G","Defend_G","Defend_G","Strike_G","Strike_G+1","Strike_G","Strike_G","Strike_G","Survivor","Neutralize","Dash+1","Dagger Spray+1","Crippling Poison+1","Backflip","Deflect"],"relics":["Ring of the Snake","Bag of Preparation","Golden Idol","Blood Vial","Snake Skull","Lantern","Dream Catcher"],"potions_floor_usage":[7,11],"damage_taken":[{"damage":1,"enemies":"Jaw Worm","floor":1,"turns":5},{"damage":0,"enemies":"Cultist","floor":3,"turns":4},{"damage":12,"enemies":"Gremlin Nob","floor":7,"turns":4},{"damage":0,"enemies":"Small Slimes","floor":10,"turns":2},{"damage":9,"enemies":"Lagavulin","floor":11,"turns":6},{"damage":3,"enemies":"Red Slaver","floor":13,"turns":3},{"damage":17,"enemies":"3 Sentries","floor":14,"turns":6},{"damage":59,"enemies":"The Guardian","floor":16,"turns":20}],"seed_played":"-1372258122795803169","potions_obtained":[{"floor":1,"key":"Fire Potion"},{"floor":3,"key":"AttackPotion"}],"is_trial":false,"path_per_floor":["M","$","M","?","?","R","E","R","T","M","E","R","M","E","R","B"],"character_chosen":"THE_SILENT","items_purchased":["Dagger Spray"],"campfire_rested":2,"item_purchase_floors":[2],"current_hp_per_floor":[62,62,62,48,31,31,19,19,19,21,14,35,34,19,40,0],"gold":268,"neow_bonus":"RANDOM_COMMON_RELIC","is_prod":false,"is_daily":false,"chose_seed":false,"campfire_upgraded":2,"win_rate":0,"timestamp":1557649720,"path_taken":["M","$","M","?","?","R","E","R","T","M","E","R","M","E","R","BOSS"],"build_version":"2019-01-23","purchased_purges":0,"victory":false,"max_hp_per_floor":[70,70,70,70,70,70,70,70,70,70,70,70,70,70,70,70],"card_choices":[{"not_picked":["Endless Agony","Choke"],"picked":"Dash","floor":1},{"not_picked":["Flying Knee","Terror","Bane"],"picked":"SKIP","floor":3},{"not_picked":["Deflect","Bane"],"picked":"Crippling Poison","floor":7},{"not_picked":["Endless Agony","Slice","Quick Slash"],"picked":"SKIP","floor":10},{"not_picked":["Prepared","Leg Sweep","Choke"],"picked":"SKIP","floor":11},{"not_picked":["Underhanded Strike","Finisher","Slice"],"picked":"SKIP","floor":13},{"not_picked":["Predator","Dagger Throw"],"picked":"Backflip","floor":14},{"not_picked":["Quick Slash","Reflex"],"picked":"Deflect","floor":15}],"player_experience":566289,"relics_obtained":[{"floor":7,"key":"Blood Vial"},{"floor":9,"key":"Snake Skull"},{"floor":11,"key":"Lantern"},{"floor":14,"key":"Dream Catcher"}],"event_choices":[{"damage_healed":0,"gold_gain":0,"player_choice":"Entered Light","damage_taken":14,"max_hp_gain":0,"max_hp_loss":0,"event_name":"Shining Light","floor":4,"gold_loss":0,"cards_upgraded":["Dash","Strike_G"]},{"damage_healed":0,"gold_gain":0,"player_choice":"Take Damage","damage_taken":17,"relics_obtained":["Golden Idol"],"max_hp_gain":0,"max_hp_loss":0,"event_name":"Golden Idol","floor":5,"gold_loss":0}],"is_beta":false,"boss_relics":[],"items_purged_floors":[],"is_endless":false,"potions_floor_spawned":[1,3],"killed_by":"The Guardian","ascension_level":12}