{"gold_per_floor":[113,123,134,134,134,134,162,162,162,176,176,191,191,219,219,291,291,301,301,320,245,245],"floor_reached":22,"playtime":932,"items_purged":[],"score":388,"play_id":"cf5f0ec1-583b-40ed-9745-4ee7e33fb768","local_time":"20190109024148","is_ascension_mode":true,"campfire_choices":[{"data":"Crippling Poison","floor":6,"key":"SMITH"},{"floor":8,"key":"REST"},{"floor":11,"key":"REST"},{"floor":15,"key":"REST"}],"neow_cost":"NONE","seed_source_timestamp":550881063054083,"circlet_count":0,"master_deck":["AscendersBane","Defend_G","Defend_G","Defend_G","Defend_G","Defend_G","Strike_G","Strike_G","Strike_G","Strike_G","Survivor","Neutralize","Flying Knee","Flying Knee","Crippling Poison+1","Deadly Poison","Backflip","Calculated Gamble","Infinite Blades","Corpse Explosion","Expertise","Well Laid Plans"],"special_seed":0,"relics":["Sozu","Anchor","Question Card","The Courier","Regal Pillow","Strawberry","Eternal Feather"],"potions_floor_usage":[],"damage_taken":[{"damage":9.0,"enemies":"2 Louse","floor":1.0,"turns":4.0},{"damage":3,"enemies":"Small Slimes","floor":2,"turns":4},{"damage":11,"enemies":"Jaw Worm","floor":3,"turns":4},{"damage":41,"enemies":"3 Sentries","floor":7,"turns":12},{"damage":10,"enemies":"Large Slime","floor":10,"turns":5},{"damage":0,"enemies":"2 Fungi Beasts","floor":12,"turns":3},{"damage":23,"enemies":"Gremlin Nob","floor":14,"turns":4},{"damage":35,"enemies":"The Guardian","floor":16,"turns":13},{"damage":15,"enemies":"2 Thieves","floor":18,"turns":3},{"damage":44,"enemies":"Chosen","floor":20,"turns":6}],"seed_played":"4258537073395296028","potions_obtained":[],"is_trial":false,"path_per_floor":["M","M","M","?","?","R","E","R","T","M","R","M","T","E","R","B",null,"M","?","M","?","?"],"character_chosen":"THE_SILENT","items_purchased":[],"campfire_rested":3,"item_purchase_floors":[],"current_hp_per_floor":[50,47,36,31,53,53,12,31,31,21,40,40,40,24,60,25,61,46,46,2,2,0],"gold":245,"neow_bonus":"BOSS_RELIC","is_prod":false,"is_daily":false,"chose_seed":false,"campfire_upgraded":1,"win_rate":0,"timestamp":1546969308,"path_taken":["M","M","M","?","?","R","E","R","T","M","R","M","?","E","R","BOSS","M","?","M","?","?"],"build_version":"2019-01-07","purchased_purges":0,"victory":false,"max_hp_per_floor":[66,66,66,66,66,66,66,66,66,66,66,66,66,73,73,73,73,73,73,73,73,78],"card_choices":[{"not_picked":["Concentrate","Sucker Punch"],"picked":"Flying Knee","floor":1.0},{"not_picked":["Endless Agony","Dodge and Roll"],"picked":"Flying Knee","floor":2},{"not_picked":["Quick Slash","Tactician"],"picked":"Crippling Poison","floor":3},{"not_picked":["PiercingWail","Choke"],"picked":"Deadly Poison","floor":7},{"not_picked":["Dagger Throw","Heel Hook","Deadly Poison"],"picked":"Backflip","floor":10},{"not_picked":["Acrobatics","Backflip","Outmaneuver"],"picked":"Calculated Gamble","floor":12},{"not_picked":["PiercingWail","Sucker Punch","Finisher"],"picked":"Infinite Blades","floor":14},{"not_picked":["Grand Finale","Tools of the Trade","Unload"],"picked":"Corpse Explosion","floor":16},{"not_picked":["Deflect+1","Outmaneuver","Acrobatics"],"picked":"Expertise","floor":18},{"not_picked":["Backflip","Blur","Underhanded Strike"],"picked":"Well Laid Plans","floor":20}],"player_experience":2622699,"relics_obtained":[{"floor":7,"key":"Question Card"},{"floor":9,"key":"The Courier"},{"floor":13,"key":"Regal Pillow"},{"floor":14,"key":"Strawberry"}],"event_choices":[{"damage_healed":0,"gold_gain":0,"player_choice":"Success","damage_taken":5,"relics_obtained":["Anchor"],"max_hp_gain":0,"max_hp_loss":0,"event_name":"Scrap Ooze","floor":4,"gold_loss":0},{"damage_healed":22,"gold_gain":0,"player_choice":"Banana","damage_taken":0,"max_hp_gain":0,"max_hp_loss":0,"event_name":"Big Fish","floor":5,"gold_loss":0},{"damage_healed":0,"gold_gain":0,"player_choice":"Ignored","damage_taken":0,"max_hp_gain":0,"max_hp_loss":0,"event_name":"Ghosts","floor":19,"gold_loss":0},{"cards_removed":["Strike_G"],"damage_healed":0,"gold_gain":0,"player_choice":"Gave Gold","damage_taken":0,"max_hp_gain":0,"max_hp_loss":0,"event_name":"Beggar","floor":21,"gold_loss":75}],"is_beta":true,"boss_relics":[{"not_picked":["Orrery","Runic Dome"],"picked":"Eternal Feather"}],"items_purged_floors":[],"is_endless":false,"potions_floor_spawned":[2,10,14,20],"ascension_level":20}