{"gold_per_floor":[114,114,16,30,30,30,30,30,101,132,143,178,178,178,178,255,255,268,268,318,318,330,330,345,345,398,429,429,0,30,45,45,45],"floor_reached":33,"playtime":2093,"items_purged":["Writhe"],"score":728,"play_id":"7c56f7c8-0cdc-45da-a688-d08583983ad5","local_time":"20190307102933","is_ascension_mode":true,"campfire_choices":[{"data":"Skewer","floor":6.0,"key":"SMITH"},{"data":"Panacea","floor":8.0,"key":"SMITH"},{"data":"1","floor":13.0,"key":"LIFT"},{"data":"2","floor":15.0,"key":"LIFT"},{"data":"3","floor":23.0,"key":"LIFT"},{"data":"Cloak And Dagger","floor":25.0,"key":"SMITH"},{"data":"Reflex","floor":32.0,"key":"SMITH"}],"neow_cost":"NONE","seed_source_timestamp":0,"circlet_count":0,"master_deck":["AscendersBane","Defend_G","Defend_G","Defend_G","Defend_G","Defend_G","Strike_G","Strike_G+1","Strike_G+1","Strike_G","Survivor","Neutralize+1","Panacea+1","Skewer+1","Wraith Form v2+1","Escape Plan","Cloak And Dagger+1","Envenom+1","Terror","Backstab","Tools of the Trade+1","Flash of Steel+1","Reflex+1","Heel Hook+1"],"special_seed":0,"relics":["Ring of the Snake","NeowsBlessing","Frozen Egg 2","Orichalcum","Girya","Coffee Dripper","Whetstone","Calipers","Membership Card","Molten Egg 2","Question Card"],"potions_floor_usage":[33],"damage_taken":[{"damage":0.0,"enemies":"Small Slimes","floor":1.0,"turns":1.0},{"damage":0.0,"enemies":"2 Louse","floor":4.0,"turns":1.0},{"damage":0.0,"enemies":"Lagavulin","floor":10.0,"turns":1.0},{"damage":0.0,"enemies":"Cultist","floor":11.0,"turns":4.0},{"damage":10.0,"enemies":"3 Sentries","floor":12.0,"turns":14.0},{"damage":22.0,"enemies":"The Guardian","floor":16.0,"turns":16.0},{"damage":24.0,"enemies":"3 Byrds","floor":18.0,"turns":7.0},{"damage":0.0,"enemies":"Colosseum Slavers","floor":19.0,"turns":4.0},{"damage":0.0,"enemies":"Spheric Guardian","floor":22.0,"turns":5.0},{"damage":0.0,"enemies":"Snake Plant","floor":24.0,"turns":5.0},{"damage":0.0,"enemies":"Gremlin Leader","floor":27.0,"turns":4.0},{"damage":0.0,"enemies":"Book of Stabbing","floor":30.0,"turns":5.0},{"damage":0.0,"enemies":"Centurion and Healer","floor":31.0,"turns":5.0},{"damage":57,"enemies":"Champ","floor":33,"turns":9}],"seed_played":"195678743345434204","potions_obtained":[{"floor":4.0,"key":"SkillPotion"},{"floor":10.0,"key":"Weak Potion"},{"floor":11.0,"key":"EssenceOfSteel"},{"floor":18.0,"key":"Energy Potion"},{"floor":27.0,"key":"LiquidBronze"}],"is_trial":false,"path_per_floor":["M","?","$","M","?","R","?","R","T","E","M","E","R","?","R","B",null,"M","?","?","?","M","R","M","R","T","E","?","$","E","M","R","B"],"character_chosen":"THE_SILENT","items_purchased":["Panacea","Membership Card","Molten Egg 2","Flash of Steel+1"],"campfire_rested":0,"item_purchase_floors":[3,29,29,29],"current_hp_per_floor":[59,59,59,59,64,64,64,64,64,64,64,54,54,54,54,32,61,37,37,37,37,37,37,37,37,37,37,37,37,37,37,37,0],"gold":45,"neow_bonus":"THREE_ENEMY_KILL","is_prod":false,"is_daily":false,"chose_seed":false,"campfire_upgraded":4,"win_rate":0,"timestamp":1551922173,"path_taken":["M","?","$","M","?","R","?","R","T","E","M","E","R","?","R","BOSS","M","?","?","?","M","R","M","R","T","E","?","$","E","M","R","BOSS"],"build_version":"2019-02-06","purchased_purges":1,"victory":false,"max_hp_per_floor":[66,66,66,66,71,71,71,71,71,71,71,71,71,71,71,71,71,71,71,71,71,71,71,71,71,71,71,71,71,71,71,71,71],"card_choices":[{"not_picked":["Dagger Throw","Blade Dance","Slice"],"picked":"SKIP","floor":1.0},{"not_picked":["Dagger Throw","Accuracy"],"picked":"Skewer","floor":4.0},{"not_picked":["Riddle With Holes","Prepared"],"picked":"Wraith Form v2+1","floor":10.0},{"not_picked":["Underhanded Strike","Masterful Stab"],"picked":"Escape Plan","floor":11.0},{"not_picked":["Eviscerate","Crippling Poison"],"picked":"Cloak And Dagger","floor":12.0},{"not_picked":["Grand Finale","Die Die Die"],"picked":"Envenom+1","floor":16.0},{"not_picked":["Choke","Distraction"],"picked":"Terror","floor":18.0},{"not_picked":["Poisoned Stab+1","PiercingWail"],"picked":"Backstab","floor":22.0},{"not_picked":["Crippling Poison","Distraction","Reflex"],"picked":"SKIP","floor":24.0},{"not_picked":["Backflip","Quick Slash"],"picked":"Tools of the Trade+1","floor":27.0},{"not_picked":["Setup","Quick Slash+1"],"picked":"Reflex","floor":30.0},{"not_picked":["Backflip","Eviscerate+1","Crippling Poison"],"picked":"Heel Hook+1","floor":31.0}],"player_experience":2642002,"relics_obtained":[{"floor":9.0,"key":"Frozen Egg 2"},{"floor":10.0,"key":"Orichalcum"},{"floor":12.0,"key":"Girya"},{"floor":27.0,"key":"Whetstone"},{"floor":30.0,"key":"Question Card"}],"event_choices":[{"damage_healed":0.0,"max_hp_gain":0.0,"max_hp_loss":0.0,"gold_gain":0.0,"event_name":"Living Wall","player_choice":"Grow","floor":2.0,"gold_loss":0.0,"damage_taken":0.0,"cards_upgraded":["Neutralize"]},{"damage_healed":0.0,"max_hp_gain":5.0,"max_hp_loss":0.0,"gold_gain":0.0,"event_name":"Big Fish","player_choice":"Donut","floor":5.0,"gold_loss":0.0,"damage_taken":0.0},{"damage_healed":0.0,"max_hp_gain":0.0,"max_hp_loss":0.0,"gold_gain":0.0,"event_name":"The Cleric","player_choice":"Leave","floor":7.0,"gold_loss":0.0,"damage_taken":0.0},{"cards_removed":["Strike_G"],"damage_healed":0.0,"max_hp_gain":0.0,"max_hp_loss":0.0,"gold_gain":0.0,"event_name":"Purifier","player_choice":"Purged","floor":14.0,"gold_loss":0.0,"damage_taken":0.0},{"damage_healed":0.0,"max_hp_gain":0.0,"max_hp_loss":0.0,"gold_gain":0.0,"event_name":"Colosseum","player_choice":"Fight","floor":19.0,"gold_loss":0.0,"damage_taken":0.0},{"damage_healed":0.0,"max_hp_gain":0.0,"max_hp_loss":0.0,"gold_gain":0.0,"event_name":"Colosseum","player_choice":"Fled From Nobs","floor":19.0,"gold_loss":0.0,"damage_taken":0.0},{"damage_healed":0.0,"max_hp_gain":0.0,"max_hp_loss":0.0,"gold_gain":50.0,"event_name":"Nest","player_choice":"Stole From Cult","floor":20.0,"gold_loss":0.0,"damage_taken":0.0},{"damage_healed":0.0,"max_hp_gain":0.0,"max_hp_loss":0.0,"gold_gain":0.0,"event_name":"Cursed Tome","player_choice":"Ignored","floor":21.0,"gold_loss":0.0,"damage_taken":0.0},{"damage_healed":0.0,"max_hp_gain":0.0,"max_hp_loss":0.0,"gold_gain":0.0,"event_name":"The Mausoleum","player_choice":"Opened","floor":28.0,"gold_loss":0.0,"damage_taken":0.0,"relics_obtained":["Calipers"],"cards_obtained":["Writhe"]}],"is_beta":true,"boss_relics":[{"not_picked":["Empty Cage","Philosopher\u0027s Stone"],"picked":"Coffee Dripper"}],"items_purged_floors":[29],"is_endless":false,"potions_floor_spawned":[4,10,11,18,27],"killed_by":"Champ","ascension_level":20}