{"gold_per_floor":[111,130,130,15,15,54,54,69,69,87,12,56,4,22,22,150,150,163,163,163,186,109,140,140],"floor_reached":24,"playtime":1018,"items_purged":[],"score":311,"play_id":"eef1ac72-c612-4792-80fe-ed0572471016","local_time":"20180626113403","is_ascension_mode":true,"campfire_choices":[{"data":"Dark Shackles","floor":7.0,"key":"SMITH"},{"floor":15.0,"key":"REST"}],"neow_cost":"","seed_source_timestamp":0,"circlet_count":0,"master_deck":["Defend_B","Defend_B","Defend_B","Defend_B","Zap","Dualcast","Ball Lightning","Injury","Leap","Dark Shackles+1","Streamline","Hello World","Ball Lightning","Chaos","Cold Snap","Conserve Battery","Sweeping Beam","Seek","Static Discharge","Ghostly","Ghostly","Ghostly","Ghostly","Ghostly","Bite","Bite","Bite","Bite","Bite","Defragment","J.A.X.","Gash"],"special_seed":0,"relics":["Cracked Core","NeowsBlessing","Golden Idol","Cables","Sundial","Eternal Feather","Ornamental Fan"],"potions_floor_usage":[],"damage_taken":[{"damage":0.0,"enemies":"Small Slimes","floor":1.0,"turns":1.0},{"damage":0.0,"enemies":"Jaw Worm","floor":2.0,"turns":1.0},{"damage":0.0,"enemies":"3 Sentries","floor":6.0,"turns":2.0},{"damage":0.0,"enemies":"Cultist","floor":8.0,"turns":3.0},{"damage":14.0,"enemies":"Blue Slaver","floor":10.0,"turns":3.0},{"damage":16.0,"enemies":"Lagavulin","floor":12.0,"turns":4.0},{"damage":15.0,"enemies":"Exordium Thugs","floor":14.0,"turns":5.0},{"damage":41.0,"enemies":"Hexaghost","floor":16.0,"turns":9.0},{"damage":37,"enemies":"3 Byrds","floor":18,"turns":5},{"damage":12,"enemies":"Shell Parasite","floor":21,"turns":6},{"damage":33,"enemies":"Book of Stabbing","floor":23,"turns":5},{"damage":6,"enemies":"Cultist and Chosen","floor":24,"turns":3}],"seed_played":"-6998026686302089712","potions_obtained":[{"floor":10.0,"key":"Regen Potion"},{"floor":14.0,"key":"Ancient Potion"},{"floor":21,"key":"Ancient Potion"},{"floor":23,"key":"FearPotion"}],"is_trial":false,"path_per_floor":["M","M","?","$","?","E","R","M","T","M","$","E","$","M","R","B",null,"M","?","?","M","?","E"],"character_chosen":"DEFECT","items_purchased":["Leap","Dark Shackles","Chaos","Conserve Battery"],"campfire_rested":1,"item_purchase_floors":[],"current_hp_per_floor":[75,75,75,75,75,75,75,75,75,61,61,52,52,39,61,22,75,38,37,37,28,28,1,0],"gold":140,"neow_bonus":"","is_prod":false,"is_daily":false,"chose_seed":false,"campfire_upgraded":1,"win_rate":0.0,"timestamp":1530030843,"path_taken":["M","M","?","?","?","E","R","M","T","?","$","E","$","M","R","BOSS","M","?","?","?","?","E","M"],"build_version":"2018-06-21v2","purchased_purges":0,"victory":false,"max_hp_per_floor":[75,75,75,75,75,75,75,75,75,75,75,75,75,75,75,75,75,75,37,37,37,37,37,37],"card_choices":[{"not_picked":["Go for the Eyes","Reinforced Body"],"picked":"Ball Lightning","floor":1.0},{"not_picked":["Go for the Eyes","Rebound"],"picked":"Redo","floor":2.0},{"not_picked":["Turbo","Barrage"],"picked":"Streamline","floor":6.0},{"not_picked":["Turbo","Stack"],"picked":"Hello World","floor":8.0},{"not_picked":["Darkness","Compile Driver"],"picked":"Ball Lightning","floor":10.0},{"not_picked":["Stack","Barrage"],"picked":"Cold Snap","floor":12.0},{"not_picked":["Steam Power","Turbo"],"picked":"Sweeping Beam","floor":14.0},{"not_picked":["Multi-Cast","Amplify"],"picked":"Seek","floor":16.0},{"not_picked":["Redo","Cold Snap"],"picked":"Static Discharge","floor":18},{"not_picked":["Ball Lightning","Compile Driver+1"],"picked":"Defragment","floor":21},{"not_picked":["Coolheaded","Streamline"],"picked":"Gash","floor":23}],"player_experience":224967,"relics_obtained":[{"floor":6.0,"key":"Cables"},{"floor":9.0,"key":"Blood Vial"},{"floor":12.0,"key":"Sundial"},{"floor":23,"key":"Ornamental Fan"}],"event_choices":[{"event_name":"Golden Idol","player_choice":"Take Wound","floor":3.0,"damage_taken":0.0},{"event_name":"Bonfire Elementals","player_choice":"COMMON","floor":5.0,"damage_taken":0.0},{"event_name":"Ghosts","player_choice":"Became a Ghost","floor":19,"damage_taken":0},{"event_name":"Vampires","player_choice":"Became a vampire (Vial)","floor":20,"damage_taken":0},{"event_name":"Drug Dealer","player_choice":"Got JAXXED","floor":22,"damage_taken":0}],"boss_relics":[{"not_picked":["Orrery","Busted Crown"],"picked":"Eternal Feather"}],"items_purged_floors":[],"is_endless":false,"potions_floor_spawned":[10,14,21,23],"killed_by":"Cultist and Chosen","ascension_level":1}