{"gold_per_floor":[112,262,262,262,275,275,290,290,345,345,373,392,419,344,344,419,419,319,319,319,319,319,319,319,319,319,319,319,319,319,15,15,15,15,15,15,15,15,15,15,15,15,15,15,15,15,15,15,15,15,15,15,15,15,15,15],"floor_reached":56,"playtime":6143,"items_purged":["Strike_G"],"score":1956,"play_id":"5d11cf3e-0fd8-4088-826a-bcca33c5d6e7","local_time":"20190307233013","is_ascension_mode":true,"campfire_choices":[{"data":"Noxious Fumes","floor":6.0,"key":"SMITH"},{"data":"Neutralize","floor":8.0,"key":"SMITH"},{"data":"Dash","floor":10.0,"key":"SMITH"},{"data":"Footwork","floor":15.0,"key":"SMITH"},{"data":"Well Laid Plans","floor":23.0,"key":"SMITH"},{"floor":25.0,"key":"REST"},{"data":"Bouncing Flask","floor":27.0,"key":"SMITH"},{"data":"Expertise","floor":30.0,"key":"SMITH"},{"data":"Cloak And Dagger","floor":32.0,"key":"SMITH"},{"floor":40.0,"key":"RECALL"},{"floor":42.0,"key":"DIG"},{"floor":44.0,"key":"DIG"},{"floor":49.0,"key":"REST"},{"floor":53.0,"key":"DIG"}],"neow_cost":"NONE","seed_source_timestamp":680699818409118,"circlet_count":0,"master_deck":["AscendersBane","Defend_G","Defend_G","Defend_G","Defend_G","Defend_G","Strike_G","Survivor","Neutralize+1","Noxious Fumes+1","Dash+1","Deflect","Footwork+1","Cloak And Dagger+1","Bouncing Flask+1","Adrenaline","Well Laid Plans+1","Footwork+1","Backflip","Dodge and Roll","Expertise+1","Deflect","Bullet Time","Footwork","Deep Breath","Purity","Pain","Deflect+1","Backflip"],"special_seed":0,"relics":["Eternal Feather","Oddly Smooth Stone","Gambling Chip","Pen Nib","Ectoplasm","Torii","Bag of Preparation","Busted Crown","Shovel","WarpedTongs","Blood Vial","Kunai","Ancient Tea Set","Dream Catcher","Letter Opener","Anchor"],"potions_floor_usage":[],"damage_taken":[{"damage":11.0,"enemies":"Cultist","floor":1.0,"turns":6.0},{"damage":9.0,"enemies":"2 Louse","floor":5.0,"turns":4.0},{"damage":8.0,"enemies":"Jaw Worm","floor":7.0,"turns":5.0},{"damage":25.0,"enemies":"3 Sentries","floor":11.0,"turns":8.0},{"damage":0.0,"enemies":"2 Fungi Beasts","floor":12.0,"turns":5.0},{"damage":0.0,"enemies":"Lagavulin","floor":13.0,"turns":8.0},{"damage":39.0,"enemies":"Slime Boss","floor":16.0,"turns":9.0},{"damage":4.0,"enemies":"2 Thieves","floor":18.0,"turns":5.0},{"damage":9.0,"enemies":"Shell Parasite","floor":20.0,"turns":6.0},{"damage":26.0,"enemies":"Cultist and Chosen","floor":21.0,"turns":7.0},{"damage":0.0,"enemies":"Snecko","floor":22.0,"turns":6.0},{"damage":16.0,"enemies":"Shelled Parasite and Fungi","floor":24.0,"turns":6.0},{"damage":23.0,"enemies":"Cultist and Chosen","floor":28.0,"turns":8.0},{"damage":0.0,"enemies":"Book of Stabbing","floor":29.0,"turns":7.0},{"damage":1.0,"enemies":"Champ","floor":33.0,"turns":16.0},{"damage":0.0,"enemies":"3 Shapes","floor":35.0,"turns":6.0},{"damage":0.0,"enemies":"Mind Bloom Boss Battle","floor":37.0,"turns":8.0},{"damage":3.0,"enemies":"Orb Walker","floor":45.0,"turns":5.0},{"damage":2.0,"enemies":"Maw","floor":46.0,"turns":10.0},{"damage":43.0,"enemies":"Reptomancer","floor":47.0,"turns":12.0},{"damage":10.0,"enemies":"3 Darklings","floor":48.0,"turns":7.0},{"damage":7.0,"enemies":"Donu and Deca","floor":50.0,"turns":15.0},{"damage":16.0,"enemies":"Time Eater","floor":51.0,"turns":19.0},{"damage":32.0,"enemies":"Shield and Spear","floor":55.0,"turns":10.0},{"damage":41,"enemies":"The Heart","floor":56,"turns":2}],"seed_played":"3081202131531462174","potions_obtained":[{"floor":5.0,"key":"Strength Potion"},{"floor":7.0,"key":"Swift Potion"},{"floor":11.0,"key":"Regen Potion"},{"floor":12.0,"key":"Energy Potion"},{"floor":24.0,"key":"LiquidBronze"},{"floor":28.0,"key":"Poison Potion"},{"floor":33.0,"key":"Fruit Juice"},{"floor":45.0,"key":"Dexterity Potion"},{"floor":47.0,"key":"SkillPotion"}],"is_trial":false,"path_per_floor":["M","?","?","?","M","R","M","R","T","R","E","M","E","?","R","B",null,"M","?","M","M","M","R","M","R","T","R","M","E","R","$","R","B",null,"M","?","?","$","?","R","?","R","T","R","M","M","E","M","R","B","B",null,"R","$","E","B"],"character_chosen":"THE_SILENT","items_purchased":["Bag of Preparation","Deflect"],"campfire_rested":2,"item_purchase_floors":[31,31],"current_hp_per_floor":[48,48,48,48,39,45,37,46,46,55,30,44,44,44,53,14,53,49,49,40,14,14,26,10,41,41,53,30,30,42,42,54,53,63,68,58,58,58,58,71,71,71,71,71,68,68,27,19,55,50,36,62,71,71,39,0],"gold":15,"neow_bonus":"BOSS_RELIC","is_prod":false,"is_daily":false,"chose_seed":false,"campfire_upgraded":8,"win_rate":0,"timestamp":1551969013,"path_taken":["M","?","?","?","?","R","M","R","T","R","E","M","E","?","R","BOSS","M","?","M","M","M","R","M","R","T","R","M","E","R","?","R","BOSS","M","?","?","$","?","R","?","R","T","R","M","?","E","M","R","BOSS","BOSS","R","$","E","BOSS"],"build_version":"2019-02-06","purchased_purges":1,"victory":false,"max_hp_per_floor":[66,66,66,66,66,66,66,66,66,66,66,66,66,66,66,66,66,66,66,66,66,66,66,66,66,66,66,66,66,66,66,66,66,66,71,71,71,71,71,71,71,71,71,71,71,71,71,71,71,71,71,71,71,71,71,71],"card_choices":[{"not_picked":["Outmaneuver","Blade Dance"],"picked":"Noxious Fumes","floor":1.0},{"not_picked":["Bane","Infinite Blades"],"picked":"Dash","floor":5.0},{"not_picked":["Deadly Poison","Outmaneuver"],"picked":"Deflect","floor":7.0},{"not_picked":["Backstab","Backflip"],"picked":"Footwork","floor":11.0},{"not_picked":["Sucker Punch","Prepared"],"picked":"Cloak And Dagger","floor":12.0},{"not_picked":["Blade Dance","Outmaneuver"],"picked":"Bouncing Flask","floor":13.0},{"not_picked":["Grand Finale","Storm of Steel"],"picked":"Adrenaline","floor":16.0},{"not_picked":["Noxious Fumes","Quick Slash"],"picked":"Well Laid Plans","floor":18.0},{"not_picked":["Flying Knee","Bane","Prepared"],"picked":"SKIP","floor":20.0},{"not_picked":["Dagger Throw","Cloak And Dagger"],"picked":"Backflip","floor":21.0},{"not_picked":["Cloak And Dagger","Flechettes"],"picked":"Dodge and Roll","floor":22.0},{"not_picked":["Acrobatics","Poisoned Stab","Sucker Punch"],"picked":"SKIP","floor":24.0},{"not_picked":["Dagger Throw","Tactician","Bouncing Flask+1"],"picked":"SKIP","floor":28.0},{"not_picked":["Dagger Spray","Prepared"],"picked":"Expertise","floor":29.0},{"not_picked":["Grand Finale","Wraith Form v2"],"picked":"Bullet Time","floor":33.0},{"not_picked":[],"picked":"Footwork","floor":35.0},{"not_picked":[],"picked":"Deep Breath","floor":36.0},{"not_picked":[],"picked":"Purity","floor":36.0},{"not_picked":["Dagger Throw"],"picked":"SKIP","floor":45.0},{"not_picked":["Bane+1"],"picked":"SKIP","floor":46.0},{"not_picked":[],"picked":"Deflect+1","floor":47.0},{"not_picked":["Backstab+1"],"picked":"SKIP","floor":48.0},{"not_picked":[],"picked":"Backflip","floor":55.0}],"player_experience":2645681,"relics_obtained":[{"floor":9.0,"key":"Oddly Smooth Stone"},{"floor":11.0,"key":"Gambling Chip"},{"floor":13.0,"key":"Pen Nib"},{"floor":29.0,"key":"Torii"},{"floor":37.0,"key":"Shovel"},{"floor":42.0,"key":"Blood Vial"},{"floor":43.0,"key":"Kunai"},{"floor":44.0,"key":"Ancient Tea Set"},{"floor":47.0,"key":"Dream Catcher"},{"floor":53.0,"key":"Letter Opener"},{"floor":55.0,"key":"Anchor"}],"event_choices":[{"damage_healed":0.0,"max_hp_gain":0.0,"max_hp_loss":0.0,"gold_gain":150.0,"event_name":"Liars Game","player_choice":"AGREE","floor":2.0,"gold_loss":0.0,"damage_taken":0.0,"cards_obtained":["Doubt"]},{"cards_removed":["Doubt"],"damage_healed":0.0,"max_hp_gain":0.0,"max_hp_loss":0.0,"gold_gain":0.0,"event_name":"Living Wall","player_choice":"Forget","floor":3.0,"gold_loss":0.0,"damage_taken":0.0},{"cards_removed":["Strike_G"],"damage_healed":0.0,"max_hp_gain":0.0,"max_hp_loss":0.0,"gold_gain":0.0,"event_name":"Purifier","player_choice":"Purged","floor":4.0,"gold_loss":0.0,"damage_taken":0.0},{"cards_removed":["Strike_G"],"damage_healed":0.0,"max_hp_gain":0.0,"max_hp_loss":0.0,"gold_gain":0.0,"event_name":"The Cleric","player_choice":"Card Removal","floor":14.0,"gold_loss":75.0,"damage_taken":0.0},{"damage_healed":0.0,"max_hp_gain":0.0,"max_hp_loss":0.0,"gold_gain":0.0,"event_name":"Duplicator","player_choice":"Copied","floor":19.0,"gold_loss":0.0,"damage_taken":0.0,"cards_obtained":["Footwork"]},{"damage_healed":0.0,"max_hp_gain":0.0,"max_hp_loss":0.0,"gold_gain":0.0,"event_name":"SensoryStone","player_choice":"Memory 3","floor":36.0,"gold_loss":0.0,"damage_taken":10.0},{"damage_healed":0.0,"max_hp_gain":0.0,"max_hp_loss":0.0,"gold_gain":0.0,"event_name":"MindBloom","player_choice":"Fight","floor":37.0,"gold_loss":0.0,"damage_taken":0.0},{"cards_removed":["Strike_G"],"damage_healed":0.0,"max_hp_gain":0.0,"max_hp_loss":0.0,"gold_gain":0.0,"event_name":"Falling","player_choice":"Removed Attack","floor":39.0,"gold_loss":0.0,"damage_taken":0.0},{"damage_healed":0.0,"max_hp_gain":0.0,"max_hp_loss":0.0,"gold_gain":0.0,"event_name":"Accursed Blacksmith","player_choice":"Rummage","floor":41.0,"gold_loss":0.0,"damage_taken":0.0,"relics_obtained":["WarpedTongs"],"cards_obtained":["Pain"]}],"is_beta":true,"boss_relics":[{"not_picked":["WristBlade","Astrolabe"],"picked":"Ectoplasm"},{"not_picked":["Snecko Eye","Runic Dome"],"picked":"Busted Crown"}],"items_purged_floors":[31],"is_endless":false,"potions_floor_spawned":[5,7,11,12,24,28,33,45,47,48],"killed_by":"The Heart","ascension_level":20}