{"gold_per_floor":[111,125,125,139,13,13,31,31,58,23,23,23,23,57,57,57],"floor_reached":16,"playtime":657,"items_purged":["Defend_G"],"score":98,"play_id":"37cab6eb-0f46-4236-8f29-d893e389ee90","local_time":"20181205230646","is_ascension_mode":false,"campfire_choices":[{"data":"Blade Dance","floor":6,"key":"SMITH"},{"data":"Choke","floor":11,"key":"SMITH"},{"floor":13,"key":"REST"},{"floor":15,"key":"REST"}],"neow_cost":"NONE","seed_source_timestamp":292819539399643,"circlet_count":0,"master_deck":["Defend_G","Defend_G","Defend_G","Defend_G","Strike_G","Strike_G","Strike_G","Strike_G","Strike_G","Survivor","Neutralize","Bullet Time+1","Choke+1","Flying Knee","Cloak And Dagger","Blade Dance+1","Burst"],"relics":["Ring of the Snake","Ancient Tea Set","Lantern","Bag of Preparation"],"potions_floor_usage":[16],"damage_taken":[{"damage":3,"enemies":"Jaw Worm","floor":1,"turns":5},{"damage":0,"enemies":"Cultist","floor":2,"turns":4},{"damage":5,"enemies":"2 Louse","floor":4,"turns":3},{"damage":7,"enemies":"2 Fungi Beasts","floor":7,"turns":3},{"damage":20,"enemies":"Gremlin Nob","floor":14,"turns":4},{"damage":74,"enemies":"The Guardian","floor":16,"turns":10}],"seed_played":"4877817366320720980","potions_obtained":[{"floor":4,"key":"Energy Potion"}],"is_trial":false,"path_per_floor":["M","M","?","M","$","R","M","?","T","?","R","$","R","E","R","B"],"character_chosen":"THE_SILENT","items_purchased":["Blade Dance"],"campfire_rested":2,"item_purchase_floors":[5],"current_hp_per_floor":[67,67,67,62,62,62,55,30,30,47,47,47,68,48,69,0],"gold":57,"neow_bonus":"ONE_RANDOM_RARE_CARD","is_prod":false,"is_daily":false,"chose_seed":false,"campfire_upgraded":2,"win_rate":0,"timestamp":1544018806,"path_taken":["M","M","?","?","$","R","M","?","T","?","R","$","R","E","R","BOSS"],"build_version":"2018-11-15","purchased_purges":1,"victory":false,"max_hp_per_floor":[70,70,70,70,70,70,70,70,70,70,70,70,70,70,70,70],"card_choices":[{"not_picked":["Deflect","Blur"],"picked":"Choke","floor":1},{"not_picked":["Dodge and Roll","Underhanded Strike"],"picked":"Flying Knee","floor":2},{"not_picked":["Dagger Spray","Slice"],"picked":"Cloak And Dagger","floor":4},{"not_picked":["Flying Knee","Bane","Dagger Spray"],"picked":"SKIP","floor":7},{"not_picked":["PiercingWail","Venomology"],"picked":"Burst","floor":14}],"player_experience":111550,"relics_obtained":[{"floor":9,"key":"Lantern"},{"floor":14,"key":"Bag of Preparation"}],"event_choices":[{"damage_healed":0,"gold_gain":0,"player_choice":"Upgraded","damage_taken":0,"max_hp_gain":0,"max_hp_loss":0,"event_name":"Upgrade Shrine","floor":3,"gold_loss":0,"cards_upgraded":["Bullet Time"]},{"damage_healed":0,"gold_gain":0,"player_choice":"Success","damage_taken":25,"relics_obtained":["Ancient Tea Set"],"max_hp_gain":0,"max_hp_loss":0,"event_name":"Scrap Ooze","floor":8,"gold_loss":0},{"damage_healed":17,"gold_gain":0,"player_choice":"Healed","damage_taken":0,"max_hp_gain":0,"max_hp_loss":0,"event_name":"The Cleric","floor":10,"gold_loss":35}],"is_beta":false,"boss_relics":[],"items_purged_floors":[5],"is_endless":false,"potions_floor_spawned":[4],"killed_by":"The Guardian","ascension_level":0}