{"gold_per_floor":[117,40,40,52,91,131,143,430,442,454,641,671,683,726,738,850,862,887,1,1,1,1,1,1],"floor_reached":24,"playtime":429,"items_purged":[],"score":232,"play_id":"1d03f4f6-0eab-48f4-9352-d26b2b6d4103","local_time":"20181029100625","is_ascension_mode":true,"campfire_choices":[{"data":"Static Discharge","floor":7.0,"key":"SMITH"},{"data":"Loop","floor":10.0,"key":"SMITH"},{"floor":15.0,"key":"REST"},{"data":"Capacitor","floor":23.0,"key":"SMITH"}],"neow_cost":"NONE","seed_source_timestamp":74454679801531,"circlet_count":0,"master_deck":["Strike_B","Strike_B","Strike_B","Strike_B","Defend_B","Defend_B","Defend_B","Defend_B","Zap","Dualcast","Static Discharge+1","Loop+1","Ball Lightning+1","Streamline+1","Barrage+1","Rainbow","Capacitor+1","Capacitor","Fusion","Rebound+1","Shame"],"special_seed":0,"relics":["Cracked Core","NeowsBlessing","MawBank","Smiling Mask","Molten Egg 2","Dodecahedron","Meat on the Bone","Matryoshka","Black Star","Bottled Tornado","Mango","MealTicket","Toxic Egg 2"],"potions_floor_usage":[],"damage_taken":[{"damage":0.0,"enemies":"Small Slimes","floor":1.0,"turns":1.0},{"damage":0.0,"enemies":"Gremlin Nob","floor":6.0,"turns":1.0},{"damage":0.0,"enemies":"2 Louse","floor":12.0,"turns":1.0},{"damage":36.0,"enemies":"Lagavulin","floor":14.0,"turns":4.0},{"damage":53.0,"enemies":"Hexaghost","floor":16.0,"turns":4.0},{"damage":11.0,"enemies":"Spheric Guardian","floor":18.0,"turns":3.0},{"damage":84,"enemies":"Slavers","floor":24,"turns":3}],"seed_played":"-4065541579307829546","potions_obtained":[{"floor":1.0,"key":"FearPotion"}],"is_trial":false,"path_per_floor":["M","$","?","?","T","E","R","?","T","R","?","M","?","E","R","B",null,"M","$","?","$","?","R"],"character_chosen":"DEFECT","items_purchased":["Loop","Bottled Tornado","Mango","MealTicket","Capacitor","Fusion","Rebound+1"],"campfire_rested":1,"item_purchase_floors":[2,19,19,19,19,19,19],"current_hp_per_floor":[75,75,68,68,68,68,68,68,68,68,68,68,68,44,66,25,75,64,78,78,78,78,78,0],"gold":1,"neow_bonus":"THREE_ENEMY_KILL","is_prod":false,"is_daily":false,"chose_seed":true,"campfire_upgraded":3,"win_rate":0,"timestamp":1540825585,"path_taken":["M","$","?","?","?","E","R","?","T","R","?","?","?","E","R","BOSS","M","$","?","?","?","R","E"],"build_version":"2018-10-18","purchased_purges":0,"victory":false,"max_hp_per_floor":[75,75,75,75,75,75,75,75,75,75,75,75,75,75,75,75,75,75,89,89,89,89,89,89],"card_choices":[{"not_picked":["Tempest","Rebound"],"picked":"Static Discharge","floor":1.0},{"not_picked":["Rebound","Go for the Eyes"],"picked":"Ball Lightning","floor":6.0},{"not_picked":["Undo","Self Repair"],"picked":"Streamline+1","floor":12.0},{"not_picked":["Leap","Ball Lightning+1"],"picked":"Barrage+1","floor":14.0},{"not_picked":["Machine Learning","Meteor Strike+1"],"picked":"Rainbow","floor":16.0},{"not_picked":["Go for the Eyes+1","Streamline+1"],"picked":"Capacitor","floor":18.0}],"player_experience":379179,"relics_obtained":[{"floor":5.0,"key":"Smiling Mask"},{"floor":6.0,"key":"Molten Egg 2"},{"floor":9.0,"key":"Dodecahedron"},{"floor":14.0,"key":"Matryoshka"}],"event_choices":[{"damage_healed":0.0,"max_hp_gain":0.0,"max_hp_loss":0.0,"gold_gain":0.0,"event_name":"Scrap Ooze","player_choice":"Success","floor":3.0,"gold_loss":0.0,"damage_taken":7.0,"relics_obtained":["MawBank"]},{"damage_healed":0.0,"max_hp_gain":0.0,"max_hp_loss":0.0,"gold_gain":0.0,"event_name":"Golden Wing","player_choice":"Ignored","floor":4.0,"gold_loss":0.0,"damage_taken":0.0},{"damage_healed":0.0,"max_hp_gain":0.0,"max_hp_loss":0.0,"gold_gain":275.0,"event_name":"Golden Shrine","player_choice":"Desecrate","floor":8.0,"gold_loss":0.0,"damage_taken":0.0,"cards_obtained":["Regret"]},{"damage_healed":0.0,"max_hp_gain":0.0,"max_hp_loss":0.0,"gold_gain":175.0,"event_name":"Liars Game","player_choice":"AGREE","floor":11.0,"gold_loss":0.0,"damage_taken":0.0,"cards_obtained":["Doubt"]},{"damage_healed":0.0,"max_hp_gain":0.0,"max_hp_loss":0.0,"gold_gain":0.0,"event_name":"Big Fish","player_choice":"Box","floor":13.0,"gold_loss":0.0,"damage_taken":0.0,"relics_obtained":["Meat on the Bone"],"cards_obtained":["Regret"]},{"cards_removed":["Regret","Doubt","Regret"],"damage_healed":0.0,"max_hp_gain":0.0,"max_hp_loss":0.0,"gold_gain":0.0,"event_name":"Fountain of Cleansing","player_choice":"Removed Curses","floor":20.0,"gold_loss":0.0,"damage_taken":0.0},{"damage_healed":0.0,"max_hp_gain":0.0,"max_hp_loss":0.0,"gold_gain":0.0,"event_name":"Addict","player_choice":"Stole Relic","floor":22.0,"gold_loss":0.0,"damage_taken":0.0,"relics_obtained":["Toxic Egg 2"],"cards_obtained":["Shame"]}],"is_beta":false,"boss_relics":[{"not_picked":["Coffee Dripper","Velvet Choker"],"picked":"Black Star"}],"items_purged_floors":[],"is_endless":false,"potions_floor_spawned":[1],"killed_by":"Slavers","ascension_level":1}