{"gold_per_floor":[116,126,136,155,175,175,185,185,185,185,212,224,248,260,272,355,367,391,403,256,256],"floor_reached":21,"playtime":1247,"items_purged":["Slice"],"score":335,"play_id":"d3703726-2884-4313-a6b5-0426cbe7ffaa","local_time":"20190408223034","is_ascension_mode":true,"campfire_choices":[{"data":"Neutralize","floor":6.0,"key":"SMITH"},{"data":"Malaise","floor":8.0,"key":"SMITH"},{"data":"Well Laid Plans","floor":12,"key":"SMITH"},{"data":"Calculated Gamble","floor":15,"key":"SMITH"}],"neow_cost":"NONE","seed_source_timestamp":3447238983878243,"circlet_count":0,"master_deck":["AscendersBane","Defend_G","Defend_G+1","Defend_G+1","Defend_G","Defend_G","Strike_G","Strike_G","Strike_G","Strike_G","Strike_G","Survivor","Neutralize+1","Backflip","Well Laid Plans+1","Malaise+1","Terror","Calculated Gamble+1","Leg Sweep","Sucker Punch+1","Corpse Explosion","Footwork"],"special_seed":0,"relics":["Ring of the Snake","Regal Pillow","Sundial","Molten Egg 2","MawBank","Snecko Eye"],"potions_floor_usage":[11,13,21],"damage_taken":[{"damage":0.0,"enemies":"Cultist","floor":1.0,"turns":5.0},{"damage":0.0,"enemies":"2 Louse","floor":2.0,"turns":3.0},{"damage":1.0,"enemies":"Small Slimes","floor":3.0,"turns":5.0},{"damage":1.0,"enemies":"2 Fungi Beasts","floor":4.0,"turns":4.0},{"damage":0.0,"enemies":"Lots of Slimes","floor":5.0,"turns":2.0},{"damage":1.0,"enemies":"Looter","floor":7.0,"turns":4.0},{"damage":14,"enemies":"3 Sentries","floor":11,"turns":12},{"damage":7,"enemies":"Exordium Thugs","floor":13,"turns":10},{"damage":9,"enemies":"Hexaghost","floor":16,"turns":13},{"damage":16,"enemies":"Shell Parasite","floor":18,"turns":9},{"damage":42,"enemies":"Masked Bandits","floor":21,"turns":3}],"seed_played":"1567789654779619465","potions_obtained":[{"floor":1.0,"key":"Explosive Potion"},{"floor":2.0,"key":"Explosive Potion"},{"floor":5.0,"key":"Fruit Juice"},{"floor":11,"key":"AttackPotion"},{"floor":18,"key":"SteroidPotion"}],"is_trial":false,"path_per_floor":["M","M","M","M","M","R","M","R","T","T","E","R","M","?","R","B",null,"M","?","$","?"],"character_chosen":"THE_SILENT","items_purchased":["Footwork"],"campfire_rested":0,"item_purchase_floors":[20],"current_hp_per_floor":[59,59,58,57,62,62,61,61,61,61,47,47,40,19,19,10,56,40,40,40,0],"gold":256,"neow_bonus":"RANDOM_COMMON_RELIC","is_prod":false,"is_daily":false,"chose_seed":false,"campfire_upgraded":4,"win_rate":0,"timestamp":1554730234,"path_taken":["M","M","M","?","M","R","M","R","T","?","E","R","M","?","R","BOSS","M","?","$","?"],"build_version":"2019-04-04","purchased_purges":1,"victory":false,"max_hp_per_floor":[66,66,66,66,71,71,71,71,71,71,71,71,71,71,71,71,71,71,71,71,71],"card_choices":[{"not_picked":["Quick Slash","Outmaneuver"],"picked":"Slice","floor":1.0},{"not_picked":["Bane","Flechettes"],"picked":"Backflip","floor":2.0},{"not_picked":["Dash","Prepared"],"picked":"Well Laid Plans","floor":3.0},{"not_picked":["Quick Slash","Blur"],"picked":"Malaise","floor":4.0},{"not_picked":["Poisoned Stab","Flying Knee"],"picked":"Terror","floor":5.0},{"not_picked":["Prepared","Masterful Stab"],"picked":"Calculated Gamble","floor":7.0},{"not_picked":["Bane+1","Underhanded Strike+1"],"picked":"Leg Sweep","floor":11},{"not_picked":["Prepared","Dodge and Roll"],"picked":"Sucker Punch+1","floor":13},{"not_picked":["A Thousand Cuts","Venomology"],"picked":"Corpse Explosion","floor":16},{"not_picked":["Bane+1","Setup","Deflect"],"picked":"SKIP","floor":18}],"player_experience":2855974,"relics_obtained":[{"floor":9.0,"key":"Sundial"},{"floor":10.0,"key":"Molten Egg 2"},{"floor":11,"key":"MawBank"}],"event_choices":[{"damage_healed":0,"gold_gain":0,"player_choice":"Entered Light","damage_taken":21,"max_hp_gain":0,"max_hp_loss":0,"event_name":"Shining Light","floor":14,"gold_loss":0,"cards_upgraded":["Defend_G","Defend_G"]},{"damage_healed":0,"gold_gain":0,"player_choice":"Ignored","damage_taken":0,"max_hp_gain":0,"max_hp_loss":0,"event_name":"Cursed Tome","floor":19,"gold_loss":0},{"damage_healed":0,"gold_gain":0,"player_choice":"Fought Bandits","damage_taken":0,"max_hp_gain":0,"max_hp_loss":0,"event_name":"Masked Bandits","floor":21,"gold_loss":0}],"is_beta":true,"boss_relics":[{"not_picked":["Runic Dome","Eternal Feather"],"picked":"Snecko Eye"}],"items_purged_floors":[20],"is_endless":false,"potions_floor_spawned":[1,2,5,11,18],"killed_by":"Masked Bandits","ascension_level":17}