{"gold_per_floor":[111,111,128,141,141,167,167,33,56,68,109,46,58,84,96,179,191,215,227,15,28,38,38,50,70,96,96,96,123,123,140,140,215,215,231,231,331,348,63,63,76,76,103,103,119,150,162,142,142,142,142,142,142,42,42],"floor_reached":55,"playtime":2239,"items_purged":["Defend_B","Strike_B+1"],"score":1800,"play_id":"d063b5a8-2a37-4ac3-a262-d32fb69836c5","local_time":"20190402022835","is_ascension_mode":true,"campfire_choices":[{"data":"Defragment","floor":7.0,"key":"SMITH"},{"data":"Conserve Battery","floor":10.0,"key":"SMITH"},{"floor":13.0,"key":"REST"},{"data":"Hologram","floor":15.0,"key":"SMITH"},{"data":"Barrage","floor":23.0,"key":"SMITH"},{"floor":28.0,"key":"REST"},{"floor":32.0,"key":"REST"},{"floor":40.0,"key":"RECALL"},{"data":"Static Discharge","floor":42.0,"key":"SMITH"},{"floor":49.0,"key":"REST"},{"data":"Fission","floor":53.0,"key":"SMITH"}],"neow_cost":"NONE","seed_source_timestamp":1649201719355400,"circlet_count":0,"master_deck":["AscendersBane","Strike_B+1","Defend_B+1","Defend_B+1","Defend_B+1","Zap","Dualcast","Cold Snap","FTL","Defragment+1","Barrage+1","Conserve Battery+1","Core Surge","Hologram+1","Thunder Strike","Doom and Gloom","Conserve Battery+1","Cold Snap","Rebound+1","Static Discharge+1","Ball Lightning","Chill","Fission+1","Self Repair","Consume+1","Glacier","Coolheaded+1","Fission+1"],"special_seed":0,"relics":["Cracked Core","Ancient Tea Set","Anchor","MawBank","Pen Nib","Sozu","DataDisk","Pantograph","Juzu Bracelet","Inserter","Dead Branch","Toxic Egg 2","Blood Vial","Orichalcum"],"potions_floor_usage":[55],"damage_taken":[{"damage":5.0,"enemies":"Jaw Worm","floor":1.0,"turns":4.0},{"damage":2.0,"enemies":"2 Louse","floor":3.0,"turns":2.0},{"damage":2.0,"enemies":"Small Slimes","floor":4.0,"turns":3.0},{"damage":21.0,"enemies":"3 Sentries","floor":6.0,"turns":10.0},{"damage":7.0,"enemies":"Gremlin Nob","floor":11.0,"turns":3.0},{"damage":7.0,"enemies":"Exordium Thugs","floor":14.0,"turns":5.0},{"damage":2.0,"enemies":"The Guardian","floor":16.0,"turns":13.0},{"damage":3.0,"enemies":"3 Byrds","floor":18.0,"turns":5.0},{"damage":2.0,"enemies":"2 Thieves","floor":21.0,"turns":3.0},{"damage":10.0,"enemies":"Centurion and Healer","floor":22.0,"turns":8.0},{"damage":27.0,"enemies":"Snake Plant","floor":24.0,"turns":5.0},{"damage":5.0,"enemies":"Shelled Parasite and Fungi","floor":25.0,"turns":6.0},{"damage":25.0,"enemies":"Gremlin Leader","floor":29.0,"turns":8.0},{"damage":7.0,"enemies":"Snecko","floor":31.0,"turns":4.0},{"damage":12.0,"enemies":"Champ","floor":33.0,"turns":11.0},{"damage":0.0,"enemies":"3 Shapes","floor":35.0,"turns":4.0},{"damage":0.0,"enemies":"Mind Bloom Boss Battle","floor":37.0,"turns":7.0},{"damage":0.0,"enemies":"Orb Walker","floor":38.0,"turns":3.0},{"damage":17.0,"enemies":"Maw","floor":41.0,"turns":7.0},{"damage":31.0,"enemies":"Jaw Worm Horde","floor":45.0,"turns":7.0},{"damage":27.0,"enemies":"Nemesis","floor":46.0,"turns":9.0},{"damage":6.0,"enemies":"Spire Growth","floor":47.0,"turns":5.0},{"damage":25.0,"enemies":"Awakened One","floor":50.0,"turns":19.0},{"damage":16.0,"enemies":"Time Eater","floor":51.0,"turns":24.0},{"damage":74,"enemies":"Shield and Spear","floor":55,"turns":6}],"seed_played":"3859985139206832533","potions_obtained":[{"floor":1.0,"key":"FocusPotion"},{"floor":3.0,"key":"SkillPotion"},{"floor":14.0,"key":"SneckoOil"},{"floor":16.0,"key":"Strength Potion"}],"is_trial":false,"path_per_floor":["M","?","M","M","?","E","R","$","T","R","E","?","R","M","R","B",null,"M","?","$","M","M","R","M","M","T","T","R","E","?","M","R","B",null,"M","?","?","M","$","R","M","R","T","?","M","E","M","?","R","B","B",null,"R","$","E"],"character_chosen":"DEFECT","items_purchased":["Conserve Battery","DataDisk","Cold Snap","Toxic Egg 2"],"campfire_rested":4,"item_purchase_floors":[8,20,20,39],"current_hp_per_floor":[59,52,50,48,43,22,22,22,22,22,15,15,36,29,29,27,60,57,57,57,55,45,45,18,13,13,13,34,9,9,2,23,36,62,62,62,67,67,67,67,57,57,57,57,35,17,20,20,40,49,51,63,63,63,0],"gold":42,"neow_bonus":"THREE_CARDS","is_prod":false,"is_daily":false,"chose_seed":false,"campfire_upgraded":6,"win_rate":0,"timestamp":1554139715,"path_taken":["M","?","M","M","?","E","R","$","T","R","E","?","R","M","R","BOSS","M","?","$","M","M","R","M","?","T","?","R","E","?","M","R","BOSS","M","?","?","M","$","R","M","R","T","?","M","E","M","?","R","BOSS","BOSS","R","$","E"],"build_version":"2019-01-23","purchased_purges":2,"victory":false,"max_hp_per_floor":[71,71,71,71,71,71,71,71,71,71,71,71,71,71,71,71,71,71,71,71,71,71,71,71,71,71,71,71,71,71,71,71,71,71,71,67,67,67,67,67,67,67,67,67,67,67,67,67,67,67,67,67,67,67,67],"card_choices":[{"not_picked":["Steam Power","Steam"],"picked":"Cold Snap","floor":0.0},{"not_picked":["Recycle","Steam Power"],"picked":"FTL","floor":1.0},{"not_picked":["Blizzard","Conserve Battery"],"picked":"Defragment","floor":3.0},{"not_picked":["Sweeping Beam","Steam","Gash"],"picked":"SKIP","floor":4.0},{"not_picked":["Static Discharge","Turbo"],"picked":"Barrage","floor":6.0},{"not_picked":["Turbo","Redo"],"picked":"Core Surge","floor":11.0},{"not_picked":["Ball Lightning","Blizzard"],"picked":"Hologram","floor":14.0},{"not_picked":["Meteor Strike","Creative AI"],"picked":"Thunder Strike","floor":16.0},{"not_picked":["Sweeping Beam","Steam"],"picked":"Doom and Gloom","floor":18.0},{"not_picked":["Doom and Gloom","Chaos","Gash"],"picked":"SKIP","floor":21.0},{"not_picked":["Barrage+1","Turbo","Consume"],"picked":"SKIP","floor":22.0},{"not_picked":["Melter","Rebound+1","Barrage"],"picked":"SKIP","floor":24.0},{"not_picked":["Melter","Barrage"],"picked":"Rebound+1","floor":24.0},{"not_picked":["Steam","Beam Cell"],"picked":"Static Discharge","floor":25.0},{"not_picked":["Fission","Consume"],"picked":"Ball Lightning","floor":29.0},{"not_picked":["Blizzard","Sweeping Beam"],"picked":"Chill","floor":31.0},{"not_picked":["Rainbow","Hyperbeam"],"picked":"Fission","floor":33.0},{"not_picked":["Streamline+1","Rebound"],"picked":"Self Repair","floor":35.0},{"not_picked":["Gash","Capacitor"],"picked":"Consume+1","floor":37.0},{"not_picked":["Ball Lightning","Steam"],"picked":"Glacier","floor":38.0},{"not_picked":["Ball Lightning","Streamline","Gash"],"picked":"SKIP","floor":41.0},{"not_picked":["Steam+1","Leap+1"],"picked":"Coolheaded+1","floor":45.0},{"not_picked":["Defragment","Redo+1","Compile Driver"],"picked":"SKIP","floor":46.0},{"not_picked":["Coolheaded+1","Heatsinks"],"picked":"Fission+1","floor":47.0}],"player_experience":4681612,"relics_obtained":[{"floor":6.0,"key":"Anchor"},{"floor":9.0,"key":"MawBank"},{"floor":11.0,"key":"Pen Nib"},{"floor":27.0,"key":"Pantograph"},{"floor":29.0,"key":"Juzu Bracelet"},{"floor":37.0,"key":"Dead Branch"},{"floor":43.0,"key":"Blood Vial"},{"floor":46.0,"key":"Orichalcum"}],"event_choices":[{"cards_removed":["Strike_B"],"damage_healed":0.0,"max_hp_gain":0.0,"max_hp_loss":0.0,"gold_gain":0.0,"event_name":"Golden Wing","player_choice":"Card Removal","floor":2.0,"gold_loss":0.0,"damage_taken":7.0},{"damage_healed":0.0,"max_hp_gain":0.0,"max_hp_loss":0.0,"gold_gain":0.0,"event_name":"Scrap Ooze","player_choice":"Success","floor":5.0,"gold_loss":0.0,"damage_taken":5.0,"relics_obtained":["Ancient Tea Set"]},{"cards_removed":["Strike_B"],"damage_healed":0.0,"max_hp_gain":0.0,"max_hp_loss":0.0,"gold_gain":0.0,"event_name":"The Cleric","player_choice":"Card Removal","floor":12.0,"gold_loss":75.0,"damage_taken":0.0},{"damage_healed":0.0,"max_hp_gain":0.0,"max_hp_loss":0.0,"gold_gain":0.0,"event_name":"Duplicator","player_choice":"Copied","floor":19.0,"gold_loss":0.0,"damage_taken":0.0,"cards_obtained":["Conserve Battery"]},{"damage_healed":0.0,"max_hp_gain":0.0,"max_hp_loss":0.0,"gold_gain":0.0,"event_name":"Back to Basics","player_choice":"Simplicity","floor":30.0,"gold_loss":0.0,"damage_taken":0.0,"cards_upgraded":["Strike_B","Strike_B","Defend_B","Defend_B","Defend_B"]},{"damage_healed":0.0,"max_hp_gain":0.0,"max_hp_loss":4.0,"gold_gain":0.0,"event_name":"Winding Halls","player_choice":"Max HP","floor":36.0,"gold_loss":0.0,"damage_taken":0.0},{"damage_healed":0.0,"max_hp_gain":0.0,"max_hp_loss":0.0,"gold_gain":0.0,"event_name":"MindBloom","player_choice":"Fight","floor":37.0,"gold_loss":0.0,"damage_taken":0.0},{"damage_healed":0.0,"max_hp_gain":0.0,"max_hp_loss":0.0,"gold_gain":0.0,"event_name":"SecretPortal","player_choice":"Ignored","floor":44.0,"gold_loss":0.0,"damage_taken":0.0},{"damage_healed":0.0,"max_hp_gain":0.0,"max_hp_loss":0.0,"gold_gain":0.0,"event_name":"The Woman in Blue","player_choice":"Bought 1 Potion","floor":48.0,"gold_loss":0.0,"damage_taken":0.0}],"is_beta":false,"boss_relics":[{"not_picked":["Snecko Eye","Runic Dome"],"picked":"Sozu"},{"not_picked":["Velvet Choker","Calling Bell"],"picked":"Inserter"}],"items_purged_floors":[8,54],"is_endless":false,"potions_floor_spawned":[1,3,14,16,18,24,31,33,37,41,47],"killed_by":"Shield and Spear","ascension_level":20}