{"gold_per_floor":[112,112,112,37,37,57,70,70,70,70,81,116,116,131,131,208,208,222,242,49,49,65,65,96,127,150,166,166,184,184,202,202,279,279,298,310,1,18,240,240,265,265,265,265,265,283,40,51,51,51],"floor_reached":51,"playtime":4027,"items_purged":["Strike_G","Defend_G"],"score":1299,"play_id":"af8e1e04-5b00-4b64-862b-74d642432cc0","local_time":"20190207221938","is_ascension_mode":true,"campfire_choices":[{"data":"Neutralize","floor":10.0,"key":"SMITH"},{"data":"Deadly Poison","floor":13.0,"key":"SMITH"},{"data":"Footwork","floor":15.0,"key":"SMITH"},{"data":"Crippling Poison","floor":23.0,"key":"SMITH"},{"floor":28,"key":"REST"},{"floor":32,"key":"REST"},{"data":"Backflip","floor":40,"key":"SMITH"},{"data":"Well Laid Plans","floor":42,"key":"SMITH"},{"floor":44,"key":"REST"},{"floor":49,"key":"REST"}],"neow_cost":"NONE","seed_source_timestamp":2442770383532908,"circlet_count":0,"master_deck":["AscendersBane","Defend_G+1","Defend_G+1","Defend_G","Defend_G","Survivor","Neutralize+1","Deadly Poison+1","Flying Knee","Well Laid Plans+1","Backflip+1","Crippling Poison+1","Footwork+1","Acrobatics+1","Night Terror+1","Escape Plan+1","Quick Slash+1","Prepared+1","Blur+1","Deflect+1","Noxious Fumes+1","Prepared+1","Terror+1","Adrenaline+1","Backflip+1","Bouncing Flask+1","Footwork"],"special_seed":0,"relics":["Ring of the Snake","Anchor","Strawberry","Toxic Egg 2","Omamori","Astrolabe","Lee\u0027s Waffle","Red Mask","Art of War","Ancient Tea Set","Cursed Key","War Paint","Gremlin Horn","Dodecahedron"],"potions_floor_usage":[24,27,33,33,47],"damage_taken":[{"damage":1.0,"enemies":"2 Louse","floor":1.0,"turns":4.0},{"damage":0.0,"enemies":"Jaw Worm","floor":6.0,"turns":4.0},{"damage":0.0,"enemies":"Small Slimes","floor":7.0,"turns":4.0},{"damage":0.0,"enemies":"Looter","floor":11.0,"turns":3.0},{"damage":5.0,"enemies":"3 Sentries","floor":12.0,"turns":12.0},{"damage":0.0,"enemies":"Exordium Thugs","floor":14.0,"turns":5.0},{"damage":17.0,"enemies":"The Guardian","floor":16.0,"turns":9.0},{"damage":32.0,"enemies":"Chosen","floor":18.0,"turns":9.0},{"damage":16.0,"enemies":"Spheric Guardian","floor":19.0,"turns":5.0},{"damage":4.0,"enemies":"Colosseum Slavers","floor":21.0,"turns":7.0},{"damage":0.0,"enemies":"Shelled Parasite and Fungi","floor":22.0,"turns":8.0},{"damage":29,"enemies":"Masked Bandits","floor":24,"turns":6},{"damage":11,"enemies":"Book of Stabbing","floor":25,"turns":11},{"damage":0,"enemies":"Sentry and Sphere","floor":27,"turns":5},{"damage":0,"enemies":"Centurion and Healer","floor":29,"turns":6},{"damage":13,"enemies":"Snecko","floor":31,"turns":8},{"damage":0,"enemies":"Collector","floor":33,"turns":9},{"damage":0,"enemies":"3 Shapes","floor":35,"turns":4},{"damage":0,"enemies":"Orb Walker","floor":36,"turns":4},{"damage":0,"enemies":"Maw","floor":38,"turns":7},{"damage":0,"enemies":"Giant Head","floor":41,"turns":10},{"damage":6,"enemies":"3 Darklings","floor":46,"turns":5},{"damage":0,"enemies":"Sphere and 2 Shapes","floor":48,"turns":5},{"damage":0,"enemies":"Time Eater","floor":50,"turns":14}],"seed_played":"-5308638736211032861","potions_obtained":[{"floor":6.0,"key":"GhostInAJar"},{"floor":7.0,"key":"FearPotion"},{"floor":14.0,"key":"Poison Potion"},{"floor":18.0,"key":"SteroidPotion"},{"floor":22.0,"key":"PowerPotion"},{"floor":25,"key":"Poison Potion"},{"floor":29,"key":"AttackPotion"},{"floor":31,"key":"Explosive Potion"},{"floor":33,"key":"EssenceOfSteel"},{"floor":38,"key":"AttackPotion"}],"is_trial":false,"path_per_floor":["M","?","?","$","?","M","M","$","T","R","M","E","R","M","R","B",null,"M","M","$","?","M","R","?","E","T","M","R","M","?","M","R","B",null,"M","M","$","M","?","R","E","R","T","R","?","M","$","M","R","B",null],"character_chosen":"THE_SILENT","items_purchased":["Well Laid Plans","Lee\u0027s Waffle","War Paint","GhostInAJar","Footwork","Fruit Juice"],"campfire_rested":4,"item_purchase_floors":[4,20,37,37,47,47],"current_hp_per_floor":[62,62,66,66,66,66,66,66,66,66,66,61,61,61,61,44,69,37,21,84,80,80,80,51,40,40,40,65,65,65,52,77,77,82,82,82,82,82,82,82,82,82,82,84,84,78,83,83,89,89],"gold":51,"neow_bonus":"RANDOM_COMMON_RELIC","is_prod":false,"is_daily":false,"chose_seed":false,"campfire_upgraded":6,"win_rate":0,"timestamp":1549545578,"path_taken":["M","?","?","?","?","M","M","$","T","R","M","E","R","M","R","BOSS","M","M","$","?","M","R","?","E","T","M","R","?","?","M","R","BOSS","M","M","$","M","?","R","E","R","T","R","?","M","$","M","R","BOSS"],"build_version":"2019-01-23","purchased_purges":2,"victory":true,"max_hp_per_floor":[70,70,77,77,77,77,77,77,77,77,77,77,77,77,77,77,77,77,77,84,84,84,84,84,84,84,84,84,84,84,84,84,84,84,84,84,84,84,84,84,84,84,84,84,84,84,89,89,89,89],"card_choices":[{"not_picked":["Prepared","Cloak And Dagger"],"picked":"Deadly Poison","floor":1.0},{"not_picked":["Dagger Spray","PiercingWail"],"picked":"Backflip","floor":6.0},{"not_picked":["Phantasmal Killer","Underhanded Strike"],"picked":"Crippling Poison","floor":7.0},{"not_picked":["Terror+1","Dash"],"picked":"Footwork","floor":11.0},{"not_picked":["Infinite Blades","Outmaneuver+1"],"picked":"Acrobatics+1","floor":12.0},{"not_picked":["Dagger Spray","Quick Slash","Flying Knee"],"picked":"SKIP","floor":14.0},{"not_picked":["Unload","A Thousand Cuts"],"picked":"Night Terror+1","floor":16.0},{"not_picked":["Cloak And Dagger+1","Acrobatics+1"],"picked":"Prepared+1","floor":18.0},{"not_picked":["Accuracy+1","Underhanded Strike","Blade Dance+1"],"picked":"SKIP","floor":19.0},{"not_picked":["Sucker Punch","Dagger Spray"],"picked":"Blur+1","floor":22.0},{"not_picked":["Underhanded Strike","Eviscerate"],"picked":"Deflect+1","floor":24},{"not_picked":["Eviscerate","Calculated Gamble+1"],"picked":"Noxious Fumes+1","floor":25},{"not_picked":["Heel Hook","Blade Dance+1"],"picked":"Prepared+1","floor":27},{"not_picked":["Poisoned Stab","Quick Slash","Leg Sweep+1"],"picked":"SKIP","floor":29},{"not_picked":["Riddle With Holes","Endless Agony"],"picked":"Terror+1","floor":31},{"not_picked":["Die Die Die","Corpse Explosion+1"],"picked":"Adrenaline+1","floor":33},{"not_picked":["Blade Dance+1","Dagger Throw","Dagger Spray"],"picked":"SKIP","floor":35},{"not_picked":["Dagger Throw+1","Acrobatics+1","Slice"],"picked":"SKIP","floor":36},{"not_picked":["Prepared+1","Well Laid Plans"],"picked":"Backflip+1","floor":38},{"not_picked":["Poisoned Stab","Tactician+1"],"picked":"Bouncing Flask+1","floor":41},{"not_picked":["Underhanded Strike","Endless Agony","Riddle With Holes+1"],"picked":"SKIP","floor":46},{"not_picked":["Unload","Deadly Poison+1","Underhanded Strike"],"picked":"SKIP","floor":48}],"player_experience":561324,"relics_obtained":[{"floor":9.0,"key":"Toxic Egg 2"},{"floor":12.0,"key":"Omamori"},{"floor":24,"key":"Red Mask"},{"floor":25,"key":"Art of War"},{"floor":26,"key":"Ancient Tea Set"},{"floor":41,"key":"Gremlin Horn"},{"floor":43,"key":"Dodecahedron"}],"event_choices":[{"damage_healed":0.0,"max_hp_gain":0.0,"max_hp_loss":0.0,"gold_gain":0.0,"cards_transformed":["Strike_G"],"event_name":"Living Wall","player_choice":"Change","floor":2.0,"gold_loss":0.0,"damage_taken":0.0,"cards_obtained":["Flying Knee"]},{"damage_healed":0.0,"max_hp_gain":0.0,"max_hp_loss":0.0,"gold_gain":0.0,"event_name":"Scrap Ooze","player_choice":"Success","floor":3.0,"gold_loss":0.0,"damage_taken":3.0,"relics_obtained":["Strawberry"]},{"damage_healed":0.0,"max_hp_gain":0.0,"max_hp_loss":0.0,"gold_gain":0.0,"event_name":"Liars Game","player_choice":"Ignored","floor":5.0,"gold_loss":0.0,"damage_taken":0.0},{"damage_healed":0.0,"max_hp_gain":0.0,"max_hp_loss":0.0,"gold_gain":0.0,"event_name":"Colosseum","player_choice":"Fight","floor":21.0,"gold_loss":0.0,"damage_taken":0.0},{"damage_healed":0.0,"max_hp_gain":0.0,"max_hp_loss":0.0,"gold_gain":0.0,"event_name":"Colosseum","player_choice":"Fled From Nobs","floor":21.0,"gold_loss":0.0,"damage_taken":0.0},{"damage_healed":0,"gold_gain":0,"player_choice":"Fought Bandits","damage_taken":0,"max_hp_gain":0,"max_hp_loss":0,"event_name":"Masked Bandits","floor":24,"gold_loss":0},{"damage_healed":0,"gold_gain":0,"player_choice":"Ignored","damage_taken":0,"max_hp_gain":0,"max_hp_loss":0,"event_name":"Vampires","floor":30,"gold_loss":0},{"damage_healed":0,"gold_gain":222,"player_choice":"Wore Mask","damage_taken":0,"max_hp_gain":0,"max_hp_loss":0,"event_name":"Tomb of Lord Red Mask","floor":39,"gold_loss":0},{"cards_removed":["Well Laid Plans"],"damage_healed":0,"gold_gain":0,"player_choice":"Removed Power","damage_taken":0,"max_hp_gain":0,"max_hp_loss":0,"event_name":"Falling","floor":45,"gold_loss":0}],"is_beta":false,"boss_relics":[{"not_picked":["White Beast Statue","Pandora\u0027s Box"],"picked":"Astrolabe"},{"not_picked":["Orrery","Coffee Dripper"],"picked":"Cursed Key"}],"items_purged_floors":[37,47],"is_endless":false,"potions_floor_spawned":[6,7,14,18,22,25,29,31,33,38,41,46],"ascension_level":13}