{"gold_per_floor":[112,127,142,154,170,504,504,515,596,551,551],"floor_reached":11,"playtime":288,"items_purged":[],"score":154,"play_id":"771f54d4-377a-42c7-91d1-cf66842dc7e3","local_time":"20190522023307","is_ascension_mode":true,"campfire_choices":[{"data":"Fusion","floor":7,"key":"SMITH"}],"neow_cost":"NONE","seed_source_timestamp":0,"circlet_count":0,"master_deck":["AscendersBane","Strike_B","Strike_B","Strike_B","Defend_B","Defend_B","Defend_B","Defend_B","Zap","Dualcast","Conserve Battery","Rip and Tear","Compile Driver","Cold Snap","Fusion+1","Capacitor","Leap"],"special_seed":0,"relics":["Cracked Core","Old Coin","Molten Egg 2"],"potions_floor_usage":[6,11,11],"damage_taken":[{"damage":1,"enemies":"Cultist","floor":1,"turns":3},{"damage":2,"enemies":"2 Louse","floor":2,"turns":2},{"damage":12,"enemies":"Small Slimes","floor":3,"turns":3},{"damage":3,"enemies":"2 Fungi Beasts","floor":4,"turns":3},{"damage":0,"enemies":"Large Slime","floor":5,"turns":5},{"damage":10,"enemies":"3 Sentries","floor":6,"turns":10},{"damage":8,"enemies":"Exordium Wildlife","floor":8,"turns":3},{"damage":28,"enemies":"Gremlin Nob","floor":11,"turns":3}],"seed_played":"1481394609198374667","potions_obtained":[{"floor":5,"key":"EssenceOfSteel"},{"floor":6,"key":"Strength Potion"},{"floor":8,"key":"Dexterity Potion"}],"is_trial":false,"path_per_floor":["M","M","M","M","M","E","R","M","T","?","E"],"character_chosen":"DEFECT","items_purchased":[],"campfire_rested":0,"item_purchase_floors":[],"current_hp_per_floor":[63,61,49,46,46,36,36,28,28,28,0],"gold":551,"neow_bonus":"REMOVE_CARD","is_prod":false,"is_daily":false,"chose_seed":false,"campfire_upgraded":1,"win_rate":0,"timestamp":1558459987,"path_taken":["M","M","M","M","M","E","R","M","T","?","E"],"build_version":"2019-01-23","purchased_purges":0,"victory":false,"max_hp_per_floor":[71,71,71,71,71,71,71,71,71,71,71],"card_choices":[{"not_picked":["Go for the Eyes","Hologram"],"picked":"Conserve Battery","floor":1},{"not_picked":["Consume","Coolheaded"],"picked":"Rip and Tear","floor":2},{"not_picked":["Reinforced Body","Storm"],"picked":"Compile Driver","floor":3},{"not_picked":["Steam","Machine Learning"],"picked":"Cold Snap","floor":4},{"not_picked":["Recycle","Sweeping Beam"],"picked":"Fusion","floor":5},{"not_picked":["Sweeping Beam","Skim"],"picked":"Capacitor","floor":6},{"not_picked":["Lockon","Stack"],"picked":"Leap","floor":8}],"player_experience":5102915,"relics_obtained":[{"floor":6,"key":"Old Coin"},{"floor":9,"key":"Molten Egg 2"}],"event_choices":[{"damage_healed":0,"gold_gain":0,"player_choice":"Left Gold","damage_taken":0,"max_hp_gain":0,"max_hp_loss":0,"event_name":"World of Goop","floor":10,"gold_loss":45}],"is_beta":false,"boss_relics":[],"items_purged_floors":[],"is_endless":false,"potions_floor_spawned":[5,6,8],"killed_by":"Gremlin Nob","ascension_level":20}