{"gold_per_floor":[119,119,16,16,36,36,56,73,100,100,165,176,101,111,111,211,211,231,247,257,276,276,276,288,303,303,319,14,113,113,113,113,113],"floor_reached":33,"playtime":2210,"items_purged":["Defend_G"],"score":241,"play_id":"a590e4e3-9f79-49df-9221-03b1d5353a8a","local_time":"20181206194114","is_ascension_mode":false,"campfire_choices":[{"data":"Venomology","floor":6.0,"key":"SMITH"},{"data":"Poisoned Stab","floor":10.0,"key":"SMITH"},{"floor":15.0,"key":"REST"},{"floor":23.0,"key":"REST"},{"floor":32,"key":"REST"}],"neow_cost":"NONE","seed_source_timestamp":0,"circlet_count":0,"master_deck":["Defend_G+1","Defend_G+1","Defend_G+1","Defend_G+1","Strike_G+1","Strike_G+1","Strike_G+1","Strike_G+1","Survivor","Neutralize","Venomology+1","Blade Dance","Poisoned Stab+1","Deadly Poison","Dash","Bane","Accuracy","Flying Knee","Blade Dance","Finisher","Escape Plan"],"special_seed":0,"relics":["Ring of the Snake","Oddly Smooth Stone","Anchor","Potion Belt","Runic Dome","Question Card","Torii","Bag of Marbles"],"potions_floor_usage":[33,33],"damage_taken":[{"damage":5.0,"enemies":"Small Slimes","floor":1.0,"turns":6.0},{"damage":2.0,"enemies":"Jaw Worm","floor":5.0,"turns":3.0},{"damage":0.0,"enemies":"2 Louse","floor":7.0,"turns":3.0},{"damage":0.0,"enemies":"2 Fungi Beasts","floor":8.0,"turns":2.0},{"damage":13.0,"enemies":"Lagavulin Event","floor":11.0,"turns":4.0},{"damage":0.0,"enemies":"3 Louse","floor":12.0,"turns":1.0},{"damage":3.0,"enemies":"Large Slime","floor":14.0,"turns":6.0},{"damage":38.0,"enemies":"The Guardian","floor":16.0,"turns":8.0},{"damage":16.0,"enemies":"Spheric Guardian","floor":18.0,"turns":4.0},{"damage":7.0,"enemies":"Shell Parasite","floor":19.0,"turns":6.0},{"damage":26.0,"enemies":"Snecko","floor":20.0,"turns":5.0},{"damage":0.0,"enemies":"Snake Plant","floor":21.0,"turns":3.0},{"damage":4.0,"enemies":"Colosseum Slavers","floor":22.0,"turns":4.0},{"damage":16.0,"enemies":"Shelled Parasite and Fungi","floor":24.0,"turns":5.0},{"damage":10.0,"enemies":"3 Cultists","floor":25.0,"turns":4.0},{"damage":7.0,"enemies":"Cultist and Chosen","floor":27.0,"turns":6.0},{"damage":42,"enemies":"Automaton","floor":33,"turns":4}],"seed_played":"8697206650260796434","potions_obtained":[{"floor":7.0,"key":"Strength Potion"},{"floor":11.0,"key":"SteroidPotion"},{"floor":14.0,"key":"PowerPotion"},{"floor":21.0,"key":"FairyPotion"},{"floor":24.0,"key":"Strength Potion"},{"floor":25.0,"key":"SpeedPotion"},{"floor":27.0,"key":"SpeedPotion"}],"is_trial":false,"path_per_floor":["M","?","$","?","M","R","M","M","T","R","?","M","$","M","R","B",null,"M","M","M","M","?","R","M","M","T","M","$","?","?","?","R","B"],"character_chosen":"THE_SILENT","items_purchased":["Poisoned Stab","Deadly Poison","Torii"],"campfire_rested":3,"item_purchase_floors":[3,3,28],"current_hp_per_floor":[65,58,58,58,56,56,56,56,56,56,43,43,43,40,61,23,70,54,47,21,21,17,38,22,12,12,5,5,5,5,5,26,0],"gold":113,"neow_bonus":"TRANSFORM_CARD","is_prod":false,"is_daily":false,"chose_seed":false,"campfire_upgraded":2,"win_rate":0,"timestamp":1544092874,"path_taken":["M","?","$","?","M","R","M","M","T","R","?","M","$","M","R","BOSS","M","M","M","M","?","R","M","M","T","M","$","?","?","?","R","BOSS"],"build_version":"2018-11-15","purchased_purges":1,"victory":false,"max_hp_per_floor":[70,70,70,70,70,70,70,70,70,70,70,70,70,70,70,70,70,70,70,70,70,70,70,70,70,70,70,70,70,70,70,70,70],"card_choices":[{"not_picked":["PiercingWail","Terror"],"picked":"Blade Dance","floor":1.0},{"not_picked":["Backflip","Dagger Spray"],"picked":"Dash","floor":5.0},{"not_picked":["PiercingWail","Riddle With Holes","Masterful Stab"],"picked":"SKIP","floor":7.0},{"not_picked":["PiercingWail","Deflect"],"picked":"Bane","floor":8.0},{"not_picked":["Predator","Reflex"],"picked":"Accuracy","floor":11.0},{"not_picked":["Quick Slash","Deadly Poison"],"picked":"Flying Knee","floor":12.0},{"not_picked":["Unload","Blur"],"picked":"Blade Dance","floor":14.0},{"not_picked":["Acrobatics","Distraction","Expertise"],"picked":"SKIP","floor":18.0},{"not_picked":["Skewer","Expertise","Dodge and Roll+1"],"picked":"SKIP","floor":19.0},{"not_picked":["Dagger Spray","Eviscerate"],"picked":"Finisher","floor":20.0},{"not_picked":["Blade Dance","Poisoned Stab","Dagger Spray"],"picked":"SKIP","floor":21.0},{"not_picked":["Masterful Stab","Backflip+1"],"picked":"Escape Plan","floor":24.0},{"not_picked":["Footwork+1","Blade Dance","Crippling Poison+1"],"picked":"SKIP","floor":25.0},{"not_picked":["Escape Plan","Dagger Spray+1","Blur","Calculated Gamble"],"picked":"SKIP","floor":27.0}],"player_experience":118422,"relics_obtained":[{"floor":9.0,"key":"Anchor"},{"floor":26.0,"key":"Question Card"}],"event_choices":[{"damage_healed":0.0,"max_hp_gain":0.0,"max_hp_loss":0.0,"gold_gain":0.0,"event_name":"Scrap Ooze","player_choice":"Success","floor":2.0,"gold_loss":0.0,"damage_taken":7.0,"relics_obtained":["Oddly Smooth Stone"]},{"damage_healed":0.0,"max_hp_gain":0.0,"max_hp_loss":0.0,"gold_gain":0.0,"event_name":"Liars Game","player_choice":"Ignored","floor":4.0,"gold_loss":0.0,"damage_taken":0.0},{"damage_healed":0.0,"max_hp_gain":0.0,"max_hp_loss":0.0,"gold_gain":0.0,"event_name":"Dead Adventurer","player_choice":"Searched \u00272\u0027 times","floor":11.0,"gold_loss":0.0,"damage_taken":0.0,"relics_obtained":["Potion Belt"]},{"damage_healed":0.0,"max_hp_gain":0.0,"max_hp_loss":0.0,"gold_gain":0.0,"event_name":"Colosseum","player_choice":"Fight","floor":22.0,"gold_loss":0.0,"damage_taken":0.0},{"damage_healed":0.0,"max_hp_gain":0.0,"max_hp_loss":0.0,"gold_gain":0.0,"event_name":"Colosseum","player_choice":"Fled From Nobs","floor":22.0,"gold_loss":0.0,"damage_taken":0.0},{"damage_healed":0,"gold_gain":99,"player_choice":"Stole From Cult","damage_taken":0,"max_hp_gain":0,"max_hp_loss":0,"event_name":"Nest","floor":29,"gold_loss":0},{"damage_healed":0,"gold_gain":0,"player_choice":"Simplicity","damage_taken":0,"max_hp_gain":0,"max_hp_loss":0,"event_name":"Back to Basics","floor":30,"gold_loss":0,"cards_upgraded":["Defend_G","Defend_G","Defend_G","Defend_G","Strike_G","Strike_G","Strike_G","Strike_G"]},{"damage_healed":0,"gold_gain":0,"player_choice":"Opened","damage_taken":0,"relics_obtained":["Bag of Marbles"],"max_hp_gain":0,"max_hp_loss":0,"event_name":"The Mausoleum","floor":31,"gold_loss":0}],"is_beta":false,"boss_relics":[{"not_picked":["Calling Bell","Snecko Eye"],"picked":"Runic Dome"}],"items_purged_floors":[13],"is_endless":false,"potions_floor_spawned":[7,11,14,21,22,24,25,27],"killed_by":"Automaton","ascension_level":0}