{"gold_per_floor":[14,29,48,67,11,36,36,36,81,81,81,92,92,102,102,179,179,199,124,134,134,151,151,151],"floor_reached":24,"playtime":1286,"items_purged":["Defend_G"],"score":366,"play_id":"f263011b-383f-4cb6-b712-ad7de2146e10","local_time":"20190404124327","is_ascension_mode":true,"campfire_choices":[{"data":"Neutralize","floor":7.0,"key":"SMITH"},{"data":"Dodge and Roll","floor":10.0,"key":"SMITH"},{"data":"Dodge and Roll","floor":13.0,"key":"SMITH"},{"data":"Doppelganger","floor":15.0,"key":"SMITH"},{"data":"Cloak And Dagger","floor":23.0,"key":"SMITH"}],"neow_cost":"NO_GOLD","seed_source_timestamp":3066329075196585,"circlet_count":0,"master_deck":["AscendersBane","Defend_G","Defend_G","Defend_G","Defend_G","Survivor","Neutralize+1","Riddle With Holes","Deadly Poison","Terror","Dodge and Roll+1","Dodge and Roll+1","Cloak And Dagger+1","PiercingWail","Cloak And Dagger","Doppelganger+1","After Image","Endless Agony+1","Underhanded Strike+1","Masterful Stab+1","Noxious Fumes+1"],"special_seed":0,"relics":["Ring of the Snake","Mercury Hourglass","Oddly Smooth Stone","Astrolabe"],"potions_floor_usage":[24],"damage_taken":[{"damage":0.0,"enemies":"Small Slimes","floor":1.0,"turns":3.0},{"damage":0.0,"enemies":"Cultist","floor":2.0,"turns":3.0},{"damage":0.0,"enemies":"2 Louse","floor":3.0,"turns":3.0},{"damage":5.0,"enemies":"Red Slaver","floor":4.0,"turns":6.0},{"damage":3.0,"enemies":"Lagavulin","floor":6.0,"turns":7.0},{"damage":1.0,"enemies":"Looter","floor":12.0,"turns":3.0},{"damage":1.0,"enemies":"Gremlin Gang","floor":14.0,"turns":5.0},{"damage":22.0,"enemies":"Slime Boss","floor":16.0,"turns":14.0},{"damage":4.0,"enemies":"Spheric Guardian","floor":18.0,"turns":6.0},{"damage":0.0,"enemies":"3 Byrds","floor":20.0,"turns":5.0},{"damage":4.0,"enemies":"Snecko","floor":22.0,"turns":5.0},{"damage":58,"enemies":"Cultist and Chosen","floor":24,"turns":5}],"seed_played":"8841986606417672466","potions_obtained":[{"floor":1.0,"key":"Weak Potion"},{"floor":6.0,"key":"Energy Potion"},{"floor":11.0,"key":"Explosive Potion"},{"floor":16.0,"key":"Poison Potion"}],"is_trial":false,"path_per_floor":["M","M","M","M","$","E","R","$","T","R","?","M","R","M","R","B",null,"M","$","M","?","M","R","M"],"character_chosen":"THE_SILENT","items_purchased":["SteroidPotion"],"campfire_rested":0,"item_purchase_floors":[5],"current_hp_per_floor":[59,59,59,54,54,51,51,51,51,51,51,50,50,49,49,27,56,52,52,52,52,48,48,0],"gold":151,"neow_bonus":"TRANSFORM_TWO_CARDS","is_prod":false,"is_daily":false,"chose_seed":false,"campfire_upgraded":5,"win_rate":0,"timestamp":1554349407,"path_taken":["M","M","M","M","$","E","R","$","T","R","?","M","R","M","R","BOSS","M","$","M","?","M","R","M"],"build_version":"2019-03-15","purchased_purges":1,"victory":false,"max_hp_per_floor":[66,66,66,66,66,66,66,66,66,66,66,66,66,66,66,66,66,66,66,66,66,66,66,66],"card_choices":[{"not_picked":["Sucker Punch","Flying Knee"],"picked":"Terror","floor":1.0},{"not_picked":["Outmaneuver","Prepared"],"picked":"Dodge and Roll","floor":2.0},{"not_picked":["Terror","Underhanded Strike"],"picked":"Dodge and Roll","floor":3.0},{"not_picked":["Slice","Caltrops"],"picked":"Cloak And Dagger","floor":4.0},{"not_picked":["Concentrate","Catalyst"],"picked":"PiercingWail","floor":6.0},{"not_picked":["Riddle With Holes","Prepared"],"picked":"Cloak And Dagger","floor":12.0},{"not_picked":["Deadly Poison","Heel Hook"],"picked":"Doppelganger","floor":14.0},{"not_picked":["Unload","Grand Finale"],"picked":"After Image","floor":16.0},{"not_picked":["Sucker Punch","Accuracy","Cloak And Dagger"],"picked":"SKIP","floor":18.0},{"not_picked":["Underhanded Strike","Endless Agony"],"picked":"Noxious Fumes+1","floor":20.0},{"not_picked":["Flying Knee","Dagger Throw","Dodge and Roll"],"picked":"SKIP","floor":22.0}],"player_experience":2815346,"relics_obtained":[{"floor":6.0,"key":"Mercury Hourglass"},{"floor":9.0,"key":"Oddly Smooth Stone"}],"event_choices":[{"damage_healed":0.0,"max_hp_gain":0.0,"max_hp_loss":0.0,"gold_gain":0.0,"event_name":"Lab","player_choice":"Got Potions","floor":11.0,"gold_loss":0.0,"damage_taken":0.0},{"damage_healed":0.0,"max_hp_gain":0.0,"max_hp_loss":0.0,"gold_gain":0.0,"event_name":"Vampires","player_choice":"Ignored","floor":21.0,"gold_loss":0.0,"damage_taken":0.0}],"is_beta":true,"boss_relics":[{"not_picked":["Philosopher\u0027s Stone","Runic Dome"],"picked":"Astrolabe"}],"items_purged_floors":[19],"is_endless":false,"potions_floor_spawned":[1,6,14,16],"killed_by":"Cultist and Chosen","ascension_level":17}