{"gold_per_floor":[118,129,79,95,95,95,26,53,129,129,144,144],"floor_reached":12,"playtime":342,"items_purged":[],"score":129,"play_id":"3d3eda45-ba89-4eb9-ba6b-ef48edc9b476","local_time":"20190527222030","is_ascension_mode":true,"campfire_choices":[{"data":"Zap","floor":6,"key":"SMITH"},{"data":"Defragment","floor":10,"key":"SMITH"}],"neow_cost":"NONE","seed_source_timestamp":96175046704587,"circlet_count":0,"master_deck":["AscendersBane","Strike_B","Strike_B+1","Strike_B+1","Defend_B","Defend_B","Defend_B","Defend_B","Zap+1","Dualcast","Gash","Gash","Leap","Defragment+1","BootSequence","Storm"],"relics":["Cracked Core","Lantern","Oddly Smooth Stone","Kunai"],"potions_floor_usage":[12,12],"damage_taken":[{"damage":3,"enemies":"Small Slimes","floor":1,"turns":3},{"damage":0,"enemies":"2 Louse","floor":2,"turns":2},{"damage":1,"enemies":"Cultist","floor":4,"turns":4},{"damage":21,"enemies":"Lagavulin","floor":8,"turns":5},{"damage":8,"enemies":"Looter","floor":11,"turns":4},{"damage":20,"enemies":"3 Sentries","floor":12,"turns":2}],"seed_played":"4216706515976873514","potions_obtained":[{"floor":2,"key":"PowerPotion"},{"floor":4,"key":"Dexterity Potion"}],"is_trial":false,"path_per_floor":["M","M","?","M","?","R","$","E","T","R","M","E"],"character_chosen":"DEFECT","items_purchased":["Defragment"],"campfire_rested":0,"item_purchase_floors":[7],"current_hp_per_floor":[65,65,65,64,49,49,49,28,28,28,20,0],"gold":144,"neow_bonus":"RANDOM_COMMON_RELIC","is_prod":false,"is_daily":false,"chose_seed":false,"campfire_upgraded":2,"win_rate":0,"timestamp":1558988430,"path_taken":["M","M","?","M","?","R","$","E","T","R","M","E"],"build_version":"2019-01-23","purchased_purges":0,"victory":false,"max_hp_per_floor":[75,75,75,75,75,75,75,75,75,75,75,75],"card_choices":[{"not_picked":["Melter","Redo"],"picked":"Gash","floor":1},{"not_picked":["Double Energy","BootSequence"],"picked":"Gash","floor":2},{"not_picked":["Compile Driver","White Noise"],"picked":"Leap","floor":4},{"not_picked":["Double Energy","Streamline"],"picked":"BootSequence","floor":8},{"not_picked":["Hello World","Aggregate"],"picked":"Storm","floor":11}],"player_experience":617149,"relics_obtained":[{"floor":8,"key":"Oddly Smooth Stone"},{"floor":9,"key":"Kunai"}],"event_choices":[{"cards_removed":["Strike_B"],"damage_healed":0,"gold_gain":0,"player_choice":"Card Removal","damage_taken":0,"max_hp_gain":0,"max_hp_loss":0,"event_name":"The Cleric","floor":3,"gold_loss":50},{"damage_healed":0,"gold_gain":0,"player_choice":"Entered Light","damage_taken":15,"max_hp_gain":0,"max_hp_loss":0,"event_name":"Shining Light","floor":5,"gold_loss":0,"cards_upgraded":["Strike_B","Strike_B"]}],"is_beta":false,"boss_relics":[],"items_purged_floors":[],"is_endless":false,"potions_floor_spawned":[2,4,11],"killed_by":"3 Sentries","ascension_level":13}