{"gold_per_floor":[115,115,40,90,109,141,141,161,161,191,208,218,218,88,88,159,159,174,174,150,164,183,183,197,215,264,264,276,303,303,17,17,96,96,114,124,24,40,60,60,93,93,93,103,103,325,340,367,367,367],"floor_reached":50,"playtime":4262,"items_purged":["Strike_G","Defend_G"],"score":1028,"play_id":"bd34c3d4-ced3-4f44-bf01-a9a2123b72df","local_time":"20190526235611","is_ascension_mode":true,"campfire_choices":[{"data":"Neutralize","floor":7.0,"key":"SMITH"},{"data":"All Out Attack","floor":13.0,"key":"SMITH"},{"floor":15.0,"key":"REST"},{"data":"A Thousand Cuts","floor":23.0,"key":"SMITH"},{"floor":27.0,"key":"REST"},{"floor":32.0,"key":"REST"},{"data":"Blur","floor":40.0,"key":"SMITH"},{"floor":42.0,"key":"REST"},{"floor":45.0,"key":"RECALL"},{"data":"Caltrops","floor":49,"key":"SMITH"}],"neow_cost":"NONE","seed_source_timestamp":658119962567412,"circlet_count":0,"master_deck":["AscendersBane","Defend_G","Defend_G","Defend_G","Defend_G","Survivor","Neutralize+1","Blur+1","All Out Attack+1","Cloak And Dagger+1","Cloak And Dagger+1","Backflip+1","A Thousand Cuts+1","Leg Sweep+1","Blur+1","Deflect+1","Prepared+1","Dodge and Roll+1","Bullet Time+1","Outmaneuver+1","Prepared+1","Corpse Explosion+1","Tactician+1","Caltrops+1","Calculated Gamble+1","Malaise+1"],"special_seed":0,"relics":["Ring of the Snake","NeowsBlessing","Toxic Egg 2","Regal Pillow","Potion Belt","Runic Pyramid","Red Mask","Paper Crane","Empty Cage","Blood Vial","Singing Bowl","Whetstone"],"potions_floor_usage":[],"damage_taken":[{"damage":0.0,"enemies":"Jaw Worm","floor":1.0,"turns":1.0},{"damage":0.0,"enemies":"2 Louse","floor":5.0,"turns":1.0},{"damage":0.0,"enemies":"Lagavulin","floor":6.0,"turns":1.0},{"damage":0.0,"enemies":"Cultist","floor":8.0,"turns":4.0},{"damage":15.0,"enemies":"Gremlin Nob","floor":10.0,"turns":4.0},{"damage":1.0,"enemies":"3 Louse","floor":11.0,"turns":5.0},{"damage":9.0,"enemies":"Lots of Slimes","floor":12.0,"turns":4.0},{"damage":51.0,"enemies":"Slime Boss","floor":16.0,"turns":12.0},{"damage":0.0,"enemies":"Chosen","floor":18.0,"turns":7.0},{"damage":3.0,"enemies":"2 Thieves","floor":20.0,"turns":4.0},{"damage":0.0,"enemies":"Centurion and Healer","floor":21.0,"turns":16.0},{"damage":11.0,"enemies":"Snake Plant","floor":22.0,"turns":11.0},{"damage":23.0,"enemies":"Sentry and Sphere","floor":24.0,"turns":11.0},{"damage":0.0,"enemies":"3 Cultists","floor":25.0,"turns":4.0},{"damage":1.0,"enemies":"Centurion and Healer","floor":28.0,"turns":9.0},{"damage":35.0,"enemies":"Masked Bandits","floor":29.0,"turns":5.0},{"damage":21.0,"enemies":"Collector","floor":33.0,"turns":23.0},{"damage":0.0,"enemies":"3 Darklings","floor":35.0,"turns":4.0},{"damage":0.0,"enemies":"3 Shapes","floor":36.0,"turns":6.0},{"damage":7.0,"enemies":"Transient","floor":38.0,"turns":6.0},{"damage":0.0,"enemies":"Writhing Mass","floor":39.0,"turns":9.0},{"damage":40.0,"enemies":"Giant Head","floor":41.0,"turns":13.0},{"damage":0.0,"enemies":"Sphere and 2 Shapes","floor":44.0,"turns":5.0},{"damage":3.0,"enemies":"4 Shapes","floor":47.0,"turns":3.0},{"damage":10.0,"enemies":"Reptomancer","floor":48.0,"turns":9.0},{"damage":66,"enemies":"Donu and Deca","floor":50,"turns":13}],"seed_played":"-2467945838406958958","potions_obtained":[{"floor":1.0,"key":"LiquidBronze"},{"floor":5.0,"key":"Poison Potion"},{"floor":6.0,"key":"Block Potion"},{"floor":10.0,"key":"PowerPotion"},{"floor":16.0,"key":"Regen Potion"},{"floor":21.0,"key":"Strength Potion"},{"floor":22.0,"key":"Regen Potion"},{"floor":24.0,"key":"Fruit Juice"},{"floor":29.0,"key":"Block Potion"},{"floor":33.0,"key":"FearPotion"},{"floor":38.0,"key":"GamblersBrew"},{"floor":41.0,"key":"EssenceOfSteel"},{"floor":44.0,"key":"SteroidPotion"}],"is_trial":false,"path_per_floor":["M","?","?","?","M","E","R","M","T","E","M","M","R","$","R","B",null,"M","?","M","M","M","R","M","M","T","R","M","?","?","$","R","B",null,"M","M","$","M","M","R","E","R","T","M","R","?","M","E","R","B"],"character_chosen":"THE_SILENT","items_purchased":["Strength Potion","Paper Crane"],"campfire_rested":4,"item_purchase_floors":[14,31],"current_hp_per_floor":[59,59,59,53,53,53,53,53,53,38,37,28,28,28,62,11,52,66,48,45,45,34,34,31,31,31,68,67,32,32,32,69,48,69,69,69,69,62,62,62,22,59,59,63,63,63,62,54,54,0],"gold":367,"neow_bonus":"THREE_ENEMY_KILL","is_prod":false,"is_daily":false,"chose_seed":false,"campfire_upgraded":5,"win_rate":0,"timestamp":1558882571,"path_taken":["M","?","?","?","M","E","R","M","T","E","M","M","R","$","R","BOSS","M","?","M","M","M","R","M","M","T","R","M","?","?","$","R","BOSS","M","?","$","M","M","R","E","R","T","?","R","?","M","E","R","BOSS"],"build_version":"2019-05-24v2","purchased_purges":2,"victory":false,"max_hp_per_floor":[66,66,66,66,66,66,66,66,66,66,66,66,66,66,66,66,66,66,71,71,71,71,71,76,76,76,76,76,76,76,76,76,76,76,76,76,76,76,76,76,76,76,76,78,78,78,78,78,78,78],"card_choices":[{"not_picked":["Endless Agony","Quick Slash"],"picked":"Blur","floor":1.0},{"not_picked":["Sucker Punch","Infinite Blades"],"picked":"All Out Attack","floor":5.0},{"not_picked":["Slice","Quick Slash"],"picked":"Cloak And Dagger","floor":6.0},{"not_picked":["Dash","Outmaneuver+1"],"picked":"Cloak And Dagger+1","floor":8.0},{"not_picked":["Poisoned Stab","Tactician+1","Eviscerate"],"picked":"SKIP","floor":10.0},{"not_picked":["Poisoned Stab","Tactician+1","Eviscerate"],"picked":"SKIP","floor":10.0},{"not_picked":["Quick Slash","Sucker Punch","Underhanded Strike"],"picked":"SKIP","floor":11.0},{"not_picked":["Sucker Punch","Dagger Spray"],"picked":"Backflip+1","floor":12.0},{"not_picked":["Night Terror+1","Grand Finale"],"picked":"A Thousand Cuts","floor":16.0},{"not_picked":["Dagger Spray","Underhanded Strike"],"picked":"Leg Sweep+1","floor":18.0},{"not_picked":["Crippling Poison+1","Poisoned Stab+1"],"picked":"Blur+1","floor":20.0},{"not_picked":["Cloak And Dagger+1","Underhanded Strike"],"picked":"Deflect+1","floor":21.0},{"not_picked":["Flying Knee","Acrobatics+1"],"picked":"Prepared+1","floor":22.0},{"not_picked":["Skewer","Infinite Blades+1","Quick Slash"],"picked":"SKIP","floor":24.0},{"not_picked":["Dagger Spray","Well Laid Plans","Quick Slash"],"picked":"SKIP","floor":25.0},{"not_picked":["Dagger Throw","Leg Sweep+1"],"picked":"Dodge and Roll+1","floor":28.0},{"not_picked":["Storm of Steel+1","Tools of the Trade"],"picked":"Bullet Time+1","floor":33.0},{"not_picked":["Well Laid Plans+1","Deadly Poison+1"],"picked":"Outmaneuver+1","floor":35.0},{"not_picked":["Outmaneuver+1","Deadly Poison+1"],"picked":"Prepared+1","floor":36.0},{"not_picked":["Blade Dance+1","Flying Knee+1"],"picked":"Corpse Explosion+1","floor":38.0},{"not_picked":["Bane","Deflect+1"],"picked":"Tactician+1","floor":39.0},{"not_picked":["Finisher+1","Poisoned Stab"],"picked":"Caltrops","floor":41.0},{"not_picked":["All Out Attack","Bane+1","Flying Knee"],"picked":"Singing Bowl","floor":44.0},{"not_picked":["Backflip+1","Masterful Stab"],"picked":"Calculated Gamble+1","floor":47.0},{"not_picked":["Sucker Punch","Deadly Poison+1"],"picked":"Malaise+1","floor":48}],"player_experience":3345239,"relics_obtained":[{"floor":6.0,"key":"Toxic Egg 2"},{"floor":9.0,"key":"Regal Pillow"},{"floor":10.0,"key":"Potion Belt"},{"floor":29.0,"key":"Red Mask"},{"floor":41.0,"key":"Blood Vial"},{"floor":43.0,"key":"Singing Bowl"},{"floor":48,"key":"Whetstone"}],"event_choices":[{"damage_healed":0.0,"max_hp_gain":0.0,"max_hp_loss":0.0,"gold_gain":0.0,"event_name":"Liars Game","player_choice":"Ignored","floor":2.0,"gold_loss":0.0,"damage_taken":0.0},{"cards_removed":["Strike_G"],"damage_healed":0.0,"max_hp_gain":0.0,"max_hp_loss":0.0,"gold_gain":0.0,"event_name":"The Cleric","player_choice":"Card Removal","floor":3.0,"gold_loss":75.0,"damage_taken":0.0},{"damage_healed":0.0,"max_hp_gain":0.0,"max_hp_loss":0.0,"gold_gain":50.0,"event_name":"FaceTrader","player_choice":"Touch","floor":4.0,"gold_loss":0.0,"damage_taken":6.0},{"damage_healed":0.0,"max_hp_gain":5.0,"max_hp_loss":0.0,"gold_gain":0.0,"event_name":"Forgotten Altar","player_choice":"Shed Blood","floor":19.0,"gold_loss":0.0,"damage_taken":23.0},{"damage_healed":0.0,"max_hp_gain":0.0,"max_hp_loss":0.0,"gold_gain":0.0,"event_name":"Masked Bandits","player_choice":"Fought Bandits","floor":29.0,"gold_loss":0.0,"damage_taken":0.0},{"cards_removed":["Strike_G"],"damage_healed":0.0,"max_hp_gain":0.0,"max_hp_loss":0.0,"gold_gain":0.0,"event_name":"Purifier","player_choice":"Purged","floor":30.0,"gold_loss":0.0,"damage_taken":0.0},{"damage_healed":0.0,"max_hp_gain":0.0,"max_hp_loss":0.0,"gold_gain":222.0,"event_name":"Tomb of Lord Red Mask","player_choice":"Wore Mask","floor":46.0,"gold_loss":0.0,"damage_taken":0.0}],"is_beta":true,"boss_relics":[{"not_picked":["Astrolabe","HoveringKite"],"picked":"Runic Pyramid"},{"not_picked":["Snecko Eye","Ring of the Serpent"],"picked":"Empty Cage"}],"items_purged_floors":[14,37],"is_endless":false,"potions_floor_spawned":[1,5,6,10,16,21,22,24,29,33,38,41,44],"killed_by":"Donu and Deca","ascension_level":18}