{"gold_per_floor":[114,128,148,166,166,166,176,0,26,26,201,201,219,232,232,335,335,355,368,368,9,24,24,35,63,119,136,11,35,35,46,46,143,143,154,4,4,104,124,124,0,34,71,83,95,107,119,131,143,155],"floor_reached":50,"playtime":4532,"items_purged":["Strike_R","Strike_R","Strike_R","Defend_R"],"score":505,"play_id":"f7739df9-dcef-4cf1-9db1-ce42c1938ae0","local_time":"20181130232516","is_ascension_mode":false,"campfire_choices":[{"data":"Rage","floor":6.0,"key":"SMITH"},{"data":"Iron Wave","floor":10.0,"key":"SMITH"},{"data":"Doubt","floor":15.0,"key":"PURGE"},{"data":"Strike_R","floor":23.0,"key":"PURGE"},{"floor":30,"key":"REST"},{"floor":32,"key":"REST"},{"data":"Barricade","floor":40,"key":"SMITH"},{"floor":44,"key":"REST"},{"floor":49,"key":"REST"}],"neow_cost":"NONE","seed_source_timestamp":0,"circlet_count":0,"master_deck":["Strike_R+1","Defend_R","Bash","Inflame","Armaments+1","Iron Wave+1","Rage+1","Juggernaut+1","Flex","Pommel Strike+1","Iron Wave","Body Slam+1","Barricade+1"],"special_seed":0,"relics":["Burning Blood","Anchor","Juzu Bracelet","Peace Pipe","Sozu","Sundial","Pen Nib","Tiny Chest","Vajra","Empty Cage","Ginger","Red Mask","MawBank","PreservedInsect","Regal Pillow","StoneCalendar"],"potions_floor_usage":[],"damage_taken":[{"damage":6.0,"enemies":"Cultist","floor":1.0,"turns":3.0},{"damage":8.0,"enemies":"Jaw Worm","floor":2.0,"turns":3.0},{"damage":5.0,"enemies":"Small Slimes","floor":3.0,"turns":3.0},{"damage":9.0,"enemies":"Blue Slaver","floor":4.0,"turns":5.0},{"damage":0.0,"enemies":"Large Slime","floor":7.0,"turns":5.0},{"damage":15.0,"enemies":"Exordium Thugs","floor":13.0,"turns":5.0},{"damage":0.0,"enemies":"Blue Slaver","floor":14.0,"turns":4.0},{"damage":46.0,"enemies":"Hexaghost","floor":16.0,"turns":11.0},{"damage":0.0,"enemies":"Chosen","floor":18.0,"turns":4.0},{"damage":17.0,"enemies":"Spheric Guardian","floor":19.0,"turns":4.0},{"damage":24.0,"enemies":"Shelled Parasite and Fungi","floor":22.0,"turns":5.0},{"damage":1.0,"enemies":"Centurion and Healer","floor":24.0,"turns":5.0},{"damage":45.0,"enemies":"Gremlin Leader","floor":25.0,"turns":6.0},{"damage":4,"enemies":"Snake Plant","floor":27,"turns":4},{"damage":0,"enemies":"Shelled Parasite and Fungi","floor":31,"turns":5},{"damage":50,"enemies":"Collector","floor":33,"turns":9},{"damage":38,"enemies":"3 Darklings","floor":35,"turns":5},{"damage":9,"enemies":"Mind Bloom Boss Battle","floor":38,"turns":5},{"damage":13,"enemies":"3 Shapes","floor":39,"turns":5},{"damage":22,"enemies":"Nemesis","floor":42,"turns":7},{"damage":88,"enemies":"Donu and Deca","floor":50,"turns":6}],"seed_played":"3867126236145177897","potions_obtained":[{"floor":1.0,"key":"Energy Potion"},{"floor":3.0,"key":"FearPotion"},{"floor":13.0,"key":"Poison Potion"}],"is_trial":false,"path_per_floor":["M","M","M","M","?","R","M","$","T","R","?","T","M","M","R","B",null,"M","M","?","$","M","R","M","E","E","T","M","$","T","R","M","R","B",null,"M","$","?","?","M","R","?","E","T","R","T","$","?","T","R","B"],"character_chosen":"IRONCLAD","items_purchased":["Fruit Juice","Sundial"],"campfire_rested":4,"item_purchase_floors":[8,21],"current_hp_per_floor":[80,78,79,76,60,60,66,71,71,71,71,71,62,68,68,28,85,85,74,74,74,56,56,61,22,22,24,24,24,49,55,80,36,85,53,53,53,50,43,43,43,27,27,52,52,52,52,52,85,0],"gold":155,"neow_bonus":"RANDOM_COMMON_RELIC","is_prod":false,"is_daily":false,"chose_seed":false,"campfire_upgraded":3,"win_rate":0.0,"timestamp":1543587916,"path_taken":["M","?","M","M","?","R","M","$","T","R","?","?","M","M","R","BOSS","M","M","?","$","M","R","M","E","T","M","?","?","R","M","R","BOSS","M","$","?","?","M","R","?","E","T","R","?","?","?","?","R","BOSS"],"build_version":"2018-11-15","purchased_purges":4,"victory":false,"max_hp_per_floor":[80,80,80,80,80,80,80,85,85,85,85,85,85,85,85,85,85,85,85,85,85,85,85,85,85,85,85,85,85,85,85,85,85,85,85,85,85,85,85,85,85,85,85,85,85,85,85,85,85,85],"card_choices":[{"not_picked":["Bloodletting","Blood for Blood"],"picked":"Inflame","floor":1.0},{"not_picked":["True Grit","Anger"],"picked":"Armaments","floor":2.0},{"not_picked":["Shrug It Off","Perfected Strike"],"picked":"Iron Wave","floor":3.0},{"not_picked":["Offering","Whirlwind"],"picked":"Rage","floor":4.0},{"not_picked":["Armaments","Shrug It Off","Cleave"],"picked":"SKIP","floor":7.0},{"not_picked":["Heavy Blade","Headbutt","Twin Strike"],"picked":"SKIP","floor":13.0},{"not_picked":["Twin Strike","Searing Blow","Thunderclap"],"picked":"SKIP","floor":14.0},{"not_picked":["Fiend Fire","Limit Break"],"picked":"Juggernaut","floor":16.0},{"not_picked":["Rage","Headbutt"],"picked":"Flex","floor":18.0},{"not_picked":["Blood for Blood","Combust"],"picked":"Pommel Strike+1","floor":19.0},{"not_picked":["Clash","Armaments","Clothesline"],"picked":"SKIP","floor":22.0},{"not_picked":["Warcry","Spot Weakness"],"picked":"Iron Wave","floor":24.0},{"not_picked":["Armaments","Carnage","Warcry"],"picked":"SKIP","floor":25},{"not_picked":["Iron Wave","Shrug It Off"],"picked":"Body Slam+1","floor":27},{"not_picked":["Sever Soul","Thunderclap","Pommel Strike+1"],"picked":"SKIP","floor":31},{"not_picked":["Feed","Double Tap"],"picked":"Barricade","floor":33},{"not_picked":["Spot Weakness+1","Combust","Disarm"],"picked":"SKIP","floor":35},{"not_picked":["Combust","Warcry+1"],"picked":"Dual Wield+1","floor":39},{"not_picked":["Carnage","Anger","Hemokinesis+1"],"picked":"SKIP","floor":42}],"player_experience":53954,"relics_obtained":[{"floor":9.0,"key":"Juzu Bracelet"},{"floor":12.0,"key":"Peace Pipe"},{"floor":25,"key":"Pen Nib"},{"floor":26,"key":"Tiny Chest"},{"floor":29,"key":"Vajra"},{"floor":38,"key":"Ginger"},{"floor":42,"key":"MawBank"},{"floor":43,"key":"PreservedInsect"},{"floor":45,"key":"Regal Pillow"},{"floor":48,"key":"StoneCalendar"}],"event_choices":[{"damage_healed":0.0,"max_hp_gain":0.0,"max_hp_loss":0.0,"gold_gain":0.0,"event_name":"Shining Light","player_choice":"Entered Light","floor":5.0,"gold_loss":0.0,"damage_taken":16.0,"cards_upgraded":["Strike_R","Armaments"]},{"damage_healed":0.0,"max_hp_gain":0.0,"max_hp_loss":0.0,"gold_gain":175.0,"event_name":"Liars Game","player_choice":"AGREE","floor":11.0,"gold_loss":0.0,"damage_taken":0.0,"cards_obtained":["Doubt"]},{"damage_healed":0.0,"max_hp_gain":0.0,"max_hp_loss":0.0,"gold_gain":0.0,"event_name":"Accursed Blacksmith","player_choice":"Forge","floor":20.0,"gold_loss":0.0,"damage_taken":0.0,"cards_upgraded":["Juggernaut"]},{"damage_healed":0,"gold_gain":0,"player_choice":"Ignored","damage_taken":0,"max_hp_gain":0,"max_hp_loss":0,"event_name":"SecretPortal","floor":37,"gold_loss":0},{"damage_healed":0,"gold_gain":0,"player_choice":"Fight","damage_taken":0,"max_hp_gain":0,"max_hp_loss":0,"event_name":"MindBloom","floor":38,"gold_loss":0},{"damage_healed":0,"gold_gain":0,"player_choice":"Paid","damage_taken":0,"relics_obtained":["Red Mask"],"max_hp_gain":0,"max_hp_loss":0,"event_name":"Tomb of Lord Red Mask","floor":41,"gold_loss":124},{"cards_removed":["Dual Wield"],"damage_healed":0,"gold_gain":0,"player_choice":"Removed Skill","damage_taken":0,"max_hp_gain":0,"max_hp_loss":0,"event_name":"Falling","floor":47,"gold_loss":0}],"is_beta":false,"boss_relics":[{"not_picked":["White Beast Statue","Velvet Choker"],"picked":"Sozu"},{"not_picked":["Astrolabe","Mark of Pain"],"picked":"Empty Cage"}],"items_purged_floors":[8,21,28,36],"is_endless":false,"potions_floor_spawned":[1,3,13,19,25,33,39],"killed_by":"Donu and Deca","ascension_level":0}