{"gold_per_floor":[17,32,49,66,66,66,77,107,107,107,124,142,142,162,162,238,238,255,255,274,307,307],"floor_reached":22,"playtime":1208,"items_purged":[],"score":377,"play_id":"c8c3249c-0b92-4688-b718-9fa2bd8ef441","local_time":"20190504062612","is_ascension_mode":true,"campfire_choices":[{"data":"Uppercut","floor":6,"key":"SMITH"},{"floor":10,"key":"DIG"},{"floor":13,"key":"DIG"},{"floor":15,"key":"DIG"}],"neow_cost":"NO_GOLD","seed_source_timestamp":653164673693449,"circlet_count":0,"master_deck":["AscendersBane","Strike_R","Strike_R","Strike_R","Strike_R","Strike_R","Defend_R","Defend_R","Defend_R","Defend_R","Bash","Panacea","Finesse","Headbutt","Twin Strike","Pommel Strike","Uppercut+1","Limit Break","Pommel Strike","Dropkick","Immolate","Iron Wave+1","Inflame","Disarm","Shrug It Off"],"relics":["Burning Blood","Dream Catcher","Shovel","Singing Bowl","Mango","Regal Pillow","Sozu","Red Mask"],"potions_floor_usage":[8,12,16,18],"damage_taken":[{"damage":2,"enemies":"Jaw Worm","floor":1,"turns":5},{"damage":12,"enemies":"Small Slimes","floor":2,"turns":4},{"damage":0,"enemies":"2 Louse","floor":3,"turns":3},{"damage":10,"enemies":"Red Slaver","floor":4,"turns":4},{"damage":13,"enemies":"Large Slime","floor":7,"turns":7},{"damage":31,"enemies":"3 Sentries","floor":8,"turns":9},{"damage":7,"enemies":"Blue Slaver","floor":11,"turns":4},{"damage":17,"enemies":"Exordium Wildlife","floor":12,"turns":6},{"damage":4,"enemies":"Red Slaver","floor":14,"turns":3},{"damage":65,"enemies":"The Guardian","floor":16,"turns":12},{"damage":39,"enemies":"Chosen","floor":18,"turns":6},{"damage":21,"enemies":"2 Thieves","floor":20,"turns":3},{"damage":39,"enemies":"Masked Bandits","floor":21,"turns":4},{"damage":16,"enemies":"Snake Plant","floor":22,"turns":4}],"seed_played":"2608499545504944315","potions_obtained":[{"floor":1,"key":"Poison Potion"},{"floor":7,"key":"FairyPotion"},{"floor":11,"key":"Regen Potion"},{"floor":14,"key":"FearPotion"},{"floor":16,"key":"Regen Potion"}],"is_trial":false,"path_per_floor":["M","M","M","M","?","R","M","E","T","R","M","M","R","M","R","B",null,"M","?","M","?","M"],"character_chosen":"IRONCLAD","items_purchased":[],"campfire_rested":0,"item_purchase_floors":[],"current_hp_per_floor":[72,66,72,68,73,73,66,41,41,41,40,46,60,64,64,15,77,59,59,44,11,0],"gold":307,"neow_bonus":"RANDOM_COLORLESS_2","is_prod":false,"is_daily":false,"chose_seed":false,"campfire_upgraded":1,"win_rate":0,"timestamp":1556918772,"path_taken":["M","M","M","M","?","R","M","E","T","R","M","M","R","M","R","BOSS","M","?","M","?","M"],"build_version":"2019-04-23","purchased_purges":0,"victory":false,"max_hp_per_floor":[75,75,75,75,80,80,80,80,80,80,80,82,96,98,98,98,98,98,98,98,98,98],"card_choices":[{"not_picked":["Clothesline","Wild Strike"],"picked":"Headbutt","floor":1},{"not_picked":["Sword Boomerang","Wild Strike"],"picked":"Twin Strike","floor":2},{"not_picked":["Body Slam","Corruption"],"picked":"Pommel Strike","floor":3},{"not_picked":["Carnage","Disarm"],"picked":"Uppercut","floor":4},{"not_picked":["Cleave","Heavy Blade"],"picked":"Limit Break","floor":7},{"not_picked":["Perfected Strike","Wild Strike"],"picked":"Pommel Strike","floor":8},{"not_picked":["Corruption","Heavy Blade"],"picked":"Dropkick","floor":11},{"not_picked":["Twin Strike","Havoc","Warcry"],"picked":"Singing Bowl","floor":12},{"not_picked":["Body Slam","Headbutt","Metallicize"],"picked":"Singing Bowl","floor":14},{"not_picked":["Exhume","Impervious"],"picked":"Immolate","floor":16},{"not_picked":["Twin Strike","Feel No Pain"],"picked":"Iron Wave+1","floor":18},{"not_picked":["Havoc","Metallicize"],"picked":"Disarm","floor":20},{"not_picked":["Perfected Strike","Carnage"],"picked":"Shrug It Off","floor":21}],"player_experience":3151333,"relics_obtained":[{"floor":8,"key":"Dream Catcher"},{"floor":9,"key":"Shovel"},{"floor":10,"key":"Singing Bowl"},{"floor":13,"key":"Mango"},{"floor":15,"key":"Regal Pillow"},{"floor":21,"key":"Red Mask"}],"event_choices":[{"damage_healed":0,"gold_gain":0,"player_choice":"Donut","damage_taken":0,"max_hp_gain":5,"max_hp_loss":0,"event_name":"Big Fish","floor":5,"gold_loss":0},{"damage_healed":0,"gold_gain":0,"player_choice":"Read","damage_taken":0,"max_hp_gain":0,"max_hp_loss":0,"event_name":"The Library","floor":19,"gold_loss":0,"cards_obtained":["Inflame"]},{"damage_healed":0,"gold_gain":0,"player_choice":"Fought Bandits","damage_taken":0,"max_hp_gain":0,"max_hp_loss":0,"event_name":"Masked Bandits","floor":21,"gold_loss":0}],"is_beta":true,"boss_relics":[{"not_picked":["Philosopher\u0027s Stone","Coffee Dripper"],"picked":"Sozu"}],"items_purged_floors":[],"is_endless":false,"potions_floor_spawned":[1,7,11,14,16,20],"killed_by":"Snake Plant","ascension_level":17}