{"gold_per_floor":[114,132,57,75,250,250,284,304,331,331,281,291,291,291,291,291],"floor_reached":16,"playtime":1236,"items_purged":["Strike_G"],"score":100,"play_id":"0f99dc68-b4b5-458d-9f85-1b78a985951b","local_time":"20181126003933","is_ascension_mode":false,"campfire_choices":[{"data":"Poisoned Stab","floor":6,"key":"SMITH"},{"floor":10,"key":"REST"},{"data":"Distraction","floor":13,"key":"SMITH"},{"data":"Backstab","floor":15,"key":"SMITH"}],"neow_cost":"NONE","seed_source_timestamp":887689995586558,"circlet_count":0,"master_deck":["Defend_G","Defend_G","Defend_G","Defend_G","Defend_G","Strike_G","Strike_G","Strike_G","Strike_G","Survivor","Neutralize","Prepared","Poisoned Stab+1","Backstab+1","Distraction+1","Escape Plan"],"relics":["Ring of the Snake","NeowsBlessing","Boot","Regal Pillow"],"potions_floor_usage":[16,16,16],"damage_taken":[{"damage":0,"enemies":"Jaw Worm","floor":1,"turns":1},{"damage":0,"enemies":"Small Slimes","floor":2,"turns":1},{"damage":0,"enemies":"2 Louse","floor":4,"turns":1},{"damage":52,"enemies":"Gremlin Nob","floor":7,"turns":6},{"damage":1,"enemies":"2 Fungi Beasts","floor":8,"turns":3},{"damage":3,"enemies":"Lots of Slimes","floor":12,"turns":5},{"damage":50,"enemies":"Hexaghost","floor":16,"turns":14}],"seed_played":"8792325976840901700","potions_obtained":[{"floor":2,"key":"Block Potion"},{"floor":8,"key":"SpeedPotion"},{"floor":12,"key":"Ancient Potion"}],"is_trial":false,"path_per_floor":["M","M","$","M","?","R","E","M","T","R","?","M","R","?","R","B"],"character_chosen":"THE_SILENT","items_purchased":[],"campfire_rested":1,"item_purchase_floors":[],"current_hp_per_floor":[70,70,70,70,70,70,18,17,17,53,53,50,50,50,50,0],"gold":291,"neow_bonus":"THREE_ENEMY_KILL","is_prod":false,"is_daily":false,"chose_seed":false,"campfire_upgraded":3,"win_rate":0.0,"timestamp":1543160373,"path_taken":["M","M","$","M","?","R","E","M","T","R","?","M","R","?","R","BOSS"],"build_version":"2018-11-15","purchased_purges":1,"victory":false,"max_hp_per_floor":[70,70,70,70,70,70,70,70,70,70,70,70,70,70,70,70],"card_choices":[{"not_picked":["Acrobatics","Leg Sweep"],"picked":"Prepared","floor":1},{"not_picked":["Flechettes","Heel Hook"],"picked":"Poisoned Stab","floor":2},{"not_picked":["Blur","Reflex"],"picked":"Backstab","floor":4},{"not_picked":["A Thousand Cuts","Blade Dance","Outmaneuver"],"picked":"SKIP","floor":7},{"not_picked":["Dagger Spray","Flechettes"],"picked":"Distraction","floor":8},{"not_picked":["Predator","Sucker Punch"],"picked":"Escape Plan","floor":12}],"player_experience":10621,"relics_obtained":[{"floor":7,"key":"Boot"},{"floor":9,"key":"Regal Pillow"}],"event_choices":[{"damage_healed":0,"gold_gain":175,"player_choice":"AGREE","damage_taken":0,"max_hp_gain":0,"max_hp_loss":0,"event_name":"Liars Game","floor":5,"gold_loss":0,"cards_obtained":["Doubt"]},{"cards_removed":["Doubt"],"damage_healed":0,"gold_gain":0,"player_choice":"Card Removal","damage_taken":0,"max_hp_gain":0,"max_hp_loss":0,"event_name":"The Cleric","floor":11,"gold_loss":50},{"damage_healed":0,"gold_gain":0,"player_choice":"Ignored","damage_taken":0,"max_hp_gain":0,"max_hp_loss":0,"event_name":"Golden Idol","floor":14,"gold_loss":0}],"is_beta":false,"boss_relics":[],"items_purged_floors":[3],"is_endless":false,"potions_floor_spawned":[2,8,12],"killed_by":"Hexaghost","ascension_level":0}