{"gold_per_floor":[114,128,140,140,154,154,181,240,240,240,240,271,271,287,287,389,389,407,427,427,427],"floor_reached":21,"playtime":1292,"items_purged":[],"score":293,"play_id":"7515fdac-48c9-44b1-a48f-f3e5dbbf7317","local_time":"20190512101613","is_ascension_mode":true,"campfire_choices":[{"data":"Doom and Gloom","floor":6,"key":"SMITH"},{"floor":11,"key":"REST"},{"floor":13,"key":"REST"},{"data":"Creative AI","floor":15,"key":"SMITH"}],"neow_cost":"NONE","seed_source_timestamp":1347332487844190,"circlet_count":0,"master_deck":["AscendersBane","Strike_B","Strike_B","Strike_B","Strike_B","Defend_B","Defend_B","Defend_B","Defend_B","Zap","Dualcast","Melter","Doom and Gloom+1","Auto Shields","Reinforced Body","Cold Snap","Creative AI+1","Turbo","Hologram+1"],"relics":["Cracked Core","Dodecahedron","Gremlin Horn","Symbiotic Virus","Gambling Chip","Snecko Eye"],"potions_floor_usage":[7,12,21,21],"damage_taken":[{"damage":4,"enemies":"Small Slimes","floor":1,"turns":4},{"damage":2,"enemies":"Jaw Worm","floor":2,"turns":3},{"damage":1,"enemies":"Cultist","floor":3,"turns":3},{"damage":5,"enemies":"2 Fungi Beasts","floor":5,"turns":3},{"damage":26,"enemies":"Gremlin Nob","floor":7,"turns":5},{"damage":50,"enemies":"Gremlin Nob","floor":8,"turns":5},{"damage":15,"enemies":"3 Sentries","floor":12,"turns":5},{"damage":0,"enemies":"Lots of Slimes","floor":14,"turns":1},{"damage":15,"enemies":"Slime Boss","floor":16,"turns":8},{"damage":14,"enemies":"Shell Parasite","floor":18,"turns":4},{"damage":18,"enemies":"3 Byrds","floor":19,"turns":4},{"damage":36,"enemies":"Shelled Parasite and Fungi","floor":21,"turns":8}],"seed_played":"2558336760257042223","potions_obtained":[{"floor":1,"key":"LiquidBronze"},{"floor":3,"key":"Regen Potion"},{"floor":19,"key":"Regen Potion"},{"floor":20,"key":"Block Potion"}],"is_trial":false,"path_per_floor":["M","M","M","$","M","R","E","?","T","?","R","E","R","M","R","B",null,"M","M","?","M"],"character_chosen":"DEFECT","items_purchased":[],"campfire_rested":2,"item_purchase_floors":[],"current_hp_per_floor":[71,69,68,68,63,63,51,1,1,1,25,10,34,34,34,19,66,52,34,34,13],"gold":427,"neow_bonus":"TEN_PERCENT_HP_BONUS","is_prod":false,"is_daily":false,"chose_seed":false,"campfire_upgraded":2,"win_rate":0,"timestamp":1557648973,"path_taken":["M","M","M","$","M","R","E","?","T","?","R","E","R","?","R","BOSS","M","M","?","?"],"build_version":"2019-01-23","purchased_purges":0,"victory":false,"max_hp_per_floor":[82,82,82,82,82,82,82,82,82,82,82,82,82,82,82,82,82,82,82,82,82],"card_choices":[{"not_picked":["Capacitor","Steam"],"picked":"Melter","floor":1},{"not_picked":["Conserve Battery","Cold Snap"],"picked":"Doom and Gloom","floor":2},{"not_picked":["Turbo","Reprogram"],"picked":"Auto Shields","floor":3},{"not_picked":["Melter","Cold Snap","Redo"],"picked":"SKIP","floor":5},{"not_picked":["Melter","Gash"],"picked":"Reinforced Body","floor":7},{"not_picked":["All For One","Rebound"],"picked":"Cold Snap","floor":8},{"not_picked":["Leap","Consume"],"picked":"Creative AI","floor":12},{"not_picked":["Sweeping Beam","Loop"],"picked":"Turbo","floor":14},{"not_picked":["Steam Power+1","Fusion+1"],"picked":"Hologram+1","floor":18},{"not_picked":["Barrage","Chaos","Hologram"],"picked":"SKIP","floor":19}],"player_experience":564997,"relics_obtained":[{"floor":7,"key":"Dodecahedron"},{"floor":8,"key":"Gremlin Horn"},{"floor":9,"key":"Symbiotic Virus"},{"floor":12,"key":"Gambling Chip"}],"event_choices":[{"damage_healed":0,"gold_gain":0,"player_choice":"Searched \u00272\u0027 times","damage_taken":0,"max_hp_gain":0,"max_hp_loss":0,"event_name":"Dead Adventurer","floor":8,"gold_loss":0},{"damage_healed":0,"gold_gain":0,"player_choice":"Bought 0 Potions","damage_taken":0,"max_hp_gain":0,"max_hp_loss":0,"event_name":"The Woman in Blue","floor":10,"gold_loss":0},{"damage_healed":0,"gold_gain":0,"player_choice":"Got Potions","damage_taken":0,"max_hp_gain":0,"max_hp_loss":0,"event_name":"Lab","floor":20,"gold_loss":0}],"is_beta":false,"boss_relics":[{"not_picked":["Black Star","Fusion Hammer"],"picked":"Snecko Eye"}],"items_purged_floors":[],"is_endless":false,"potions_floor_spawned":[1,3,5,19],"killed_by":"Shelled Parasite and Fungi","ascension_level":11}