{"gold_per_floor":[110,110,110,121,13,13,41,54,54,72,103,119,119,147,147,147],"floor_reached":16,"playtime":798,"items_purged":[],"score":290,"play_id":"c7931d02-061a-4b08-a2f1-1231b1848149","local_time":"20190529180028","is_ascension_mode":true,"campfire_choices":[{"data":"Discovery","floor":6,"key":"SMITH"},{"floor":13,"key":"REST"},{"floor":15,"key":"REST"}],"neow_cost":"NONE","seed_source_timestamp":271270110590993,"circlet_count":0,"master_deck":["AscendersBane","Strike_R","Strike_R","Strike_R","Strike_R","Strike_R","Defend_R","Defend_R","Defend_R","Defend_R","Bash","Rage","Regret","Sword Boomerang","Discovery+1","Dark Embrace","Infernal Blade","Shrug It Off","Infernal Blade","Disarm","Dropkick"],"relics":["Burning Blood","NeowsBlessing","Sundial","Shuriken","Oddly Smooth Stone","PreservedInsect","Pantograph","Orichalcum"],"potions_floor_usage":[12,16,16],"damage_taken":[{"damage":0,"enemies":"Jaw Worm","floor":1,"turns":1},{"damage":2,"enemies":"Small Slimes","floor":4,"turns":2},{"damage":0,"enemies":"Gremlin Nob","floor":7,"turns":1},{"damage":0,"enemies":"Cultist","floor":8,"turns":4},{"damage":14,"enemies":"Large Slime","floor":10,"turns":6},{"damage":42,"enemies":"3 Sentries","floor":11,"turns":7},{"damage":0,"enemies":"2 Fungi Beasts","floor":12,"turns":3},{"damage":24,"enemies":"Lagavulin","floor":14,"turns":5},{"damage":78,"enemies":"Slime Boss","floor":16,"turns":7}],"seed_played":"-3888308372388453819","potions_obtained":[{"floor":11,"key":"Block Potion"},{"floor":12,"key":"Swift Potion"},{"floor":14,"key":"Poison Potion"}],"is_trial":false,"path_per_floor":["M","?","?","M","$","R","E","M","T","M","E","M","R","E","R","B"],"character_chosen":"IRONCLAD","items_purchased":["Discovery"],"campfire_rested":2,"item_purchase_floors":[5],"current_hp_per_floor":[74,74,56,60,60,60,66,72,72,64,28,34,56,38,60,0],"gold":147,"neow_bonus":"THREE_ENEMY_KILL","is_prod":false,"is_daily":false,"chose_seed":false,"campfire_upgraded":1,"win_rate":0,"timestamp":1559142028,"path_taken":["M","?","?","M","$","R","E","M","T","M","E","M","R","E","R","BOSS"],"build_version":"2019-01-23","purchased_purges":0,"victory":false,"max_hp_per_floor":[75,75,75,75,75,75,75,75,75,75,75,75,75,75,75,75],"card_choices":[{"not_picked":["Sword Boomerang","Blood for Blood"],"picked":"Rage","floor":1},{"not_picked":["Evolve","Thunderclap"],"picked":"Sword Boomerang","floor":4},{"not_picked":["Second Wind","Iron Wave"],"picked":"Dark Embrace","floor":7},{"not_picked":["Perfected Strike","Shrug It Off"],"picked":"Infernal Blade","floor":8},{"not_picked":["Rupture","Flex"],"picked":"Shrug It Off","floor":10},{"not_picked":["Perfected Strike","Rage"],"picked":"Infernal Blade","floor":11},{"not_picked":["Rampage","Second Wind"],"picked":"Disarm","floor":12},{"not_picked":["Anger","Clash"],"picked":"Dropkick","floor":14}],"player_experience":1424953,"relics_obtained":[{"floor":7,"key":"Oddly Smooth Stone"},{"floor":9,"key":"PreservedInsect"},{"floor":11,"key":"Pantograph"},{"floor":14,"key":"Orichalcum"}],"event_choices":[{"damage_healed":0,"gold_gain":0,"player_choice":"Box","damage_taken":0,"relics_obtained":["Sundial"],"max_hp_gain":0,"max_hp_loss":0,"event_name":"Big Fish","floor":2,"gold_loss":0,"cards_obtained":["Regret"]},{"damage_healed":0,"gold_gain":0,"player_choice":"Success","damage_taken":18,"relics_obtained":["Shuriken"],"max_hp_gain":0,"max_hp_loss":0,"event_name":"Scrap Ooze","floor":3,"gold_loss":0}],"is_beta":false,"boss_relics":[],"items_purged_floors":[],"is_endless":false,"potions_floor_spawned":[11,12,14],"killed_by":"Slime Boss","ascension_level":20}