{"gold_per_floor":[118,130,150,150,162,189,189,253,308,308,325,337,362,30,30,125,125,140,157,157,173,183,15,15,35,35,35,12,12],"floor_reached":29,"playtime":1558,"items_purged":[],"score":227,"play_id":"b0200514-3ef6-4faa-9162-9773061bd847","local_time":"20190601184550","is_ascension_mode":false,"campfire_choices":[{"floor":7.0,"key":"REST"},{"floor":10.0,"key":"REST"},{"floor":15.0,"key":"REST"},{"floor":24,"key":"REST"}],"neow_cost":"NONE","seed_source_timestamp":0,"circlet_count":0,"master_deck":["Strike_B+1","Defend_B","Defend_B","Defend_B","Zap","Dualcast","Chaos","Hello World","Recycle+1","Creative AI","Electrodynamics","FTL","Go for the Eyes","Leap","Apotheosis","Streamline","Echo Form","Rebound+1","Compile Driver+1","Tempest+1","Storm","Barrage","Cold Snap","BootSequence","Gash","Buffer","Turbo"],"special_seed":0,"relics":["Cracked Core","NeowsBlessing","Ancient Tea Set","Art of War","Tiny Chest","Pen Nib","DataDisk","Astrolabe","Bronze Scales","Matryoshka"],"potions_floor_usage":[22,29],"damage_taken":[{"damage":0.0,"enemies":"Cultist","floor":1.0,"turns":1.0},{"damage":0.0,"enemies":"Small Slimes","floor":2.0,"turns":1.0},{"damage":0.0,"enemies":"Jaw Worm","floor":3.0,"turns":1.0},{"damage":5.0,"enemies":"Looter","floor":5.0,"turns":3.0},{"damage":25.0,"enemies":"Lagavulin","floor":6.0,"turns":9.0},{"damage":22.0,"enemies":"3 Sentries","floor":8.0,"turns":3.0},{"damage":17.0,"enemies":"Large Slime","floor":11.0,"turns":4.0},{"damage":6.0,"enemies":"Gremlin Gang","floor":12.0,"turns":2.0},{"damage":17.0,"enemies":"Hexaghost","floor":16.0,"turns":6.0},{"damage":5.0,"enemies":"3 Byrds","floor":18.0,"turns":2.0},{"damage":18.0,"enemies":"2 Thieves","floor":19.0,"turns":3.0},{"damage":27.0,"enemies":"Snecko","floor":21.0,"turns":4.0},{"damage":9,"enemies":"Centurion and Healer","floor":22,"turns":4},{"damage":34,"enemies":"Cultist and Chosen","floor":25,"turns":6},{"damage":9,"enemies":"Shelled Parasite and Fungi","floor":29,"turns":2}],"seed_played":"194848958567735903","potions_obtained":[{"floor":3.0,"key":"Dexterity Potion"},{"floor":5.0,"key":"Explosive Potion"},{"floor":8.0,"key":"SpeedPotion"},{"floor":11.0,"key":"AttackPotion"},{"floor":21.0,"key":"EssenceOfSteel"},{"floor":25,"key":"LiquidBronze"}],"is_trial":false,"path_per_floor":["M","M","M","?","M","E","R","?","T","R","M","M","T","$","R","B",null,"M","M","?","M","M","$","R","M","T","?","$","M"],"character_chosen":"DEFECT","items_purchased":["DataDisk","Apotheosis","Streamline","Bronze Scales","Gash","Turbo"],"campfire_rested":4,"item_purchase_floors":[14,14,14,23,23,28],"current_hp_per_floor":[75,75,75,60,55,30,52,30,30,52,35,29,29,29,51,34,75,70,52,52,25,16,16,38,4,4,4,4,0],"gold":12,"neow_bonus":"THREE_ENEMY_KILL","is_prod":false,"is_daily":false,"chose_seed":false,"campfire_upgraded":0,"win_rate":0,"timestamp":1559432750,"path_taken":["M","M","?","?","M","E","R","?","T","R","M","M","?","?","R","BOSS","M","M","?","?","M","$","R","M","T","?","?","M"],"build_version":"2019-01-23","purchased_purges":0,"victory":false,"max_hp_per_floor":[75,75,75,75,75,75,75,75,75,75,75,75,75,75,75,75,75,75,75,75,75,75,75,75,75,75,75,75,75],"card_choices":[{"not_picked":["Compile Driver","Heatsinks"],"picked":"Chaos","floor":1.0},{"not_picked":["Double Energy","White Noise"],"picked":"Hello World","floor":2.0},{"not_picked":["Redo","Stack"],"picked":"Recycle","floor":3.0},{"not_picked":["Fusion","Steam"],"picked":"Creative AI","floor":5.0},{"not_picked":["Multi-Cast","Auto Shields"],"picked":"Electrodynamics","floor":6.0},{"not_picked":["Rebound","Barrage"],"picked":"FTL","floor":8.0},{"not_picked":["Gash","Hologram"],"picked":"Go for the Eyes","floor":11.0},{"not_picked":["Cold Snap","Gash"],"picked":"Leap","floor":12.0},{"not_picked":["Hyperbeam","Multi-Cast"],"picked":"Echo Form","floor":16.0},{"not_picked":["Recycle+1","Aggregate+1"],"picked":"Storm","floor":18.0},{"not_picked":["Gash+1","Compile Driver"],"picked":"Barrage","floor":19.0},{"not_picked":["Scrape","Reinforced Body"],"picked":"Cold Snap","floor":21.0},{"not_picked":["Double Energy","Steam"],"picked":"BootSequence","floor":22},{"not_picked":["Streamline","Consume"],"picked":"Buffer","floor":25}],"player_experience":446152,"relics_obtained":[{"floor":6.0,"key":"Ancient Tea Set"},{"floor":8.0,"key":"Art of War"},{"floor":9.0,"key":"Tiny Chest"},{"floor":13.0,"key":"Pen Nib"},{"floor":26,"key":"Matryoshka"}],"event_choices":[{"damage_healed":0.0,"max_hp_gain":0.0,"max_hp_loss":0.0,"gold_gain":0.0,"event_name":"Shining Light","player_choice":"Entered Light","floor":4.0,"gold_loss":0.0,"damage_taken":15.0,"cards_upgraded":["Recycle","Strike_B"]},{"damage_healed":0.0,"max_hp_gain":0.0,"max_hp_loss":0.0,"gold_gain":0.0,"event_name":"Dead Adventurer","player_choice":"Searched \u00272\u0027 times","floor":8.0,"gold_loss":0.0,"damage_taken":0.0},{"cards_removed":["Strike_B"],"damage_healed":0.0,"max_hp_gain":0.0,"max_hp_loss":0.0,"gold_gain":0.0,"event_name":"Purifier","player_choice":"Purged","floor":20.0,"gold_loss":0.0,"damage_taken":0.0},{"damage_healed":0,"gold_gain":0,"player_choice":"Ignored","damage_taken":0,"max_hp_gain":0,"max_hp_loss":0,"event_name":"Ghosts","floor":27,"gold_loss":0}],"is_beta":false,"boss_relics":[{"not_picked":["White Beast Statue","Inserter"],"picked":"Astrolabe"}],"items_purged_floors":[],"is_endless":false,"potions_floor_spawned":[3,5,8,11,21,25],"killed_by":"Shelled Parasite and Fungi","ascension_level":0}