{"gold_per_floor":[20,31,48,48,48,48,68,68,92,92,103,137,153,153,153,229,229,245,264,264,264],"floor_reached":21,"playtime":573,"items_purged":[],"score":362,"play_id":"dc9e2fd1-4a20-4c30-8829-13aa44b2b910","local_time":"20190528001542","is_ascension_mode":true,"campfire_choices":[{"floor":6,"key":"REST"},{"floor":8,"key":"REST"},{"floor":10,"key":"REST"},{"floor":15,"key":"REST"}],"neow_cost":"NO_GOLD","seed_source_timestamp":95823697370500,"circlet_count":0,"master_deck":["AscendersBane","Strike_B","Strike_B","Strike_B","Defend_B+1","Defend_B+1","Defend_B","Zap+1","Dualcast+1","Chill","BootSequence","Ball Lightning","Fusion","Compile Driver","Barrage","Hologram","Machine Learning","Sweeping Beam","Doom and Gloom","Leap","Sunder","Coolheaded","Turbo+1","Decay"],"relics":["Cracked Core","War Paint","Potion Belt","Bag of Marbles","Orrery"],"potions_floor_usage":[7,12,16],"damage_taken":[{"damage":8,"enemies":"2 Louse","floor":1,"turns":2},{"damage":7,"enemies":"Jaw Worm","floor":2,"turns":3},{"damage":5,"enemies":"Small Slimes","floor":3,"turns":3},{"damage":34,"enemies":"Gremlin Gang","floor":7,"turns":8},{"damage":0,"enemies":"Exordium Thugs","floor":11,"turns":5},{"damage":34,"enemies":"Gremlin Nob","floor":12,"turns":4},{"damage":0,"enemies":"3 Louse","floor":13,"turns":4},{"damage":14,"enemies":"Slime Boss","floor":16,"turns":9},{"damage":24,"enemies":"Shell Parasite","floor":18,"turns":8},{"damage":19,"enemies":"3 Byrds","floor":19,"turns":5},{"damage":21,"enemies":"Snake Plant","floor":21,"turns":2}],"seed_played":"-8833340462323101332","potions_obtained":[{"floor":1,"key":"SpeedPotion"},{"floor":3,"key":"Weak Potion"},{"floor":12,"key":"SteroidPotion"},{"floor":16,"key":"EssenceOfSteel"},{"floor":19,"key":"Explosive Potion"}],"is_trial":false,"path_per_floor":["M","M","M","?","T","R","M","R","T","R","M","E","M","?","R","B",null,"M","M","?","M"],"character_chosen":"DEFECT","items_purchased":[],"campfire_rested":4,"item_purchase_floors":[],"current_hp_per_floor":[56,49,44,23,23,44,10,31,31,52,52,18,18,13,34,20,58,34,15,15,0],"gold":264,"neow_bonus":"REMOVE_TWO","is_prod":false,"is_daily":false,"chose_seed":false,"campfire_upgraded":0,"win_rate":0,"timestamp":1558970142,"path_taken":["M","M","M","?","?","R","M","R","T","R","M","E","M","?","R","BOSS","M","M","?","M"],"build_version":"2019-01-23","purchased_purges":0,"victory":false,"max_hp_per_floor":[71,71,71,71,71,71,71,71,71,71,71,71,71,71,71,71,71,71,71,71,71],"card_choices":[{"not_picked":["Tempest","Redo"],"picked":"Chill","floor":1},{"not_picked":["Skim","Go for the Eyes"],"picked":"BootSequence","floor":2},{"not_picked":["Go for the Eyes","Streamline"],"picked":"Ball Lightning","floor":3},{"not_picked":["Genetic Algorithm","Hologram"],"picked":"Fusion","floor":7},{"not_picked":["Hologram","Redo"],"picked":"Compile Driver","floor":11},{"not_picked":["Double Energy","Steam Power"],"picked":"Barrage","floor":12},{"not_picked":["Cold Snap","Force Field"],"picked":"Hologram","floor":13},{"not_picked":["Rainbow","Thunder Strike"],"picked":"Machine Learning","floor":16},{"not_picked":["Steam","BootSequence"],"picked":"Sweeping Beam","floor":17},{"not_picked":["Static Discharge","Sweeping Beam"],"picked":"Doom and Gloom","floor":17},{"not_picked":["Barrage","Reprogram"],"picked":"Leap","floor":17},{"not_picked":["Conserve Battery","Gash"],"picked":"Sunder","floor":17},{"not_picked":["Go for the Eyes","Hologram"],"picked":"Coolheaded","floor":18},{"not_picked":["Conserve Battery","Defragment"],"picked":"Turbo+1","floor":19}],"player_experience":5171811,"relics_obtained":[{"floor":9,"key":"War Paint"},{"floor":12,"key":"Potion Belt"}],"event_choices":[{"damage_healed":0,"gold_gain":0,"player_choice":"Entered Light","damage_taken":21,"max_hp_gain":0,"max_hp_loss":0,"event_name":"Shining Light","floor":4,"gold_loss":0,"cards_upgraded":["Dualcast","Defend_B"]},{"damage_healed":0,"gold_gain":0,"player_choice":"Success","damage_taken":5,"relics_obtained":["Bag of Marbles"],"max_hp_gain":0,"max_hp_loss":0,"event_name":"Scrap Ooze","floor":14,"gold_loss":0},{"damage_healed":0,"gold_gain":0,"player_choice":"Smashed Altar","damage_taken":0,"max_hp_gain":0,"max_hp_loss":0,"event_name":"Forgotten Altar","floor":20,"gold_loss":0,"cards_obtained":["Decay"]}],"is_beta":false,"boss_relics":[{"not_picked":["Nuclear Battery","Snecko Eye"],"picked":"Orrery"}],"items_purged_floors":[],"is_endless":false,"potions_floor_spawned":[1,3,12,16,19],"killed_by":"Snake Plant","ascension_level":20}