{"gold_per_floor":[15,26,44,44,59,59,90,90,162,122,122,71,84,84],"floor_reached":14,"playtime":321,"items_purged":[],"score":180,"play_id":"5624570a-07f4-4214-8cc1-b65373983fc2","local_time":"20190505024620","is_ascension_mode":true,"campfire_choices":[{"data":"Beam Cell","floor":6,"key":"SMITH"},{"data":"Darkness","floor":11,"key":"SMITH"}],"neow_cost":"NO_GOLD","seed_source_timestamp":1208620709439400,"circlet_count":0,"master_deck":["AscendersBane","Strike_B","Strike_B","Strike_B","Strike_B","Defend_B","Defend_B","Defend_B","Defend_B","Zap","Dualcast","Barrage","Conserve Battery","Beam Cell+1","Compile Driver","Darkness+1","Ball Lightning","Self Repair"],"relics":["Cracked Core","NlothsMask","WingedGreaves"],"potions_floor_usage":[7,13,14,14,14,14],"damage_taken":[{"damage":2,"enemies":"Cultist","floor":1,"turns":4},{"damage":9,"enemies":"2 Louse","floor":2,"turns":3},{"damage":5,"enemies":"Small Slimes","floor":3,"turns":5},{"damage":12,"enemies":"Exordium Wildlife","floor":5,"turns":4},{"damage":30,"enemies":"Gremlin Nob","floor":7,"turns":4},{"damage":8,"enemies":"Large Slime","floor":13,"turns":4},{"damage":16,"enemies":"Lagavulin","floor":14,"turns":4}],"seed_played":"-4027903792043259430","potions_obtained":[{"floor":1,"key":"SkillPotion"},{"floor":5,"key":"Ancient Potion"},{"floor":10,"key":"EntropicBrew"},{"floor":13,"key":"Dexterity Potion"}],"is_trial":false,"path_per_floor":["M","M","M","?","M","R","E","?","T","?","R","$","M","E"],"character_chosen":"DEFECT","items_purchased":["Ball Lightning"],"campfire_rested":0,"item_purchase_floors":[12],"current_hp_per_floor":[76,67,62,62,50,50,20,20,20,20,20,20,12,0],"gold":84,"neow_bonus":"TWENTY_PERCENT_HP_BONUS","is_prod":false,"is_daily":false,"chose_seed":false,"campfire_upgraded":2,"win_rate":0,"timestamp":1556991980,"path_taken":["M","M","M","?","?","R","E","?","T","?","R","$","?","E"],"build_version":"2019-01-23","purchased_purges":0,"victory":false,"max_hp_per_floor":[85,85,85,85,85,85,85,85,85,85,85,85,85,85],"card_choices":[{"not_picked":["Capacitor","Coolheaded"],"picked":"Barrage","floor":1},{"not_picked":["Sweeping Beam","Reprogram"],"picked":"Conserve Battery","floor":2},{"not_picked":["Go for the Eyes","Reboot"],"picked":"Beam Cell","floor":3},{"not_picked":["Aggregate","Redo"],"picked":"Compile Driver","floor":5},{"not_picked":["Leap","Melter"],"picked":"Darkness","floor":7},{"not_picked":["Leap","Stack"],"picked":"Self Repair","floor":13}],"player_experience":4919191,"relics_obtained":[{"floor":7,"key":"WingedGreaves"}],"event_choices":[{"damage_healed":0,"gold_gain":0,"player_choice":"Trade","damage_taken":0,"relics_obtained":["NlothsMask"],"max_hp_gain":0,"max_hp_loss":0,"event_name":"FaceTrader","floor":4,"gold_loss":0},{"damage_healed":0,"gold_gain":0,"player_choice":"Ignored","damage_taken":0,"max_hp_gain":0,"max_hp_loss":0,"event_name":"Liars Game","floor":8,"gold_loss":0},{"damage_healed":0,"gold_gain":0,"player_choice":"Bought 3 Potions","damage_taken":0,"max_hp_gain":0,"max_hp_loss":0,"event_name":"The Woman in Blue","floor":10,"gold_loss":0}],"is_beta":false,"boss_relics":[],"items_purged_floors":[],"is_endless":false,"potions_floor_spawned":[1,5,13],"killed_by":"Lagavulin","ascension_level":20}