{"gold_per_floor":[112,112,262,262,262,305,305,349,349,365,386,386,386,405,405,405],"floor_reached":16,"playtime":558,"items_purged":[],"score":316,"play_id":"a5da79a2-d561-4f00-a9f3-467544393e78","local_time":"20190601114242","is_ascension_mode":true,"campfire_choices":[{"data":"Exhume","floor":7,"key":"SMITH"},{"data":"Juggernaut","floor":12,"key":"SMITH"},{"floor":15,"key":"REST"}],"neow_cost":"NONE","seed_source_timestamp":508040445020359,"circlet_count":0,"master_deck":["AscendersBane","Strike_R","Strike_R","Strike_R","Strike_R","Strike_R","Defend_R","Defend_R","Defend_R","Defend_R","Bash","Feel No Pain","Regret","Doubt","Bash","Flex","Exhume+1","Sentinel","Juggernaut+1","Anger","Sentinel","Armaments"],"relics":["Burning Blood","NeowsBlessing","Oddly Smooth Stone","Golden Idol","Boot","Bottled Lightning","Pear","Lantern"],"potions_floor_usage":[14],"damage_taken":[{"damage":0,"enemies":"Jaw Worm","floor":1,"turns":1},{"damage":0,"enemies":"Lagavulin","floor":6,"turns":1},{"damage":0,"enemies":"Gremlin Nob","floor":8,"turns":1},{"damage":8,"enemies":"Small Slimes","floor":10,"turns":4},{"damage":1,"enemies":"2 Louse","floor":11,"turns":3},{"damage":23,"enemies":"Lots of Slimes","floor":14,"turns":7},{"damage":70,"enemies":"The Guardian","floor":16,"turns":12}],"seed_played":"-3882379062446088734","potions_obtained":[{"floor":6,"key":"FearPotion"},{"floor":8,"key":"Dexterity Potion"},{"floor":10,"key":"Block Potion"}],"is_trial":false,"path_per_floor":["M","?","?","?","?","E","R","E","T","M","M","R","?","M","R","B"],"character_chosen":"IRONCLAD","items_purchased":[],"campfire_rested":1,"item_purchase_floors":[],"current_hp_per_floor":[74,74,74,48,48,54,54,60,70,68,73,73,62,45,70,0],"gold":405,"neow_bonus":"THREE_ENEMY_KILL","is_prod":false,"is_daily":false,"chose_seed":false,"campfire_upgraded":2,"win_rate":0,"timestamp":1559378562,"path_taken":["M","?","?","?","?","E","R","E","T","M","?","R","?","M","R","BOSS"],"build_version":"2019-01-23","purchased_purges":0,"victory":false,"max_hp_per_floor":[75,75,75,75,75,75,75,75,85,85,85,85,85,85,85,85],"card_choices":[{"not_picked":["Cleave","Perfected Strike"],"picked":"Feel No Pain","floor":1},{"not_picked":["Whirlwind","Headbutt"],"picked":"Sentinel","floor":6},{"not_picked":["Body Slam","Power Through"],"picked":"Juggernaut","floor":8},{"not_picked":["Perfected Strike","Heavy Blade"],"picked":"Anger","floor":10},{"not_picked":["Shockwave","Clothesline"],"picked":"Sentinel","floor":11},{"not_picked":["Hemokinesis","Spot Weakness"],"picked":"Armaments","floor":14}],"player_experience":1434248,"relics_obtained":[{"floor":6,"key":"Boot"},{"floor":8,"key":"Bottled Lightning"},{"floor":9,"key":"Pear"}],"event_choices":[{"damage_healed":0,"gold_gain":0,"player_choice":"Box","damage_taken":0,"relics_obtained":["Oddly Smooth Stone"],"max_hp_gain":0,"max_hp_loss":0,"event_name":"Big Fish","floor":2,"gold_loss":0,"cards_obtained":["Regret"]},{"damage_healed":0,"gold_gain":150,"player_choice":"AGREE","damage_taken":0,"max_hp_gain":0,"max_hp_loss":0,"event_name":"Liars Game","floor":3,"gold_loss":0,"cards_obtained":["Doubt"]},{"damage_healed":0,"gold_gain":0,"player_choice":"Take Damage","damage_taken":26,"relics_obtained":["Golden Idol"],"max_hp_gain":0,"max_hp_loss":0,"event_name":"Golden Idol","floor":4,"gold_loss":0},{"damage_healed":0,"gold_gain":0,"player_choice":"3 cards matched","damage_taken":0,"max_hp_gain":0,"max_hp_loss":0,"event_name":"Match and Keep!","floor":5,"gold_loss":0,"cards_obtained":["Bash","Flex","Exhume"]},{"damage_healed":0,"gold_gain":0,"player_choice":"Success","damage_taken":11,"relics_obtained":["Lantern"],"max_hp_gain":0,"max_hp_loss":0,"event_name":"Scrap Ooze","floor":13,"gold_loss":0}],"is_beta":false,"boss_relics":[],"items_purged_floors":[],"is_endless":false,"potions_floor_spawned":[6,8,10],"killed_by":"The Guardian","ascension_level":20}