{"gold_per_floor":[117,7,7,107,132,132,167,201,225,225,258,274,289,330,330,428,428,443,443,159,159,48,48,64,77,123,147,147,2,35,58,58,154,154,173,189,522,522,542,542,542,542,542,576,589,589,47,57,57,57],"floor_reached":51,"playtime":5288,"items_purged":["Strike_B","Strike_B","Strike_B"],"score":1385,"play_id":"99bb109a-5362-4e11-a333-8105ae977297","local_time":"20181211073948","is_ascension_mode":true,"campfire_choices":[{"data":"Defragment","floor":6.0,"key":"SMITH"},{"floor":10.0,"key":"REST"},{"floor":15.0,"key":"REST"},{"data":"Redo","floor":23,"key":"SMITH"},{"data":"Coolheaded","floor":28,"key":"SMITH"},{"data":"Hologram","floor":32,"key":"SMITH"},{"data":"Enlightenment","floor":40,"key":"SMITH"},{"floor":42,"key":"REST"},{"data":"Hologram","floor":46,"key":"SMITH"},{"data":"White Noise","floor":49,"key":"SMITH"}],"neow_cost":"NONE","seed_source_timestamp":627359625615256,"circlet_count":0,"master_deck":["AscendersBane","Strike_B","Defend_B+1","Defend_B","Defend_B","Defend_B","Zap","Dualcast","Streamline","Cold Snap","Bandage Up","Defragment+1","Sweeping Beam","Seek+1","Recycle","Heatsinks+1","Cold Snap","Loop+1","Core Surge","Redo+1","Capacitor+1","Undo","Loop+1","Mayhem+1","Coolheaded+1","Reinforced Body","Conserve Battery","Echo Form+1","Hologram+1","White Noise+1","Force Field","Creative AI+1","Compile Driver","Secret Technique","Mayhem+1","Enlightenment+1","Ball Lightning+1","Injury","Capacitor+1","Hologram+1","Loop+1","Secret Technique","Blind"],"special_seed":0,"relics":["Cracked Core","NeowsBlessing","Odd Mushroom","Frozen Egg 2","War Paint","Pen Nib","Bag of Preparation","Nuclear Battery","NlothsMask","Membership Card","Mummified Hand","Cursed Key","Ice Cream","Happy Flower","Mango","Toolbox","PreservedInsect"],"potions_floor_usage":[30,30,50,50],"damage_taken":[{"damage":0.0,"enemies":"2 Louse","floor":1.0,"turns":1.0},{"damage":0.0,"enemies":"Cultist","floor":5.0,"turns":1.0},{"damage":0.0,"enemies":"The Mushroom Lair","floor":7.0,"turns":1.0},{"damage":34.0,"enemies":"Gremlin Nob","floor":8.0,"turns":5.0},{"damage":19.0,"enemies":"3 Sentries","floor":11.0,"turns":6.0},{"damage":12.0,"enemies":"Small Slimes","floor":12.0,"turns":3.0},{"damage":7.0,"enemies":"2 Fungi Beasts","floor":13.0,"turns":4.0},{"damage":14.0,"enemies":"Gremlin Nob","floor":14.0,"turns":4.0},{"damage":6.0,"enemies":"The Guardian","floor":16.0,"turns":13.0},{"damage":7.0,"enemies":"Shell Parasite","floor":18.0,"turns":6.0},{"damage":16,"enemies":"Spheric Guardian","floor":24,"turns":4},{"damage":2,"enemies":"Cultist and Chosen","floor":25,"turns":8},{"damage":0,"enemies":"Snecko","floor":27,"turns":7},{"damage":2,"enemies":"Gremlin Leader","floor":30,"turns":10},{"damage":5,"enemies":"Centurion and Healer","floor":31,"turns":5},{"damage":0,"enemies":"Automaton","floor":33,"turns":12},{"damage":6,"enemies":"3 Shapes","floor":35,"turns":3},{"damage":28,"enemies":"3 Darklings","floor":36,"turns":8},{"damage":0,"enemies":"Writhing Mass","floor":39,"turns":6},{"damage":0,"enemies":"Giant Head","floor":44,"turns":7},{"damage":0,"enemies":"4 Shapes","floor":45,"turns":5},{"damage":0,"enemies":"3 Darklings","floor":48,"turns":5},{"damage":2,"enemies":"Time Eater","floor":50,"turns":9}],"seed_played":"1777663570185134791","potions_obtained":[{"floor":1.0,"key":"SkillPotion"},{"floor":5.0,"key":"Swift Potion"},{"floor":11.0,"key":"FairyPotion"},{"floor":16.0,"key":"LiquidBronze"},{"floor":18.0,"key":"Fire Potion"},{"floor":27,"key":"EntropicBrew"},{"floor":33,"key":"Strength Potion"},{"floor":44,"key":"FocusPotion"},{"floor":45,"key":"PowerPotion"}],"is_trial":false,"path_per_floor":["M","$","?","?","M","R","?","E","T","R","E","M","M","E","R","B",null,"M","?","$","?","$","R","M","M","T","M","R","$","E","M","R","B",null,"M","M","?","?","M","R","?","R","T","E","M","R","$","M","R","B",null],"character_chosen":"DEFECT","items_purchased":["Cold Snap","Bandage Up","Membership Card","Capacitor+1","Undo","Loop+1","Mayhem+1","Echo Form+1","Hologram","Mango","Loop+1","Secret Technique","Blind","Toolbox","PreservedInsect"],"campfire_rested":3,"item_purchase_floors":[2,2,20,20,20,22,22,29,29,47,47,47,47,47,47],"current_hp_per_floor":[64,64,64,64,64,64,64,34,34,53,38,30,27,13,32,30,56,53,53,53,53,53,53,41,43,43,47,47,47,53,52,52,56,62,58,34,34,24,28,28,28,47,47,51,55,55,69,73,73,78],"gold":57,"neow_bonus":"THREE_ENEMY_KILL","is_prod":false,"is_daily":false,"chose_seed":false,"campfire_upgraded":7,"win_rate":0,"timestamp":1544481588,"path_taken":["M","$","?","?","?","R","?","E","T","R","E","M","M","E","R","BOSS","M","?","?","?","$","R","M","?","T","M","R","$","E","M","R","BOSS","M","M","?","?","M","R","?","R","T","E","M","R","$","M","R","BOSS"],"build_version":"2018-12-06","purchased_purges":3,"victory":true,"max_hp_per_floor":[71,71,64,64,64,64,64,64,64,64,64,64,64,64,64,64,64,64,64,64,64,64,64,64,64,64,64,64,64,64,64,64,64,64,64,64,64,64,64,64,64,64,64,64,64,64,78,78,78,78],"card_choices":[{"not_picked":["Compile Driver","Loop"],"picked":"Streamline","floor":1.0},{"not_picked":["Conserve Battery","Barrage"],"picked":"Defragment","floor":5.0},{"not_picked":["Beam Cell","Doom and Gloom"],"picked":"Sweeping Beam","floor":7.0},{"not_picked":["Rebound","Hologram"],"picked":"Seek","floor":8.0},{"not_picked":["Compile Driver","Barrage"],"picked":"Recycle","floor":11.0},{"not_picked":["Doom and Gloom","Double Energy"],"picked":"Heatsinks+1","floor":12.0},{"not_picked":["Coolheaded","Turbo"],"picked":"Cold Snap","floor":13.0},{"not_picked":["Recycle","Leap"],"picked":"Loop+1","floor":14.0},{"not_picked":["All For One","Amplify"],"picked":"Core Surge","floor":16.0},{"not_picked":["Gash","Rebound"],"picked":"Redo","floor":18.0},{"not_picked":["Chaos","Consume"],"picked":"Coolheaded","floor":24},{"not_picked":["Fusion","Sweeping Beam+1"],"picked":"Reinforced Body","floor":25},{"not_picked":["Steam","Storm+1"],"picked":"Conserve Battery","floor":27},{"not_picked":["Stack+1","Hologram+1"],"picked":"White Noise","floor":30},{"not_picked":["Beam Cell+1","Conserve Battery"],"picked":"Force Field","floor":31},{"not_picked":["Hyperbeam","Electrodynamics+1"],"picked":"Creative AI+1","floor":33},{"not_picked":["Redo","Gash+1","Genetic Algorithm"],"picked":"SKIP","floor":35},{"not_picked":["Rip and Tear","Go for the Eyes"],"picked":"Compile Driver","floor":36},{"not_picked":["Swift Strike","Bandage Up"],"picked":"Secret Technique","floor":38},{"not_picked":["Dramatic Entrance","Impatience"],"picked":"Mayhem+1","floor":38},{"not_picked":["Bandage Up","The Bomb"],"picked":"Enlightenment","floor":38},{"not_picked":["Steam","Leap"],"picked":"Ball Lightning+1","floor":39},{"not_picked":["Streamline","Beam Cell"],"picked":"Capacitor+1","floor":44},{"not_picked":["Stack","Sweeping Beam"],"picked":"Hologram","floor":45},{"not_picked":["Streamline","Coolheaded","Redo"],"picked":"SKIP","floor":48}],"player_experience":2549548,"relics_obtained":[{"floor":7.0,"key":"Odd Mushroom"},{"floor":8.0,"key":"Frozen Egg 2"},{"floor":9.0,"key":"War Paint"},{"floor":11.0,"key":"Pen Nib"},{"floor":14.0,"key":"Bag of Preparation"},{"floor":30,"key":"Mummified Hand"},{"floor":43,"key":"Ice Cream"},{"floor":44,"key":"Happy Flower"}],"event_choices":[{"damage_healed":0.0,"max_hp_gain":0.0,"max_hp_loss":7.0,"gold_gain":0.0,"event_name":"Golden Idol","player_choice":"Lose Max HP","floor":3.0,"gold_loss":0.0,"damage_taken":0.0,"relics_obtained":["Golden Idol"]},{"damage_healed":0.0,"max_hp_gain":0.0,"max_hp_loss":0.0,"gold_gain":100.0,"event_name":"Wheel of Change","player_choice":"Gold","floor":4.0,"gold_loss":0.0,"damage_taken":0.0},{"damage_healed":0.0,"max_hp_gain":0.0,"max_hp_loss":0.0,"gold_gain":0.0,"event_name":"Mushrooms","player_choice":"Fought Mushrooms","floor":7.0,"gold_loss":0.0,"damage_taken":0.0},{"damage_healed":0.0,"max_hp_gain":0.0,"max_hp_loss":0.0,"gold_gain":0.0,"event_name":"FaceTrader","player_choice":"Trade","floor":19.0,"gold_loss":0.0,"damage_taken":0.0,"relics_obtained":["NlothsMask"]},{"damage_healed":0,"gold_gain":0,"player_choice":"Ignored","damage_taken":0,"max_hp_gain":0,"max_hp_loss":0,"event_name":"Beggar","floor":21,"gold_loss":0},{"damage_healed":0,"gold_gain":333,"player_choice":"Gave Idol","damage_taken":0,"max_hp_gain":0,"max_hp_loss":0,"event_name":"The Moai Head","floor":37,"relics_lost":["Golden Idol"],"gold_loss":0},{"damage_healed":0,"gold_gain":0,"player_choice":"Memory 3","damage_taken":10,"max_hp_gain":0,"max_hp_loss":0,"event_name":"SensoryStone","floor":38,"gold_loss":0},{"damage_healed":0,"gold_gain":0,"player_choice":"Ignored","damage_taken":0,"max_hp_gain":0,"max_hp_loss":0,"event_name":"Tomb of Lord Red Mask","floor":41,"gold_loss":0}],"is_beta":true,"boss_relics":[{"not_picked":["Black Star","Sozu"],"picked":"Nuclear Battery"},{"not_picked":["Coffee Dripper","Velvet Choker"],"picked":"Cursed Key"}],"items_purged_floors":[20,29,47],"is_endless":false,"potions_floor_spawned":[1,5,11,16,18,27,30,33,44,45],"ascension_level":15}