{"gold_per_floor":[118,128,5,5,21,21,50,50,96,108,121,121,138,149,149,252,252,267,267,27,27,126,126,136,11,36,36,36,47,24,34,34,34],"floor_reached":33,"playtime":1296,"items_purged":["Strike_R","Strike_R","Strike_R"],"score":321,"play_id":"23c48d2c-6bae-4c87-a4be-29c2773b583d","local_time":"20190109211842","is_ascension_mode":true,"campfire_choices":[{"data":"Inflame","floor":6.0,"key":"SMITH"},{"data":"Heavy Blade","floor":8.0,"key":"SMITH"},{"data":"Sword Boomerang","floor":12.0,"key":"SMITH"},{"data":"Flex","floor":15.0,"key":"SMITH"},{"data":"Armaments","floor":23.0,"key":"SMITH"},{"data":"Armaments","floor":27.0,"key":"SMITH"},{"floor":32.0,"key":"REST"}],"neow_cost":"NONE","seed_source_timestamp":1554010366956077,"circlet_count":0,"master_deck":["Defend_R","Defend_R","Defend_R","Defend_R","Bash+1","Inflame+1","Heavy Blade+1","True Grit+1","Evolve","Ghostly Armor","Sword Boomerang+1","Clash","Flex+1","Clash","Impervious","Heavy Blade+1","Armaments+1","Trip","Armaments+1","Exhume","Flex+1","Intimidate+1","Headbutt"],"special_seed":0,"relics":["Burning Blood","Omamori","Boot","Sozu","Ancient Tea Set"],"potions_floor_usage":[],"damage_taken":[{"damage":6.0,"enemies":"Cultist","floor":1.0,"turns":3.0},{"damage":9.0,"enemies":"Jaw Worm","floor":2.0,"turns":3.0},{"damage":0.0,"enemies":"Small Slimes","floor":5.0,"turns":3.0},{"damage":26.0,"enemies":"Lagavulin","floor":7.0,"turns":7.0},{"damage":14.0,"enemies":"Exordium Wildlife","floor":10.0,"turns":4.0},{"damage":18.0,"enemies":"Lots of Slimes","floor":11.0,"turns":5.0},{"damage":3.0,"enemies":"Blue Slaver","floor":13.0,"turns":3.0},{"damage":3.0,"enemies":"Exordium Wildlife","floor":14.0,"turns":2.0},{"damage":22.0,"enemies":"Slime Boss","floor":16.0,"turns":9.0},{"damage":16.0,"enemies":"Shell Parasite","floor":18.0,"turns":3.0},{"damage":15.0,"enemies":"Colosseum Slavers","floor":19.0,"turns":4.0},{"damage":7.0,"enemies":"Chosen","floor":24.0,"turns":4.0},{"damage":3.0,"enemies":"3 Cultists","floor":29.0,"turns":5.0},{"damage":18.0,"enemies":"Snecko","floor":31.0,"turns":6.0},{"damage":65,"enemies":"Automaton","floor":33,"turns":6}],"seed_played":"-5023323875059498056","potions_obtained":[{"floor":1.0,"key":"Energy Potion"},{"floor":5.0,"key":"Explosive Potion"},{"floor":11.0,"key":"Weak Potion"}],"is_trial":false,"path_per_floor":["M","M","$","?","M","R","E","R","T","M","M","R","M","M","R","B",null,"M","?","$","?","?","R","M","$","T","R","?","M","$","M","R","B"],"character_chosen":"IRONCLAD","items_purchased":["True Grit","Armaments","Trip","Headbutt"],"campfire_rested":1,"item_purchase_floors":[3,20,20,30],"current_hp_per_floor":[72,69,69,69,75,75,55,55,55,47,35,35,38,41,41,25,66,56,47,47,47,47,47,46,46,46,46,46,49,49,37,61,0],"gold":34,"neow_bonus":"UPGRADE_CARD","is_prod":false,"is_daily":false,"chose_seed":false,"campfire_upgraded":6,"win_rate":0,"timestamp":1547036322,"path_taken":["M","M","$","?","M","R","E","R","T","?","M","R","M","M","R","BOSS","M","?","$","?","?","R","?","?","T","R","?","M","$","M","R","BOSS"],"build_version":"2019-01-03v4","purchased_purges":3,"victory":false,"max_hp_per_floor":[80,80,80,80,80,80,80,80,80,80,80,80,80,80,80,80,80,80,80,80,80,80,80,80,80,80,80,80,80,80,80,80,80],"card_choices":[{"not_picked":["Heavy Blade","Anger"],"picked":"Inflame","floor":1.0},{"not_picked":["Sever Soul","Pummel"],"picked":"Heavy Blade","floor":2.0},{"not_picked":["Heavy Blade","Warcry"],"picked":"Evolve","floor":5.0},{"not_picked":["Flame Barrier","Feel No Pain"],"picked":"Ghostly Armor","floor":7.0},{"not_picked":["Carnage","Reckless Charge"],"picked":"Sword Boomerang","floor":10.0},{"not_picked":["Intimidate","Pommel Strike"],"picked":"Clash","floor":11.0},{"not_picked":["Sentinel","Clothesline"],"picked":"Flex","floor":13.0},{"not_picked":["Flame Barrier","Body Slam"],"picked":"Clash","floor":14.0},{"not_picked":["Berserk","Juggernaut"],"picked":"Impervious","floor":16.0},{"not_picked":["Perfected Strike","Pommel Strike"],"picked":"Heavy Blade+1","floor":18.0},{"not_picked":["Iron Wave+1","True Grit+1"],"picked":"Flex+1","floor":24.0},{"not_picked":["Dual Wield","Havoc+1"],"picked":"Intimidate+1","floor":29.0},{"not_picked":["Metallicize","Heavy Blade","Searing Blow"],"picked":"SKIP","floor":31.0}],"player_experience":329919,"relics_obtained":[{"floor":7.0,"key":"Omamori"},{"floor":9.0,"key":"Boot"},{"floor":26.0,"key":"Ancient Tea Set"}],"event_choices":[{"damage_healed":0.0,"max_hp_gain":0.0,"max_hp_loss":0.0,"gold_gain":0.0,"event_name":"Accursed Blacksmith","player_choice":"Forge","floor":4.0,"gold_loss":0.0,"damage_taken":0.0,"cards_upgraded":["True Grit"]},{"damage_healed":0.0,"max_hp_gain":0.0,"max_hp_loss":0.0,"gold_gain":0.0,"event_name":"Colosseum","player_choice":"Fight","floor":19.0,"gold_loss":0.0,"damage_taken":0.0},{"damage_healed":0.0,"max_hp_gain":0.0,"max_hp_loss":0.0,"gold_gain":0.0,"event_name":"Colosseum","player_choice":"Fled From Nobs","floor":19.0,"gold_loss":0.0,"damage_taken":0.0},{"damage_healed":0.0,"max_hp_gain":0.0,"max_hp_loss":0.0,"gold_gain":0.0,"cards_transformed":["Strike_R","Strike_R"],"event_name":"Drug Dealer","player_choice":"Became Test Subject","floor":21.0,"gold_loss":0.0,"damage_taken":0.0,"cards_obtained":["Armaments","Exhume"]},{"damage_healed":0.0,"max_hp_gain":0.0,"max_hp_loss":0.0,"gold_gain":99.0,"event_name":"Nest","player_choice":"Stole From Cult","floor":22.0,"gold_loss":0.0,"damage_taken":0.0},{"damage_healed":0.0,"max_hp_gain":0.0,"max_hp_loss":0.0,"gold_gain":0.0,"event_name":"Beggar","player_choice":"Ignored","floor":28.0,"gold_loss":0.0,"damage_taken":0.0}],"is_beta":false,"boss_relics":[{"not_picked":["White Beast Statue","Black Star"],"picked":"Sozu"}],"items_purged_floors":[3,20,25],"is_endless":false,"potions_floor_spawned":[1,5,11,19,31],"killed_by":"Automaton","ascension_level":6}