{"gold_per_floor":[112,112,112,13,30,57,57,7,33,50,69,98,117,146,146,223,223,205,220,62,73,73,73,102,102,102,131,131,149,149,167,167,245,245,264,282,282,282,56,56,75,90,90,115,132,132,90,103,103,103],"floor_reached":50,"playtime":3232,"items_purged":["Strike_G","Defend_G","Writhe"],"score":1087,"play_id":"06269660-c355-4a5d-828b-b33f819e51e1","local_time":"20190212232914","is_ascension_mode":true,"campfire_choices":[{"data":"Neutralize","floor":7,"key":"SMITH"},{"data":"Bouncing Flask","floor":15,"key":"SMITH"},{"floor":23,"key":"REST"},{"floor":25,"key":"REST"},{"data":"Tools of the Trade","floor":32,"key":"SMITH"},{"data":"Accuracy","floor":40,"key":"SMITH"},{"data":"Prepared","floor":46,"key":"SMITH"},{"data":"Poisoned Stab","floor":49,"key":"SMITH"}],"neow_cost":"NONE","seed_source_timestamp":2879843685932091,"circlet_count":0,"master_deck":["AscendersBane","Defend_G","Defend_G","Defend_G","Defend_G","Survivor","Neutralize+1","Backflip+1","Cloak And Dagger","Quick Slash","Poisoned Stab+1","Cloak And Dagger","Unload","Finisher","Bouncing Flask+1","Cloak And Dagger","After Image+1","Predator+1","Crippling Poison+1","Cloak And Dagger","Cloak And Dagger","Accuracy+1","Prepared+1","Blade Dance","Deflect","Deflect+1","Tools of the Trade+1","Venomology","Slice+1"],"relics":["Ring of the Snake","NeowsBlessing","Anchor","Ice Cream","The Courier","Lantern","Letter Opener","Meat on the Bone","Astrolabe","Pear","PreservedInsect","Pocketwatch","Molten Egg 2","Philosopher\u0027s Stone","Vajra","Shuriken","Singing Bowl"],"potions_floor_usage":[12,13,14,14,16,21,24,24,36,41,45,50,50,50],"damage_taken":[{"damage":0,"enemies":"Jaw Worm","floor":1,"turns":1},{"damage":0,"enemies":"Cultist","floor":5,"turns":1},{"damage":0,"enemies":"3 Sentries","floor":6,"turns":2},{"damage":0,"enemies":"2 Louse","floor":10,"turns":2},{"damage":0,"enemies":"Exordium Wildlife","floor":11,"turns":6},{"damage":9,"enemies":"Gremlin Nob","floor":12,"turns":4},{"damage":3,"enemies":"Blue Slaver","floor":13,"turns":3},{"damage":13,"enemies":"Lagavulin","floor":14,"turns":5},{"damage":0,"enemies":"The Guardian","floor":16,"turns":9},{"damage":0,"enemies":"2 Thieves","floor":18,"turns":4},{"damage":12,"enemies":"3 Byrds","floor":19,"turns":3},{"damage":13,"enemies":"3 Cultists","floor":21,"turns":6},{"damage":15,"enemies":"Slavers","floor":24,"turns":6},{"damage":30,"enemies":"Gremlin Leader","floor":27,"turns":7},{"damage":0,"enemies":"Snake Plant","floor":29,"turns":4},{"damage":9,"enemies":"Centurion and Healer","floor":31,"turns":5},{"damage":39,"enemies":"Automaton","floor":33,"turns":14},{"damage":0,"enemies":"3 Shapes","floor":35,"turns":4},{"damage":0,"enemies":"Orb Walker","floor":36,"turns":5},{"damage":2,"enemies":"3 Darklings","floor":41,"turns":4},{"damage":0,"enemies":"4 Shapes","floor":42,"turns":5},{"damage":6,"enemies":"Nemesis","floor":44,"turns":7},{"damage":3,"enemies":"Sphere and 2 Shapes","floor":45,"turns":6},{"damage":4,"enemies":"Writhing Mass","floor":48,"turns":6},{"damage":98,"enemies":"Time Eater","floor":50,"turns":12}],"seed_played":"-5659628133466215260","potions_obtained":[{"floor":11,"key":"EssenceOfSteel"},{"floor":12,"key":"EntropicBrew"},{"floor":13,"key":"EntropicBrew"},{"floor":14,"key":"Dexterity Potion"},{"floor":19,"key":"Explosive Potion"},{"floor":21,"key":"AttackPotion"},{"floor":30,"key":"GamblersBrew"},{"floor":30,"key":"SneckoOil"},{"floor":33,"key":"Block Potion"},{"floor":36,"key":"Block Potion"}],"is_trial":false,"path_per_floor":["M","?","?","$","M","E","R","?","T","M","M","E","M","E","R","B",null,"M","M","$","M","?","R","E","R","T","E","T","M","?","M","R","B",null,"M","M","?","?","$","R","M","M","T","E","M","R","$","M","R","B"],"character_chosen":"THE_SILENT","items_purchased":["Cloak And Dagger","Accuracy","Prepared","Vajra","PowerPotion"],"campfire_rested":2,"item_purchase_floors":[4,20,20,39,47],"current_hp_per_floor":[59,52,52,52,52,52,52,52,52,52,52,43,40,27,27,39,59,59,47,47,34,34,53,48,70,70,40,40,40,40,43,43,16,61,61,61,76,76,76,76,74,74,74,70,69,69,69,67,67,0],"gold":103,"neow_bonus":"THREE_ENEMY_KILL","is_prod":false,"is_daily":false,"chose_seed":false,"campfire_upgraded":6,"win_rate":0,"timestamp":1549981754,"path_taken":["M","?","?","$","?","E","R","?","T","M","M","E","?","E","R","BOSS","M","M","$","M","?","R","E","R","T","E","?","M","?","M","R","BOSS","M","M","?","?","$","R","?","M","T","E","M","R","$","M","R","BOSS"],"build_version":"2019-01-23","purchased_purges":3,"victory":false,"max_hp_per_floor":[66,66,66,66,66,66,66,66,66,66,66,66,66,66,66,66,66,66,66,66,66,66,66,76,76,76,76,76,76,76,76,76,76,76,76,76,76,76,76,76,76,76,76,78,80,80,80,82,82,82],"card_choices":[{"not_picked":["Bane","Skewer"],"picked":"Backflip","floor":1},{"not_picked":["Reflex","Deflect"],"picked":"Quick Slash","floor":5},{"not_picked":["Backflip","Eviscerate"],"picked":"Poisoned Stab","floor":6},{"not_picked":["Outmaneuver","Sucker Punch"],"picked":"Cloak And Dagger","floor":10},{"not_picked":["Poisoned Stab","Endless Agony"],"picked":"Unload","floor":11},{"not_picked":["Underhanded Strike","Expertise"],"picked":"Finisher","floor":12},{"not_picked":["Deadly Poison","Outmaneuver"],"picked":"Bouncing Flask","floor":13},{"not_picked":["Acrobatics","Flying Knee"],"picked":"Cloak And Dagger","floor":14},{"not_picked":["Crippling Poison","Dagger Spray"],"picked":"Cloak And Dagger","floor":18},{"not_picked":["Deadly Poison","Slice"],"picked":"Cloak And Dagger","floor":19},{"not_picked":["Distraction","Quick Slash","Eviscerate"],"picked":"SKIP","floor":21},{"not_picked":["Sucker Punch","Acrobatics"],"picked":"Blade Dance","floor":24},{"not_picked":["Terror","Flechettes"],"picked":"Deflect","floor":27},{"not_picked":["Quick Slash+1","PiercingWail"],"picked":"Deflect+1","floor":29},{"not_picked":["Heel Hook+1","Quick Slash+1"],"picked":"Tools of the Trade","floor":31},{"not_picked":["Grand Finale+1","Phantasmal Killer"],"picked":"Venomology","floor":33},{"not_picked":["Concentrate","Cloak And Dagger","Quick Slash+1"],"picked":"SKIP","floor":35},{"not_picked":["Quick Slash+1","Prepared"],"picked":"Slice+1","floor":36},{"not_picked":["Bane+1","Dagger Throw+1","Dodge and Roll"],"picked":"SKIP","floor":41},{"not_picked":["Deadly Poison","Dagger Spray+1","Quick Slash+1"],"picked":"SKIP","floor":42},{"not_picked":["Infinite Blades","Eviscerate+1","Bane+1"],"picked":"Singing Bowl","floor":44},{"not_picked":["Acrobatics+1","Corpse Explosion","Poisoned Stab+1"],"picked":"Singing Bowl","floor":45},{"not_picked":["Reflex","Dagger Throw+1","Prepared"],"picked":"Singing Bowl","floor":48}],"player_experience":607496,"relics_obtained":[{"floor":3,"key":"Anchor"},{"floor":6,"key":"Ice Cream"},{"floor":9,"key":"Lantern"},{"floor":12,"key":"Letter Opener"},{"floor":14,"key":"Meat on the Bone"},{"floor":24,"key":"Pear"},{"floor":26,"key":"PreservedInsect"},{"floor":27,"key":"Pocketwatch"},{"floor":28,"key":"Molten Egg 2"},{"floor":43,"key":"Shuriken"},{"floor":44,"key":"Singing Bowl"}],"event_choices":[{"cards_removed":["Strike_G"],"damage_healed":0,"gold_gain":0,"player_choice":"Card Removal","damage_taken":7,"max_hp_gain":0,"max_hp_loss":0,"event_name":"Golden Wing","floor":2,"gold_loss":0},{"damage_healed":0,"gold_gain":0,"player_choice":"Relic","damage_taken":0,"max_hp_gain":0,"max_hp_loss":0,"event_name":"Wheel of Change","floor":3,"gold_loss":0},{"damage_healed":0,"gold_gain":0,"player_choice":"Paid Gold","damage_taken":0,"relics_obtained":["The Courier"],"max_hp_gain":0,"max_hp_loss":0,"event_name":"WeMeetAgain","floor":8,"gold_loss":50},{"damage_healed":0,"gold_gain":0,"player_choice":"Ignored","damage_taken":0,"max_hp_gain":0,"max_hp_loss":0,"event_name":"Cursed Tome","floor":22,"gold_loss":0},{"damage_healed":0,"gold_gain":0,"player_choice":"Got Potions","damage_taken":0,"max_hp_gain":0,"max_hp_loss":0,"event_name":"Lab","floor":30,"gold_loss":0},{"damage_healed":15,"gold_gain":0,"player_choice":"Writhe","damage_taken":0,"max_hp_gain":0,"max_hp_loss":0,"event_name":"Winding Halls","floor":37,"gold_loss":0,"cards_obtained":["Writhe"]},{"damage_healed":0,"gold_gain":0,"player_choice":"Upgraded","damage_taken":0,"max_hp_gain":0,"max_hp_loss":0,"event_name":"Upgrade Shrine","floor":38,"gold_loss":0,"cards_upgraded":["Backflip"]}],"is_beta":false,"boss_relics":[{"not_picked":["Velvet Choker","Empty Cage"],"picked":"Astrolabe"},{"not_picked":["HoveringKite","Black Star"],"picked":"Philosopher\u0027s Stone"}],"items_purged_floors":[4,20,39],"is_endless":false,"potions_floor_spawned":[11,12,13,14,19,21,33,36,44,45],"killed_by":"Time Eater","ascension_level":15}