{"gold_per_floor":[115,115,115,133,150,150,168,195,195,195,206,9,22,40,40,40],"floor_reached":16,"playtime":1340,"items_purged":[],"score":166,"play_id":"1f489565-9933-4a63-b92c-9a59ffd68379","local_time":"20190506175001","is_ascension_mode":true,"campfire_choices":[{"data":"Rage","floor":6.0,"key":"SMITH"},{"data":"Pommel Strike","floor":10.0,"key":"SMITH"},{"floor":15.0,"key":"REST"}],"neow_cost":"NONE","seed_source_timestamp":0,"circlet_count":0,"master_deck":["AscendersBane","Strike_R","Strike_R","Strike_R","Strike_R","Strike_R","Defend_R","Defend_R","Defend_R","Defend_R","Bash","Pommel Strike+1","True Grit","Rage+1","Battle Trance","Sword Boomerang","Seeing Red","Panache+1","Offering","Armaments"],"special_seed":0,"relics":["Burning Blood","Frozen Egg 2","Meat on the Bone"],"potions_floor_usage":[],"damage_taken":[{"damage":1.0,"enemies":"Cultist","floor":1.0,"turns":3.0},{"damage":0.0,"enemies":"Small Slimes","floor":4.0,"turns":3.0},{"damage":7.0,"enemies":"Jaw Worm","floor":5.0,"turns":4.0},{"damage":4.0,"enemies":"Large Slime","floor":7.0,"turns":7.0},{"damage":15.0,"enemies":"3 Sentries","floor":8.0,"turns":12.0},{"damage":14.0,"enemies":"Red Slaver","floor":11.0,"turns":4.0},{"damage":1.0,"enemies":"2 Fungi Beasts","floor":13.0,"turns":4.0},{"damage":17.0,"enemies":"Lots of Slimes","floor":14.0,"turns":2.0},{"damage":0,"enemies":"Hexaghost","floor":16,"turns":1}],"seed_played":"-7059784296140207981","potions_obtained":[{"floor":4.0,"key":"FearPotion"},{"floor":7.0,"key":"PowerPotion"},{"floor":13.0,"key":"FearPotion"}],"is_trial":false,"path_per_floor":["M","?","?","M","M","R","M","E","T","R","M","$","M","M","R","B"],"character_chosen":"IRONCLAD","items_purchased":["Panache+1"],"campfire_rested":1,"item_purchase_floors":[12],"current_hp_per_floor":[85,85,85,88,87,87,88,79,79,79,71,71,76,65,88,88],"gold":40,"neow_bonus":"TEN_PERCENT_HP_BONUS","is_prod":false,"is_daily":false,"chose_seed":false,"campfire_upgraded":2,"win_rate":0,"timestamp":1557154201,"path_taken":["M","?","?","M","M","R","M","E","T","R","M","?","M","M","R","BOSS"],"build_version":"2019-01-23","purchased_purges":0,"victory":false,"max_hp_per_floor":[88,88,88,88,88,88,88,88,88,88,88,88,88,88,88,88],"card_choices":[{"not_picked":["Warcry","Shrug It Off"],"picked":"Pommel Strike","floor":1.0},{"not_picked":["Heavy Blade","Clothesline"],"picked":"True Grit","floor":4.0},{"not_picked":["Armaments","Immolate"],"picked":"Rage","floor":5.0},{"not_picked":["Cleave","Combust"],"picked":"Battle Trance","floor":7.0},{"not_picked":["Iron Wave","Body Slam"],"picked":"Sword Boomerang","floor":8.0},{"not_picked":["Heavy Blade","Iron Wave"],"picked":"Seeing Red","floor":11.0},{"not_picked":["Hemokinesis","Cleave"],"picked":"Offering","floor":13.0},{"not_picked":["Shrug It Off","Carnage"],"picked":"Armaments","floor":14.0}],"player_experience":1300909,"relics_obtained":[{"floor":8.0,"key":"Frozen Egg 2"},{"floor":9.0,"key":"Meat on the Bone"}],"event_choices":[{"damage_healed":0.0,"max_hp_gain":0.0,"max_hp_loss":0.0,"gold_gain":0.0,"event_name":"Golden Wing","player_choice":"Ignored","floor":2.0,"gold_loss":0.0,"damage_taken":0.0},{"damage_healed":0.0,"max_hp_gain":0.0,"max_hp_loss":0.0,"gold_gain":0.0,"event_name":"Shining Light","player_choice":"Ignored","floor":3.0,"gold_loss":0.0,"damage_taken":0.0}],"is_beta":false,"boss_relics":[],"items_purged_floors":[],"is_endless":false,"potions_floor_spawned":[4,7,13],"killed_by":"Hexaghost","ascension_level":12}