{"gold_per_floor":[111,111,128,138,94,94,113,113,140,140,83,113,113,163],"floor_reached":14,"playtime":550,"items_purged":[],"score":176,"play_id":"e737c6cc-daf8-4e0b-84f7-dba73af42f8f","local_time":"20190601113259","is_ascension_mode":true,"campfire_choices":[{"data":"Jack Of All Trades","floor":6,"key":"SMITH"},{"data":"Mayhem","floor":8,"key":"SMITH"},{"data":"Shockwave","floor":10,"key":"SMITH"}],"neow_cost":"CURSE","seed_source_timestamp":507465002531297,"circlet_count":0,"master_deck":["AscendersBane","Strike_R","Strike_R","Strike_R","Strike_R","Strike_R","Defend_R","Defend_R","Defend_R","Defend_R","Bash","Jack Of All Trades+1","Mayhem+1","Dropkick","Twin Strike","Intimidate","Shockwave+1","Intimidate","Warcry"],"relics":["Burning Blood","Omamori","Blood Vial","SsserpentHead"],"potions_floor_usage":[7,12],"damage_taken":[{"damage":23,"enemies":"Jaw Worm","floor":1,"turns":5},{"damage":3,"enemies":"Small Slimes","floor":3,"turns":3},{"damage":6,"enemies":"Cultist","floor":4,"turns":3},{"damage":0,"enemies":"3 Louse","floor":7,"turns":2},{"damage":29,"enemies":"Gremlin Nob","floor":12,"turns":4},{"damage":40,"enemies":"Gremlin Gang","floor":14,"turns":3}],"seed_played":"5328039332890512438","potions_obtained":[{"floor":1,"key":"Dexterity Potion"},{"floor":4,"key":"Energy Potion"},{"floor":7,"key":"Weak Potion"}],"is_trial":false,"path_per_floor":["M","?","M","M","$","R","M","R","T","R","$","E","?","M"],"character_chosen":"IRONCLAD","items_purchased":["Shockwave","AttackPotion"],"campfire_rested":0,"item_purchase_floors":[5,11],"current_hp_per_floor":[51,51,54,54,54,54,60,60,60,60,60,37,37,0],"gold":163,"neow_bonus":"RANDOM_COLORLESS_2","is_prod":false,"is_daily":false,"chose_seed":false,"campfire_upgraded":3,"win_rate":0,"timestamp":1559377979,"path_taken":["M","?","M","M","$","R","M","R","T","R","$","E","?","?"],"build_version":"2019-01-23","purchased_purges":0,"victory":false,"max_hp_per_floor":[75,75,75,75,75,75,75,75,75,75,75,75,75,75],"card_choices":[{"not_picked":["Wild Strike","Heavy Blade"],"picked":"Dropkick","floor":1},{"not_picked":["Clash","Combust"],"picked":"Twin Strike","floor":3},{"not_picked":["Flex","Evolve"],"picked":"Intimidate","floor":4},{"not_picked":["Bloodletting","Anger"],"picked":"Intimidate","floor":7},{"not_picked":["Wild Strike","Limit Break"],"picked":"Warcry","floor":12}],"player_experience":1433698,"relics_obtained":[{"floor":9,"key":"Omamori"},{"floor":12,"key":"Blood Vial"}],"event_choices":[{"cards_removed":["Pain"],"damage_healed":0,"gold_gain":0,"player_choice":"Forget","damage_taken":0,"max_hp_gain":0,"max_hp_loss":0,"event_name":"Living Wall","floor":2,"gold_loss":0},{"damage_healed":0,"gold_gain":0,"player_choice":"Trade","damage_taken":0,"relics_obtained":["SsserpentHead"],"max_hp_gain":0,"max_hp_loss":0,"event_name":"FaceTrader","floor":13,"gold_loss":0}],"is_beta":false,"boss_relics":[],"items_purged_floors":[],"is_endless":false,"potions_floor_spawned":[1,4,7],"killed_by":"Gremlin Gang","ascension_level":20}