{"gold_per_floor":[211,33,49,49,62,62,16,16,16,27,27,43,75,135,135,234,234,247,40,59,59,73,73,100,100,100,25,39,56,88,0,0,0],"floor_reached":33,"playtime":2259,"items_purged":["Strike_B"],"score":399,"play_id":"523ce147-a01e-4e5c-8673-e295ace27c2c","local_time":"20190115165610","is_ascension_mode":true,"campfire_choices":[{"data":"Zap","floor":6.0,"key":"SMITH"},{"data":"Chaos","floor":8.0,"key":"SMITH"},{"data":"Dualcast","floor":11.0,"key":"SMITH"},{"data":"Go for the Eyes","floor":15.0,"key":"SMITH"},{"data":"Darkness","floor":23.0,"key":"SMITH"},{"floor":25.0,"key":"REST"},{"floor":32,"key":"REST"}],"neow_cost":"NONE","seed_source_timestamp":437924480088073,"circlet_count":0,"master_deck":["Strike_B","Defend_B","Defend_B","Defend_B","Defend_B","Zap+1","Dualcast+1","Rebound","Leap","Doom and Gloom","Chaos+1","Auto Shields","Go for the Eyes+1","Beam Cell","Self Repair","Machine Learning","Chaos+1","Defragment+1","Darkness+1","Redo+1","Turbo"],"special_seed":0,"relics":["Cracked Core","Omamori","Darkstone Periapt","Bag of Preparation","Busted Crown","DollysMirror","Letter Opener","Ice Cream","Blood Vial"],"potions_floor_usage":[],"damage_taken":[{"damage":4.0,"enemies":"2 Louse","floor":1.0,"turns":4.0},{"damage":0.0,"enemies":"Cultist","floor":3.0,"turns":5.0},{"damage":2.0,"enemies":"Jaw Worm","floor":5.0,"turns":3.0},{"damage":0.0,"enemies":"Large Slime","floor":10.0,"turns":3.0},{"damage":7.0,"enemies":"3 Louse","floor":12.0,"turns":3.0},{"damage":7.0,"enemies":"Gremlin Nob","floor":13.0,"turns":3.0},{"damage":20.0,"enemies":"3 Sentries","floor":14.0,"turns":6.0},{"damage":6.0,"enemies":"The Guardian","floor":16.0,"turns":10.0},{"damage":0.0,"enemies":"Shell Parasite","floor":18.0,"turns":5.0},{"damage":13.0,"enemies":"Spheric Guardian","floor":20.0,"turns":4.0},{"damage":11.0,"enemies":"Snecko","floor":22.0,"turns":5.0},{"damage":30.0,"enemies":"Slavers","floor":24.0,"turns":5.0},{"damage":4.0,"enemies":"Chosen and Byrds","floor":28.0,"turns":4.0},{"damage":10.0,"enemies":"Centurion and Healer","floor":29.0,"turns":4.0},{"damage":17.0,"enemies":"Book of Stabbing","floor":30.0,"turns":5.0},{"damage":78,"enemies":"Automaton","floor":33,"turns":8}],"seed_played":"-8946354981270242256","potions_obtained":[{"floor":3.0,"key":"PowerPotion"},{"floor":10.0,"key":"SteroidPotion"},{"floor":14.0,"key":"FearPotion"},{"floor":18.0,"key":"SneckoOil"},{"floor":20.0,"key":"PowerPotion"}],"is_trial":false,"path_per_floor":["M","$","M","?","M","R","$","R","T","M","R","M","E","?","R","B",null,"M","$","M","?","M","R","E","R","T","?","M","M","E","?","R","B"],"character_chosen":"DEFECT","items_purchased":["Leap","Doom and Gloom","Go for the Eyes","DollysMirror"],"campfire_rested":2,"item_purchase_floors":[2,2,7,19],"current_hp_per_floor":[64,64,64,64,62,62,62,62,62,62,62,55,48,35,35,36,65,72,72,66,66,62,62,32,54,54,54,57,54,44,44,66,0],"gold":0,"neow_bonus":"HUNDRED_GOLD","is_prod":false,"is_daily":false,"chose_seed":false,"campfire_upgraded":5,"win_rate":0,"timestamp":1547538970,"path_taken":["M","$","M","?","M","R","?","R","T","M","R","M","E","?","R","BOSS","M","$","M","?","M","R","E","R","T","?","M","M","E","?","R","BOSS"],"build_version":"2019-01-10","purchased_purges":1,"victory":false,"max_hp_per_floor":[75,75,75,75,75,75,75,75,75,75,75,75,75,75,75,75,75,75,75,75,75,75,75,75,75,75,75,75,75,75,75,75,75],"card_choices":[{"not_picked":["Gash","Steam"],"picked":"Rebound","floor":1.0},{"not_picked":["Compile Driver","Doom and Gloom"],"picked":"Chaos","floor":3.0},{"not_picked":["Stack","Streamline"],"picked":"Auto Shields","floor":5.0},{"not_picked":["Gash","Streamline"],"picked":"Beam Cell","floor":10.0},{"not_picked":["Blizzard","Sweeping Beam"],"picked":"Self Repair","floor":12.0},{"not_picked":["Leap","Stack","Machine Learning"],"picked":"SKIP","floor":13.0},{"not_picked":["Biased Cognition","All For One"],"picked":"Machine Learning","floor":16.0},{"not_picked":["Sweeping Beam"],"picked":"SKIP","floor":18.0},{"not_picked":[],"picked":"Defragment+1","floor":20.0},{"not_picked":["Cold Snap"],"picked":"SKIP","floor":22.0},{"not_picked":[],"picked":"Redo+1","floor":24.0},{"not_picked":["Stack"],"picked":"SKIP","floor":28.0},{"not_picked":[],"picked":"Turbo","floor":29.0},{"not_picked":["Rip and Tear+1"],"picked":"SKIP","floor":30.0}],"player_experience":371519,"relics_obtained":[{"floor":9.0,"key":"Omamori"},{"floor":13.0,"key":"Darkstone Periapt"},{"floor":14.0,"key":"Bag of Preparation"},{"floor":24.0,"key":"Letter Opener"},{"floor":26.0,"key":"Ice Cream"},{"floor":30.0,"key":"Blood Vial"}],"event_choices":[{"cards_removed":["Strike_B"],"damage_healed":0.0,"max_hp_gain":0.0,"max_hp_loss":0.0,"gold_gain":0.0,"event_name":"Purifier","player_choice":"Purged","floor":4.0,"gold_loss":0.0,"damage_taken":0.0},{"damage_healed":0.0,"max_hp_gain":0.0,"max_hp_loss":0.0,"gold_gain":30.0,"event_name":"Dead Adventurer","player_choice":"Searched \u00273\u0027 times","floor":14.0,"gold_loss":0.0,"damage_taken":0.0},{"damage_healed":0.0,"max_hp_gain":0.0,"max_hp_loss":0.0,"gold_gain":0.0,"event_name":"The Library","player_choice":"Read","floor":21.0,"gold_loss":0.0,"damage_taken":0.0,"cards_obtained":["Darkness"]},{"cards_removed":["Strike_B"],"damage_healed":0.0,"max_hp_gain":0.0,"max_hp_loss":0.0,"gold_gain":0.0,"event_name":"Beggar","player_choice":"Gave Gold","floor":27.0,"gold_loss":75.0,"damage_taken":0.0},{"damage_healed":0,"gold_gain":0,"player_choice":"Paid Fearfully","damage_taken":0,"max_hp_gain":0,"max_hp_loss":0,"event_name":"Masked Bandits","floor":31,"gold_loss":88}],"is_beta":false,"boss_relics":[{"not_picked":["Lizard Tail","Fusion Hammer"],"picked":"Busted Crown"}],"items_purged_floors":[2],"is_endless":false,"potions_floor_spawned":[3,10,14,18,20],"killed_by":"Automaton","ascension_level":8}