{"gold_per_floor":[110,126,51,51,2,2,63,63,63,63,82,117,117,17,17,117,117,132,47,64,80,95,95,106,120,146,21,21,37,55,55,55,156,156,175,191,210,210,222,222,236,236,236,86,98,113,130,142,142,142],"floor_reached":50,"playtime":2949,"items_purged":["Defend_R","Strike_R","Strike_R","Injury"],"score":450,"play_id":"1c73d41e-d0d0-4575-b01d-4108cb37694d","local_time":"20181206160603","is_ascension_mode":false,"campfire_choices":[{"data":"Flex","floor":6,"key":"SMITH"},{"data":"Infernal Blade","floor":13,"key":"SMITH"},{"data":"Heavy Blade","floor":15,"key":"SMITH"},{"floor":23,"key":"REST"},{"data":"Strike_R","floor":28,"key":"SMITH"},{"floor":32,"key":"REST"},{"floor":40,"key":"REST"},{"floor":42,"key":"REST"},{"floor":49,"key":"REST"}],"neow_cost":"NONE","seed_source_timestamp":351684059328645,"circlet_count":0,"master_deck":["Strike_R","Strike_R","Strike_R+1","Defend_R","Defend_R","Defend_R","Bash+1","Flex+1","Heavy Blade+1","Infernal Blade+1","Whirlwind+1","Armaments+1","Double Tap","Headbutt+1","Spot Weakness+1","Rage+1"],"relics":["Burning Blood","Charon\u0027s Ashes","Torii","Ornamental Fan","Bird Faced Urn","Lantern","Busted Crown","Vajra","Bronze Scales","Cursed Key","Toxic Egg 2"],"potions_floor_usage":[7,16,33,33,46,46,50,50],"damage_taken":[{"damage":6,"enemies":"Cultist","floor":1,"turns":3},{"damage":8,"enemies":"Jaw Worm","floor":2,"turns":4},{"damage":8,"enemies":"Gremlin Nob","floor":7,"turns":3},{"damage":0,"enemies":"Small Slimes","floor":11,"turns":2},{"damage":24,"enemies":"Gremlin Nob","floor":12,"turns":4},{"damage":41,"enemies":"Hexaghost","floor":16,"turns":8},{"damage":9,"enemies":"Shell Parasite","floor":18,"turns":3},{"damage":0,"enemies":"Spheric Guardian","floor":20,"turns":3},{"damage":1,"enemies":"Centurion and Healer","floor":21,"turns":3},{"damage":18,"enemies":"Shelled Parasite and Fungi","floor":22,"turns":2},{"damage":12,"enemies":"Sentry and Sphere","floor":24,"turns":4},{"damage":8,"enemies":"Snake Plant","floor":25,"turns":2},{"damage":0,"enemies":"Snecko","floor":29,"turns":3},{"damage":1,"enemies":"Centurion and Healer","floor":30,"turns":4},{"damage":6,"enemies":"Collector","floor":33,"turns":6},{"damage":1,"enemies":"Orb Walker","floor":35,"turns":2},{"damage":23,"enemies":"3 Shapes","floor":36,"turns":2},{"damage":0,"enemies":"3 Darklings","floor":37,"turns":3},{"damage":53,"enemies":"Writhing Mass","floor":39,"turns":5},{"damage":7,"enemies":"Jaw Worm Horde","floor":41,"turns":2},{"damage":11,"enemies":"4 Shapes","floor":45,"turns":2},{"damage":7,"enemies":"Sphere and 2 Shapes","floor":46,"turns":3},{"damage":0,"enemies":"Spire Growth","floor":47,"turns":3},{"damage":18,"enemies":"Transient","floor":48,"turns":5},{"damage":93,"enemies":"Time Eater","floor":50,"turns":7}],"seed_played":"5082824686237356756","potions_obtained":[{"floor":2,"key":"SteroidPotion"},{"floor":7,"key":"SkillPotion"},{"floor":18,"key":"EssenceOfSteel"},{"floor":20,"key":"Dexterity Potion"},{"floor":22,"key":"SkillPotion"},{"floor":24,"key":"Energy Potion"},{"floor":33,"key":"SkillPotion"},{"floor":35,"key":"Swift Potion"},{"floor":36,"key":"Ancient Potion"},{"floor":47,"key":"PowerPotion"}],"is_trial":false,"path_per_floor":["M","M","$","?","$","R","?","?","T","T","M","E","R","$","R","B",null,"M","?","M","M","M","R","M","M","T","$","R","M","M","?","R","B",null,"M","M","M","?","M","R","M","R","T","$","M","M","M","M","R","B"],"character_chosen":"IRONCLAD","items_purchased":["SpeedPotion"],"campfire_rested":5,"item_purchase_floors":[5],"current_hp_per_floor":[80,78,78,78,78,78,76,73,73,73,79,61,61,61,61,26,80,77,77,80,80,68,80,74,72,72,72,72,78,80,65,85,85,85,85,68,74,74,27,52,51,76,76,76,71,70,76,64,85,0],"gold":142,"neow_bonus":"UPGRADE_CARD","is_prod":false,"is_daily":false,"chose_seed":false,"campfire_upgraded":4,"win_rate":0,"timestamp":1544079963,"path_taken":["M","M","$","?","$","R","?","?","T","?","M","E","R","?","R","BOSS","M","?","M","M","M","R","M","M","T","$","R","M","M","?","R","BOSS","M","M","M","?","M","R","M","R","T","$","M","M","M","M","R","BOSS"],"build_version":"2018-11-15","purchased_purges":4,"victory":false,"max_hp_per_floor":[80,80,80,80,80,80,80,80,80,80,80,80,80,80,80,80,80,80,80,80,80,80,80,80,80,80,80,80,80,80,85,85,85,85,85,85,85,85,85,85,85,85,85,85,85,85,85,85,85,85],"card_choices":[{"not_picked":["Body Slam","Rage"],"picked":"Flex","floor":1},{"not_picked":["Armaments","Clash"],"picked":"Heavy Blade","floor":2},{"not_picked":["Intimidate","Warcry","Rupture"],"picked":"SKIP","floor":11},{"not_picked":["Clothesline","Impervious"],"picked":"Infernal Blade","floor":12},{"not_picked":[],"picked":"Whirlwind+1","floor":18},{"not_picked":["Clash"],"picked":"SKIP","floor":20},{"not_picked":["Evolve+1"],"picked":"SKIP","floor":21},{"not_picked":["Evolve"],"picked":"SKIP","floor":22},{"not_picked":["Cleave+1"],"picked":"SKIP","floor":24},{"not_picked":["Reckless Charge"],"picked":"SKIP","floor":25},{"not_picked":[],"picked":"Armaments+1","floor":29},{"not_picked":["True Grit"],"picked":"SKIP","floor":30},{"not_picked":[],"picked":"Double Tap","floor":33},{"not_picked":["Hemokinesis"],"picked":"SKIP","floor":35},{"not_picked":[],"picked":"Headbutt+1","floor":36},{"not_picked":["Anger+1"],"picked":"SKIP","floor":37},{"not_picked":["Rampage"],"picked":"SKIP","floor":39},{"not_picked":["Heavy Blade"],"picked":"SKIP","floor":41},{"not_picked":["Combust"],"picked":"SKIP","floor":45},{"not_picked":[],"picked":"Spot Weakness+1","floor":46},{"not_picked":[],"picked":"Rage+1","floor":47},{"not_picked":["Sword Boomerang"],"picked":"SKIP","floor":48}],"player_experience":115473,"relics_obtained":[{"floor":7,"key":"Charon\u0027s Ashes"},{"floor":9,"key":"Ornamental Fan"},{"floor":10,"key":"Bird Faced Urn"},{"floor":12,"key":"Lantern"},{"floor":26,"key":"Bronze Scales"},{"floor":43,"key":"Toxic Egg 2"}],"event_choices":[{"damage_healed":0,"gold_gain":0,"player_choice":"Ignored","damage_taken":0,"max_hp_gain":0,"max_hp_loss":0,"event_name":"Golden Idol","floor":4,"gold_loss":0},{"damage_healed":0,"gold_gain":0,"player_choice":"Searched \u00272\u0027 times","damage_taken":0,"max_hp_gain":0,"max_hp_loss":0,"event_name":"Dead Adventurer","floor":7,"gold_loss":0},{"damage_healed":0,"gold_gain":0,"player_choice":"Success","damage_taken":3,"relics_obtained":["Torii"],"max_hp_gain":0,"max_hp_loss":0,"event_name":"Scrap Ooze","floor":8,"gold_loss":0},{"damage_healed":0,"gold_gain":0,"player_choice":"Obtained Relic","damage_taken":0,"relics_obtained":["Vajra"],"max_hp_gain":0,"max_hp_loss":0,"event_name":"Addict","floor":19,"gold_loss":85},{"damage_healed":0,"gold_gain":0,"player_choice":"Shed Blood","damage_taken":20,"max_hp_gain":5,"max_hp_loss":0,"event_name":"Forgotten Altar","floor":31,"gold_loss":0},{"damage_healed":0,"gold_gain":0,"player_choice":"Ignored","damage_taken":0,"max_hp_gain":0,"max_hp_loss":0,"event_name":"NoteForYourself","floor":38,"gold_loss":0}],"is_beta":false,"boss_relics":[{"not_picked":["Velvet Choker","Astrolabe"],"picked":"Busted Crown"},{"not_picked":["Calling Bell","Black Star"],"picked":"Cursed Key"}],"items_purged_floors":[3,14,27,44],"is_endless":false,"potions_floor_spawned":[2,7,18,20,22,24,33,35,36,47],"killed_by":"Time Eater","ascension_level":0}