{"gold_per_floor":[118,68,68,30,30,30,60,74,74,74,102,119,134,99,99,199,199,199,199,19,19,0,0,0,0,0,0,0,0,0,0,0,0,0,0,0,0,0,0,0,0,0,0,0,0,0,0,0,0,0],"floor_reached":50,"playtime":2507,"items_purged":[],"score":869,"play_id":"e3b388fa-381a-4465-bf8a-587f27ae2a34","local_time":"20190602213656","is_ascension_mode":true,"campfire_choices":[{"data":"1","floor":6,"key":"LIFT"},{"data":"2","floor":15,"key":"LIFT"},{"data":"3","floor":24,"key":"LIFT"},{"data":"Limit Break","floor":30,"key":"SMITH"},{"data":"Sword Boomerang","floor":32,"key":"SMITH"},{"floor":40,"key":"REST"},{"data":"Sword Boomerang","floor":42,"key":"SMITH"},{"data":"Sword Boomerang","floor":49,"key":"SMITH"}],"neow_cost":"TEN_PERCENT_HP_LOSS","seed_source_timestamp":178416127909099,"circlet_count":0,"master_deck":["Strike_R","Strike_R","Strike_R+1","Defend_R","Defend_R","Defend_R","Defend_R","Bash+1","Clothesline","Shrug It Off","Ghostly Armor","Sword Boomerang+1","Sword Boomerang+1","Inflame","Limit Break+1","Inflame","Reaper","Sword Boomerang+1","Inflame","Feed","Pummel","Normality","Parasite","Flame Barrier+1"],"relics":["Burning Blood","Girya","Anchor","Question Card","Dream Catcher","Ectoplasm","Orichalcum","Sundial","Strawberry","Gremlin Horn","Bottled Flame","Cursed Key","Incense Burner","MawBank","Oddly Smooth Stone","Magic Flower"],"potions_floor_usage":[12,23,27,33,47,50,50],"damage_taken":[{"damage":8,"enemies":"Jaw Worm","floor":1,"turns":5},{"damage":24,"enemies":"3 Sentries","floor":7,"turns":10},{"damage":0,"enemies":"2 Louse","floor":8,"turns":2},{"damage":22,"enemies":"Lagavulin","floor":11,"turns":7},{"damage":2,"enemies":"Small Slimes","floor":12,"turns":3},{"damage":0,"enemies":"Looter","floor":13,"turns":2},{"damage":0,"enemies":"Slime Boss","floor":16,"turns":7},{"damage":0,"enemies":"Spheric Guardian","floor":18,"turns":3},{"damage":12,"enemies":"2 Thieves","floor":22,"turns":4},{"damage":26,"enemies":"Gremlin Leader","floor":23,"turns":5},{"damage":28,"enemies":"Book of Stabbing","floor":25,"turns":4},{"damage":22,"enemies":"Gremlin Leader","floor":27,"turns":5},{"damage":28,"enemies":"Automaton","floor":33,"turns":6},{"damage":0,"enemies":"Orb Walker","floor":35,"turns":2},{"damage":5,"enemies":"3 Darklings","floor":36,"turns":3},{"damage":29,"enemies":"2 Orb Walkers","floor":38,"turns":4},{"damage":39,"enemies":"4 Shapes","floor":39,"turns":5},{"damage":12,"enemies":"Giant Head","floor":41,"turns":5},{"damage":1,"enemies":"Sphere and 2 Shapes","floor":44,"turns":3},{"damage":20,"enemies":"Writhing Mass","floor":45,"turns":4},{"damage":13,"enemies":"Mind Bloom Boss Battle","floor":47,"turns":5},{"damage":123,"enemies":"Donu and Deca","floor":50,"turns":7}],"seed_played":"6573397006474979935","potions_obtained":[{"floor":8,"key":"SkillPotion"},{"floor":12,"key":"Dexterity Potion"},{"floor":16,"key":"Weak Potion"},{"floor":18,"key":"Weak Potion"},{"floor":27,"key":"FearPotion"},{"floor":38,"key":"BloodPotion"},{"floor":39,"key":"Weak Potion"},{"floor":44,"key":"Explosive Potion"}],"is_trial":false,"path_per_floor":["M","$","?","?","?","R","E","M","T","?","E","M","M","?","R","B",null,"M","?","$","?","M","E","R","E","T","E","?","?","R","$","R","B",null,"M","M","?","?","M","R","E","R","T","M","M","?","?","$","R","B"],"character_chosen":"IRONCLAD","items_purchased":["Shrug It Off","Reaper","Sword Boomerang"],"campfire_rested":1,"item_purchase_floors":[2,20,20],"current_hp_per_floor":[70,70,75,75,60,60,42,48,48,48,32,36,42,61,61,67,75,77,77,77,77,71,65,65,66,66,66,66,84,84,84,84,84,84,84,84,84,70,62,89,90,90,90,93,79,79,88,88,88,0],"gold":0,"neow_bonus":"ONE_RARE_RELIC","is_prod":false,"is_daily":false,"chose_seed":false,"campfire_upgraded":4,"win_rate":0,"timestamp":1559525816,"path_taken":["M","$","?","?","?","R","E","M","T","?","E","M","?","?","R","BOSS","M","?","?","?","?","E","R","E","T","E","?","?","R","$","R","BOSS","M","M","?","?","?","R","E","R","T","M","M","?","?","?","R","BOSS"],"build_version":"2019-01-23","purchased_purges":0,"victory":false,"max_hp_per_floor":[72,72,77,77,77,77,77,77,77,77,77,77,77,77,77,77,77,77,77,77,77,77,77,77,84,84,84,84,84,84,84,84,84,84,84,84,84,87,90,90,90,90,90,93,93,88,88,88,88,88],"card_choices":[{"not_picked":["Armaments","Flex"],"picked":"Clothesline","floor":1},{"not_picked":["Corruption","Armaments"],"picked":"Ghostly Armor","floor":7},{"not_picked":["Flex","Pommel Strike"],"picked":"Sword Boomerang","floor":8},{"not_picked":["Reckless Charge","Immolate","Battle Trance"],"picked":"Sword Boomerang","floor":11},{"not_picked":["Warcry","Flex","Anger"],"picked":"Inflame","floor":12},{"not_picked":["Corruption","Body Slam","Iron Wave","Clothesline"],"picked":"SKIP","floor":13},{"not_picked":["Reaper","Brutality","Demon Form"],"picked":"Limit Break","floor":16},{"not_picked":["Anger+1","Sever Soul+1","Dual Wield"],"picked":"Inflame","floor":18},{"not_picked":["Pommel Strike","Clash","Clothesline","Twin Strike"],"picked":"SKIP","floor":22},{"not_picked":["Cleave+1","Berserk","Seeing Red","Sever Soul"],"picked":"SKIP","floor":23},{"not_picked":["Twin Strike","Cleave","Headbutt"],"picked":"Inflame","floor":25},{"not_picked":["Combust","True Grit","Clothesline+1","Havoc+1"],"picked":"SKIP","floor":27},{"not_picked":["Impervious","Limit Break","Fiend Fire"],"picked":"Feed","floor":33},{"not_picked":["Perfected Strike+1","Flame Barrier","Headbutt","Whirlwind"],"picked":"SKIP","floor":35},{"not_picked":["Clash","Shrug It Off","Sword Boomerang","Pommel Strike+1"],"picked":"SKIP","floor":36},{"not_picked":["Hemokinesis","Heavy Blade","Clothesline+1","Armaments"],"picked":"SKIP","floor":39},{"not_picked":["Flame Barrier+1","Sword Boomerang","Cleave+1"],"picked":"Pummel","floor":40},{"not_picked":["Seeing Red+1","Armaments","Clothesline","Power Through+1"],"picked":"SKIP","floor":41},{"not_picked":["Shrug It Off+1","Evolve+1","Warcry+1","Armaments"],"picked":"SKIP","floor":44},{"not_picked":["Headbutt","Cleave+1","Seeing Red+1"],"picked":"Flame Barrier+1","floor":45}],"player_experience":368881,"relics_obtained":[{"floor":7,"key":"Anchor"},{"floor":9,"key":"Question Card"},{"floor":11,"key":"Dream Catcher"},{"floor":23,"key":"Sundial"},{"floor":25,"key":"Strawberry"},{"floor":26,"key":"Gremlin Horn"},{"floor":27,"key":"Bottled Flame"},{"floor":38,"key":"Incense Burner"},{"floor":41,"key":"MawBank"},{"floor":43,"key":"Oddly Smooth Stone"},{"floor":47,"key":"Magic Flower"}],"event_choices":[{"damage_healed":0,"gold_gain":0,"player_choice":"Donut","damage_taken":0,"max_hp_gain":5,"max_hp_loss":0,"event_name":"Big Fish","floor":3,"gold_loss":0},{"damage_healed":0,"gold_gain":0,"player_choice":"Left Gold","damage_taken":0,"max_hp_gain":0,"max_hp_loss":0,"event_name":"World of Goop","floor":4,"gold_loss":38},{"damage_healed":0,"gold_gain":0,"player_choice":"Entered Light","damage_taken":15,"max_hp_gain":0,"max_hp_loss":0,"event_name":"Shining Light","floor":5,"gold_loss":0,"cards_upgraded":["Bash","Strike_R"]},{"damage_healed":0,"gold_gain":0,"player_choice":"Ignored","damage_taken":0,"max_hp_gain":0,"max_hp_loss":0,"event_name":"Liars Game","floor":10,"gold_loss":0},{"damage_healed":19,"gold_gain":0,"player_choice":"Healed","damage_taken":0,"max_hp_gain":0,"max_hp_loss":0,"event_name":"The Cleric","floor":14,"gold_loss":35},{"cards_removed":["Strike_R"],"damage_healed":0,"gold_gain":0,"player_choice":"Purged","damage_taken":0,"max_hp_gain":0,"max_hp_loss":0,"event_name":"Purifier","floor":19,"gold_loss":0},{"damage_healed":0,"gold_gain":0,"player_choice":"Gave Potion","damage_taken":0,"relics_obtained":["Orichalcum"],"max_hp_gain":0,"max_hp_loss":0,"event_name":"WeMeetAgain","floor":21,"gold_loss":0},{"cards_removed":["Strike_R"],"damage_healed":0,"gold_gain":0,"player_choice":"Elegance","damage_taken":0,"max_hp_gain":0,"max_hp_loss":0,"event_name":"Back to Basics","floor":28,"gold_loss":0},{"damage_healed":28,"gold_gain":0,"player_choice":"Heal","damage_taken":0,"max_hp_gain":0,"max_hp_loss":0,"event_name":"The Library","floor":29,"gold_loss":0},{"damage_healed":0,"gold_gain":0,"player_choice":"Memory 1","damage_taken":0,"max_hp_gain":0,"max_hp_loss":0,"event_name":"SensoryStone","floor":37,"gold_loss":0},{"damage_healed":0,"gold_gain":0,"player_choice":"Fight","damage_taken":0,"max_hp_gain":0,"max_hp_loss":0,"event_name":"Mysterious Sphere","floor":38,"gold_loss":0},{"damage_healed":0,"gold_gain":0,"player_choice":"Max HP","damage_taken":0,"max_hp_gain":0,"max_hp_loss":5,"event_name":"Winding Halls","floor":46,"gold_loss":0},{"damage_healed":0,"gold_gain":0,"player_choice":"Fight","damage_taken":0,"max_hp_gain":0,"max_hp_loss":0,"event_name":"MindBloom","floor":47,"gold_loss":0}],"is_beta":false,"boss_relics":[{"not_picked":["Tiny House","Pandora\u0027s Box"],"picked":"Ectoplasm"},{"not_picked":["Runic Dome","Philosopher\u0027s Stone"],"picked":"Cursed Key"}],"items_purged_floors":[],"is_endless":false,"potions_floor_spawned":[8,12,16,18,27,38,39,44],"killed_by":"Donu and Deca","ascension_level":9}