{"gold_per_floor":[13,27,43,58,78,78,97,97,179,254,264,264,276,276,276,355,355,371,371],"floor_reached":19,"playtime":457,"items_purged":[],"score":326,"play_id":"36149b8b-7fc9-4020-82c1-84993a78dac5","local_time":"20190326022036","is_ascension_mode":true,"campfire_choices":[{"floor":6.0,"key":"REST"},{"data":"Conserve Battery","floor":8.0,"key":"SMITH"},{"floor":15.0,"key":"REST"}],"neow_cost":"NO_GOLD","seed_source_timestamp":1045833424417400,"circlet_count":0,"master_deck":["AscendersBane","Strike_B","Strike_B","Strike_B","Defend_B","Defend_B","Defend_B","Defend_B","Zap","Dualcast","Echo Form","Rip and Tear","Leap","Turbo","Biased Cognition","Conserve Battery+1","Darkness+1","Consume","All For One","Fission"],"special_seed":0,"relics":["Cracked Core","The Courier","Eternal Feather"],"potions_floor_usage":[18],"damage_taken":[{"damage":7.0,"enemies":"Cultist","floor":1.0,"turns":4.0},{"damage":3.0,"enemies":"2 Louse","floor":2.0,"turns":3.0},{"damage":4.0,"enemies":"Small Slimes","floor":3.0,"turns":3.0},{"damage":15.0,"enemies":"Exordium Thugs","floor":4.0,"turns":5.0},{"damage":27.0,"enemies":"Large Slime","floor":5.0,"turns":6.0},{"damage":4.0,"enemies":"2 Fungi Beasts","floor":7.0,"turns":4.0},{"damage":0.0,"enemies":"Red Slaver","floor":11.0,"turns":4.0},{"damage":6.0,"enemies":"3 Louse","floor":13.0,"turns":4.0},{"damage":27,"enemies":"The Guardian","floor":16,"turns":12},{"damage":49,"enemies":"3 Byrds","floor":18,"turns":7},{"damage":9,"enemies":"Chosen","floor":19,"turns":3}],"seed_played":"4974443804852612193","potions_obtained":[{"floor":1.0,"key":"SpeedPotion"},{"floor":2.0,"key":"Poison Potion"},{"floor":16,"key":"Fire Potion"}],"is_trial":false,"path_per_floor":["M","M","M","M","M","R","M","R","T","?","M","?","M","?","R","B",null,"M","M"],"character_chosen":"DEFECT","items_purchased":[],"campfire_rested":2,"item_purchase_floors":[],"current_hp_per_floor":[57,54,50,35,8,29,25,25,25,14,14,14,8,8,29,2,54,5,0],"gold":371,"neow_bonus":"THREE_RARE_CARDS","is_prod":false,"is_daily":false,"chose_seed":false,"campfire_upgraded":1,"win_rate":0,"timestamp":1553534436,"path_taken":["M","M","M","M","?","R","M","R","T","?","M","?","?","?","R","BOSS","M","M"],"build_version":"2019-01-23","purchased_purges":0,"victory":false,"max_hp_per_floor":[71,71,71,71,71,71,71,71,71,71,71,71,71,71,71,71,71,71,71],"card_choices":[{"not_picked":["Amplify","Multi-Cast"],"picked":"Echo Form","floor":0.0},{"not_picked":["Storm","Beam Cell"],"picked":"Rip and Tear","floor":1.0},{"not_picked":["Stack","Compile Driver"],"picked":"Leap","floor":2.0},{"not_picked":["Stack","Go for the Eyes"],"picked":"Turbo","floor":3.0},{"not_picked":["Static Discharge","Cold Snap"],"picked":"Biased Cognition","floor":4.0},{"not_picked":["Double Energy","Stack","Static Discharge"],"picked":"SKIP","floor":5.0},{"not_picked":["Barrage","Go for the Eyes"],"picked":"Conserve Battery","floor":7.0},{"not_picked":["Compile Driver","Go for the Eyes"],"picked":"Darkness","floor":11.0},{"not_picked":["Cold Snap","Go for the Eyes"],"picked":"Consume","floor":13.0},{"not_picked":["Creative AI","Machine Learning"],"picked":"Fission","floor":16},{"not_picked":["Tempest","Gash","Consume+1"],"picked":"SKIP","floor":18}],"player_experience":4630713,"relics_obtained":[{"floor":9.0,"key":"The Courier"}],"event_choices":[{"damage_healed":0.0,"max_hp_gain":0.0,"max_hp_loss":0.0,"gold_gain":75.0,"event_name":"World of Goop","player_choice":"Gather Gold","floor":10.0,"gold_loss":0.0,"damage_taken":11.0},{"damage_healed":0.0,"max_hp_gain":0.0,"max_hp_loss":0.0,"gold_gain":0.0,"event_name":"Accursed Blacksmith","player_choice":"Forge","floor":12.0,"gold_loss":0.0,"damage_taken":0.0,"cards_upgraded":["Darkness"]},{"damage_healed":0.0,"max_hp_gain":0.0,"max_hp_loss":0.0,"gold_gain":0.0,"cards_transformed":["Strike_B"],"event_name":"Transmorgrifier","player_choice":"Transformed","floor":14.0,"gold_loss":0.0,"damage_taken":0.0,"cards_obtained":["All For One"]}],"is_beta":false,"boss_relics":[{"not_picked":["Calling Bell","Busted Crown"],"picked":"Eternal Feather"}],"items_purged_floors":[],"is_endless":false,"potions_floor_spawned":[1,2,3,16],"killed_by":"Chosen","ascension_level":20}