{"gold_per_floor":[110,125,139,139,151,151,168,195,195,195,206,206,236,11,11,11],"floor_reached":16,"playtime":470,"items_purged":["Strike_B"],"score":228,"play_id":"36113f35-c8b9-4b44-92f3-f8bbb94fb0a3","local_time":"20190530005649","is_ascension_mode":true,"campfire_choices":[{"data":"Buffer","floor":6,"key":"SMITH"},{"floor":10,"key":"REST"},{"floor":15,"key":"DIG"}],"neow_cost":"NONE","seed_source_timestamp":271196273866900,"circlet_count":0,"master_deck":["AscendersBane","Strike_B","Defend_B","Defend_B","Defend_B","Defend_B","Zap","Dualcast","Meteor Strike","Melter","Rebound","Ball Lightning","Buffer+1","White Noise","Glacier","Streamline","Conserve Battery+1","Coolheaded+1","Electrodynamics"],"relics":["Cracked Core","Lantern","Toxic Egg 2","Shovel","Ornamental Fan"],"potions_floor_usage":[7,12,13],"damage_taken":[{"damage":7,"enemies":"Small Slimes","floor":1,"turns":3},{"damage":4,"enemies":"2 Louse","floor":2,"turns":2},{"damage":0,"enemies":"Cultist","floor":3,"turns":2},{"damage":2,"enemies":"3 Louse","floor":5,"turns":3},{"damage":8,"enemies":"Gremlin Gang","floor":7,"turns":4},{"damage":22,"enemies":"3 Sentries","floor":8,"turns":14},{"damage":0,"enemies":"Exordium Wildlife","floor":11,"turns":4},{"damage":0,"enemies":"Exordium Thugs","floor":12,"turns":2},{"damage":22,"enemies":"Gremlin Nob","floor":13,"turns":5},{"damage":21,"enemies":"The Guardian","floor":16,"turns":10}],"seed_played":"5495420934460844503","potions_obtained":[{"floor":1,"key":"Block Potion"},{"floor":3,"key":"SmokeBomb"},{"floor":11,"key":"Weak Potion"},{"floor":13,"key":"GamblersBrew"}],"is_trial":false,"path_per_floor":["M","M","M","?","M","R","M","E","T","R","M","M","E","$","R","B"],"character_chosen":"DEFECT","items_purchased":["Electrodynamics"],"campfire_rested":1,"item_purchase_floors":[14],"current_hp_per_floor":[57,53,53,53,51,51,43,21,21,42,42,42,20,20,20,0],"gold":11,"neow_bonus":"TRANSFORM_CARD","is_prod":false,"is_daily":false,"chose_seed":false,"campfire_upgraded":1,"win_rate":0,"timestamp":1559145409,"path_taken":["M","M","M","?","M","R","M","E","T","R","M","M","E","$","R","BOSS"],"build_version":"2019-01-23","purchased_purges":1,"victory":false,"max_hp_per_floor":[71,71,71,71,71,71,71,71,71,71,71,71,71,71,71,71],"card_choices":[{"not_picked":["Heatsinks","Redo"],"picked":"Melter","floor":1},{"not_picked":["Gash","Storm"],"picked":"Rebound","floor":2},{"not_picked":["Scrape","Stack"],"picked":"Ball Lightning","floor":3},{"not_picked":["Go for the Eyes","Steam"],"picked":"White Noise","floor":5},{"not_picked":["Doom and Gloom","Turbo"],"picked":"Glacier","floor":7},{"not_picked":["Reprogram","Sweeping Beam"],"picked":"Streamline","floor":8},{"not_picked":["Sweeping Beam","Cold Snap"],"picked":"Conserve Battery+1","floor":11},{"not_picked":["Self Repair","Compile Driver"],"picked":"Coolheaded+1","floor":13}],"player_experience":5197133,"relics_obtained":[{"floor":8,"key":"Lantern"},{"floor":9,"key":"Toxic Egg 2"},{"floor":13,"key":"Shovel"},{"floor":15,"key":"Ornamental Fan"}],"event_choices":[{"damage_healed":0,"gold_gain":0,"cards_transformed":["Strike_B"],"player_choice":"Change","damage_taken":0,"max_hp_gain":0,"max_hp_loss":0,"event_name":"Living Wall","floor":4,"gold_loss":0,"cards_obtained":["Buffer"]}],"is_beta":false,"boss_relics":[],"items_purged_floors":[14],"is_endless":false,"potions_floor_spawned":[1,3,11,12,13],"killed_by":"The Guardian","ascension_level":20}