{"gold_per_floor":[113,126,140,140,140,140,150,184,236,261,261,277,287,298,298,372,372,392,282,11,31,7,7,42,61,88,88,115,115,125,125],"floor_reached":31,"playtime":898,"items_purged":["Defend_B"],"score":574,"play_id":"3b313049-ed9a-4f7e-8c96-51c1761d0322","local_time":"20190526233420","is_ascension_mode":true,"campfire_choices":[{"data":"Streamline","floor":6.0,"key":"SMITH"},{"data":"Redo","floor":11.0,"key":"SMITH"},{"data":"Multi-Cast","floor":15.0,"key":"SMITH"},{"data":"Turbo","floor":23.0,"key":"SMITH"},{"floor":27.0,"key":"REST"}],"neow_cost":"NONE","seed_source_timestamp":6534140515300,"circlet_count":0,"master_deck":["AscendersBane","Strike_B+1","Defend_B","Defend_B+1","Defend_B","Zap","Dualcast+1","Streamline+1","Cold Snap","Go for the Eyes","Steam","Skim","Redo+1","Multi-Cast+1","Cold Snap","Leap","Hyperbeam","Hologram","Conserve Battery","Hyperbeam","Leap+1","Turbo+1","Multi-Cast","Compile Driver+1"],"special_seed":0,"relics":["Cracked Core","Pen Nib","Cables","Vajra","Bag of Marbles","Nuclear Battery","Shovel","War Paint","Molten Egg 2"],"potions_floor_usage":[30],"damage_taken":[{"damage":7.0,"enemies":"Jaw Worm","floor":1.0,"turns":3.0},{"damage":1.0,"enemies":"2 Louse","floor":2.0,"turns":2.0},{"damage":0.0,"enemies":"Cultist","floor":3.0,"turns":3.0},{"damage":9.0,"enemies":"Exordium Wildlife","floor":7.0,"turns":4.0},{"damage":4.0,"enemies":"Gremlin Nob","floor":8.0,"turns":3.0},{"damage":19.0,"enemies":"3 Sentries","floor":10.0,"turns":8.0},{"damage":5.0,"enemies":"Gremlin Gang","floor":12.0,"turns":4.0},{"damage":4.0,"enemies":"Lots of Slimes","floor":13.0,"turns":4.0},{"damage":0.0,"enemies":"3 Louse","floor":14.0,"turns":2.0},{"damage":3.0,"enemies":"The Guardian","floor":16.0,"turns":10.0},{"damage":0.0,"enemies":"Spheric Guardian","floor":18.0,"turns":2.0},{"damage":0.0,"enemies":"2 Thieves","floor":21.0,"turns":2.0},{"damage":7.0,"enemies":"Slavers","floor":24.0,"turns":3.0},{"damage":46.0,"enemies":"Chosen and Byrds","floor":25.0,"turns":6.0},{"damage":6,"enemies":"Book of Stabbing","floor":28,"turns":3},{"damage":16,"enemies":"Centurion and Healer","floor":30,"turns":2},{"damage":0,"enemies":"Shelled Parasite and Fungi","floor":31,"turns":1}],"seed_played":"6005510892126741674","potions_obtained":[{"floor":1.0,"key":"Swift Potion"},{"floor":5.0,"key":"SkillPotion"},{"floor":12.0,"key":"PowerPotion"},{"floor":13.0,"key":"Explosive Potion"},{"floor":14.0,"key":"GamblersBrew"},{"floor":18.0,"key":"AttackPotion"},{"floor":21.0,"key":"SpeedPotion"},{"floor":28,"key":"Explosive Potion"}],"is_trial":false,"path_per_floor":["M","M","M","?","?","R","M","E","T","E","R","M","M","M","R","B",null,"M","?","$","M","$","R","E","M","T","R","E","?","M","M"],"character_chosen":"DEFECT","items_purchased":["Conserve Battery","Hyperbeam","Turbo"],"campfire_rested":1,"item_purchase_floors":[20,20,22],"current_hp_per_floor":[57,56,56,56,56,56,47,43,43,24,24,19,15,15,15,12,56,56,56,56,56,56,56,49,3,3,24,18,18,2,2],"gold":125,"neow_bonus":"RANDOM_COMMON_RELIC","is_prod":false,"is_daily":false,"chose_seed":false,"campfire_upgraded":4,"win_rate":0,"timestamp":1558881260,"path_taken":["M","M","M","?","?","R","M","E","T","E","R","?","M","M","R","BOSS","M","?","$","?","?","R","E","M","T","R","E","?","M","M"],"build_version":"2019-01-23","purchased_purges":1,"victory":false,"max_hp_per_floor":[71,71,71,71,71,71,71,71,71,71,71,71,71,71,71,71,71,71,71,71,71,71,71,71,71,71,71,71,71,71,71],"card_choices":[{"not_picked":["Genetic Algorithm","Leap"],"picked":"Streamline","floor":1.0},{"not_picked":["Stack","Heatsinks"],"picked":"Cold Snap","floor":2.0},{"not_picked":["Coolheaded","Force Field"],"picked":"Go for the Eyes","floor":3.0},{"not_picked":["Darkness","Go for the Eyes"],"picked":"Steam","floor":7.0},{"not_picked":["Go for the Eyes","Hello World"],"picked":"Skim","floor":8.0},{"not_picked":["Blizzard","Beam Cell"],"picked":"Redo","floor":10.0},{"not_picked":["Stack","Loop"],"picked":"Multi-Cast","floor":12.0},{"not_picked":["Tempest","Turbo"],"picked":"Cold Snap","floor":13.0},{"not_picked":["Turbo","Stack"],"picked":"Leap","floor":14.0},{"not_picked":["Amplify","Multi-Cast"],"picked":"Hyperbeam","floor":16.0},{"not_picked":["Beam Cell","Go for the Eyes"],"picked":"Hologram","floor":18.0},{"not_picked":["Barrage","Rebound"],"picked":"Leap+1","floor":21.0},{"not_picked":["Go for the Eyes","Force Field"],"picked":"Multi-Cast","floor":24.0},{"not_picked":["Genetic Algorithm","Stack","Sweeping Beam"],"picked":"SKIP","floor":25.0},{"not_picked":["Conserve Battery","Double Energy"],"picked":"Compile Driver","floor":28},{"not_picked":["Turbo","Gash+1","Sunder+1"],"picked":"SKIP","floor":30}],"player_experience":5159990,"relics_obtained":[{"floor":8.0,"key":"Cables"},{"floor":9.0,"key":"Vajra"},{"floor":10.0,"key":"Bag of Marbles"},{"floor":24.0,"key":"Shovel"},{"floor":26.0,"key":"War Paint"},{"floor":28,"key":"Molten Egg 2"}],"event_choices":[{"cards_removed":["Strike_B"],"damage_healed":0.0,"max_hp_gain":0.0,"max_hp_loss":0.0,"gold_gain":0.0,"event_name":"Living Wall","player_choice":"Forget","floor":4.0,"gold_loss":0.0,"damage_taken":0.0},{"damage_healed":0.0,"max_hp_gain":0.0,"max_hp_loss":0.0,"gold_gain":0.0,"event_name":"Lab","player_choice":"Got Potions","floor":5.0,"gold_loss":0.0,"damage_taken":0.0},{"cards_removed":["Strike_B"],"damage_healed":0.0,"max_hp_gain":0.0,"max_hp_loss":0.0,"gold_gain":0.0,"event_name":"Designer","player_choice":"Upgrade and Remove","floor":19.0,"gold_loss":110.0,"damage_taken":0.0,"cards_upgraded":["Strike_B"]},{"cards_removed":["Strike_B"],"damage_healed":0,"gold_gain":0,"player_choice":"Elegance","damage_taken":0,"max_hp_gain":0,"max_hp_loss":0,"event_name":"Back to Basics","floor":29,"gold_loss":0}],"is_beta":false,"boss_relics":[{"not_picked":["Empty Cage","Philosopher\u0027s Stone"],"picked":"Nuclear Battery"}],"items_purged_floors":[20],"is_endless":false,"potions_floor_spawned":[1,12,13,14,18,21,28],"killed_by":"Shelled Parasite and Fungi","ascension_level":20}