{"gold_per_floor":[116,132,142,152,117,117,146,146,146,146,146,160,174,99,99,174,174,191,211,87,101,112,112,137,137,137,166,265,265,281,301,301,375,375,385,485,504,516,561,561,594,554,554,571,498,517,20,40,40,40],"floor_reached":51,"playtime":4240,"items_purged":["Strike_B"],"score":1107,"play_id":"3e8e483b-341f-42dd-bb38-00e131d64c02","local_time":"20190530220549","is_ascension_mode":true,"campfire_choices":[{"data":"Sunder","floor":6,"key":"SMITH"},{"data":"Zap","floor":8,"key":"SMITH"},{"data":"Coolheaded","floor":11,"key":"SMITH"},{"data":"Consume","floor":15,"key":"SMITH"},{"data":"Biased Cognition","floor":23,"key":"SMITH"},{"floor":25,"key":"REST"},{"floor":29,"key":"REST"},{"data":"Defragment","floor":32,"key":"SMITH"},{"floor":40,"key":"REST"},{"floor":49,"key":"REST"}],"neow_cost":"NONE","seed_source_timestamp":350580753494948,"circlet_count":0,"master_deck":["AscendersBane","Strike_B","Defend_B","Defend_B","Defend_B","Defend_B","Zap+1","Dualcast","Coolheaded+1","Cold Snap","Cold Snap","Sunder+1","Hologram","Consume+1","Go for the Eyes+1","Biased Cognition+1","Ball Lightning","Steam","Defragment+1","Tempest+1","Seek+1","Creative AI","Coolheaded+1","Conserve Battery+1","Coolheaded+1","Undo+1","Hologram+1","Reinforced Body+1","Chill+1","Turbo+1","Static Discharge"],"relics":["Lizard Tail","Pocketwatch","Symbiotic Virus","Sozu","Toxic Egg 2","Bag of Marbles","Cables","Empty Cage","Ginger","Vajra","Letter Opener","Gambling Chip","Centennial Puzzle"],"potions_floor_usage":[4,7,12,16,16,19],"damage_taken":[{"damage":1,"enemies":"Cultist","floor":1,"turns":4},{"damage":9,"enemies":"Small Slimes","floor":2,"turns":4},{"damage":3,"enemies":"Jaw Worm","floor":3,"turns":5},{"damage":24,"enemies":"Exordium Wildlife","floor":4,"turns":7},{"damage":13,"enemies":"3 Sentries","floor":7,"turns":7},{"damage":2,"enemies":"Lots of Slimes","floor":12,"turns":4},{"damage":0,"enemies":"2 Fungi Beasts","floor":13,"turns":2},{"damage":48,"enemies":"Slime Boss","floor":16,"turns":12},{"damage":8,"enemies":"Shell Parasite","floor":18,"turns":4},{"damage":1,"enemies":"3 Byrds","floor":19,"turns":5},{"damage":13,"enemies":"Sentry and Sphere","floor":21,"turns":5},{"damage":0,"enemies":"3 Cultists","floor":22,"turns":4},{"damage":9,"enemies":"Book of Stabbing","floor":24,"turns":5},{"damage":29,"enemies":"Gremlin Leader","floor":27,"turns":8},{"damage":7,"enemies":"Centurion and Healer","floor":30,"turns":4},{"damage":1,"enemies":"Shelled Parasite and Fungi","floor":31,"turns":3},{"damage":39,"enemies":"Collector","floor":33,"turns":12},{"damage":8,"enemies":"Orb Walker","floor":35,"turns":3},{"damage":18,"enemies":"3 Shapes","floor":37,"turns":2},{"damage":2,"enemies":"Sphere and 2 Shapes","floor":38,"turns":4},{"damage":14,"enemies":"2 Orb Walkers","floor":39,"turns":4},{"damage":9,"enemies":"Reptomancer","floor":41,"turns":7},{"damage":23,"enemies":"Jaw Worm Horde","floor":44,"turns":5},{"damage":0,"enemies":"3 Darklings","floor":46,"turns":4},{"damage":4,"enemies":"Sphere and 2 Shapes","floor":48,"turns":4},{"damage":26,"enemies":"Awakened One","floor":50,"turns":15}],"seed_played":"8293977694820226581","potions_obtained":[{"floor":2,"key":"Regen Potion"},{"floor":4,"key":"Energy Potion"},{"floor":10,"key":"SteroidPotion"},{"floor":10,"key":"EssenceOfSteel"},{"floor":10,"key":"SkillPotion"},{"floor":13,"key":"SkillPotion"},{"floor":16,"key":"EssenceOfSteel"}],"is_trial":false,"path_per_floor":["M","M","M","M","?","R","E","R","T","?","R","M","M","$","R","B",null,"M","M","$","M","M","R","E","R","T","E","?","R","M","M","R","B",null,"M","?","M","M","?","R","E","?","T","M","$","M","$","M","R","B",null],"character_chosen":"DEFECT","items_purchased":["Biased Cognition","Ball Lightning","Chill+1","Gambling Chip","Centennial Puzzle","Static Discharge"],"campfire_rested":4,"item_purchase_floors":[20,20,45,47,47,47],"current_hp_per_floor":[67,58,55,46,64,64,51,51,51,51,51,49,49,49,49,1,57,49,48,48,35,35,35,26,48,48,19,19,41,34,33,33,37,66,58,58,40,38,24,46,37,37,37,14,14,14,14,10,32,6],"gold":40,"neow_bonus":"BOSS_RELIC","is_prod":false,"is_daily":false,"chose_seed":false,"campfire_upgraded":6,"win_rate":0,"timestamp":1559246749,"path_taken":["M","M","M","M","?","R","E","R","T","?","R","M","?","$","R","BOSS","M","M","$","M","M","R","E","R","T","E","?","R","M","M","R","BOSS","M","?","M","?","?","R","E","?","T","?","$","M","$","M","R","BOSS"],"build_version":"2019-01-23","purchased_purges":1,"victory":true,"max_hp_per_floor":[75,75,75,75,75,75,75,75,75,75,75,75,75,75,75,75,75,75,75,75,75,75,75,75,75,75,75,75,75,75,75,75,75,75,75,75,75,75,75,75,75,75,75,75,75,75,75,75,75,75],"card_choices":[{"not_picked":["Leap","Redo"],"picked":"Coolheaded","floor":1},{"not_picked":["Streamline","Beam Cell"],"picked":"Cold Snap","floor":2},{"not_picked":["BootSequence","Leap"],"picked":"Cold Snap","floor":3},{"not_picked":["Rip and Tear","Hyperbeam"],"picked":"Sunder","floor":4},{"not_picked":["Auto Shields","Beam Cell"],"picked":"Hologram","floor":7},{"not_picked":["Compile Driver","Static Discharge"],"picked":"Consume","floor":12},{"not_picked":["Consume","Leap","FTL"],"picked":"SKIP","floor":13},{"not_picked":["Steam","Cold Snap+1"],"picked":"Go for the Eyes+1","floor":18},{"not_picked":["Beam Cell","Storm","Leap"],"picked":"SKIP","floor":19},{"not_picked":["Redo","Gash","Machine Learning"],"picked":"SKIP","floor":21},{"not_picked":["Sweeping Beam","Go for the Eyes","Steam"],"picked":"SKIP","floor":22},{"not_picked":["Sweeping Beam","Go for the Eyes"],"picked":"Steam","floor":22},{"not_picked":["Hologram","Conserve Battery"],"picked":"Defragment","floor":24},{"not_picked":["Consume+1","Compile Driver+1"],"picked":"Tempest+1","floor":27},{"not_picked":["Compile Driver","Steam Power+1","Auto Shields+1"],"picked":"SKIP","floor":30},{"not_picked":["Chaos+1","Steam Power+1"],"picked":"Seek+1","floor":31},{"not_picked":["All For One","Machine Learning"],"picked":"Creative AI","floor":33},{"not_picked":["Conserve Battery+1","BootSequence+1"],"picked":"Coolheaded+1","floor":35},{"not_picked":["Redo+1","Leap+1"],"picked":"Conserve Battery+1","floor":37},{"not_picked":["Cold Snap+1","Hologram+1"],"picked":"Coolheaded+1","floor":38},{"not_picked":["Compile Driver+1","Beam Cell"],"picked":"Undo+1","floor":39},{"not_picked":["FTL","Sweeping Beam"],"picked":"Hologram+1","floor":41},{"not_picked":["Barrage","Ball Lightning"],"picked":"Reinforced Body+1","floor":44},{"not_picked":["Rebound+1","Ball Lightning+1"],"picked":"Turbo+1","floor":46},{"not_picked":["Gash","Barrage+1","Sweeping Beam"],"picked":"SKIP","floor":48}],"player_experience":632669,"relics_obtained":[{"floor":7,"key":"Pocketwatch"},{"floor":9,"key":"Symbiotic Virus"},{"floor":24,"key":"Toxic Egg 2"},{"floor":26,"key":"Bag of Marbles"},{"floor":27,"key":"Cables"},{"floor":39,"key":"Ginger"},{"floor":41,"key":"Vajra"},{"floor":43,"key":"Letter Opener"}],"event_choices":[{"damage_healed":18,"gold_gain":0,"player_choice":"Healed","damage_taken":0,"max_hp_gain":0,"max_hp_loss":0,"event_name":"The Cleric","floor":5,"gold_loss":35},{"damage_healed":0,"gold_gain":0,"player_choice":"Got Potions","damage_taken":0,"max_hp_gain":0,"max_hp_loss":0,"event_name":"Lab","floor":10,"gold_loss":0},{"damage_healed":0,"gold_gain":99,"player_choice":"Stole From Cult","damage_taken":0,"max_hp_gain":0,"max_hp_loss":0,"event_name":"Nest","floor":28,"gold_loss":0},{"damage_healed":0,"gold_gain":100,"player_choice":"Pray","damage_taken":0,"max_hp_gain":0,"max_hp_loss":0,"event_name":"Golden Shrine","floor":36,"gold_loss":0},{"damage_healed":0,"gold_gain":0,"player_choice":"Fight","damage_taken":0,"max_hp_gain":0,"max_hp_loss":0,"event_name":"Mysterious Sphere","floor":39,"gold_loss":0},{"damage_healed":0,"gold_gain":0,"player_choice":"Bought 3 Potions","damage_taken":0,"max_hp_gain":0,"max_hp_loss":0,"event_name":"The Woman in Blue","floor":42,"gold_loss":0}],"is_beta":false,"boss_relics":[{"not_picked":["Ectoplasm","Runic Pyramid"],"picked":"Sozu"},{"not_picked":["Tiny House","Nuclear Battery"],"picked":"Empty Cage"}],"items_purged_floors":[14],"is_endless":false,"potions_floor_spawned":[2,4,13,16,18,19,22,37,39,41,44],"ascension_level":13}