{"gold_per_floor":[112,129,129,142,153,153,153,153,153,184,204,204,2,30,30,109,109,109,109,34,34,45,45,58,58,58,58,75,109,121,160,172,262,274,303,315,327,350,376,388,435,447,459,497,509,535,54,64,64,64],"floor_reached":50,"playtime":5210,"items_purged":["Strike_B","Defend_B"],"score":1245,"play_id":"a2fa8394-95a4-4c95-94b5-82d2f67e3fc8","local_time":"20190415152835","is_ascension_mode":true,"campfire_choices":[{"data":"Loop","floor":6.0,"key":"SMITH"},{"data":"Reinforced Body","floor":8.0,"key":"SMITH"},{"data":"Glacier","floor":12.0,"key":"SMITH"},{"data":"Capacitor","floor":15.0,"key":"SMITH"},{"data":"Seek","floor":23.0,"key":"SMITH"},{"data":"Buffer","floor":25.0,"key":"SMITH"},{"data":"Loop","floor":30.0,"key":"SMITH"},{"floor":32.0,"key":"REST"},{"data":"Fusion","floor":40.0,"key":"SMITH"},{"data":"Dualcast","floor":42.0,"key":"SMITH"},{"data":"Buffer","floor":45.0,"key":"SMITH"},{"floor":49.0,"key":"RECALL"}],"neow_cost":"NONE","seed_source_timestamp":252690947581753,"circlet_count":0,"master_deck":["AscendersBane","Zap","Dualcast+1","Glacier+1","Capacitor+1","Loop+1","Reinforced Body+1","Streamline","Seek+1","Cold Snap","Fusion+1","Barrage","Buffer+1","Hello World","Buffer+1","Undo","Force Field","Loop+1","Cold Snap+1","Buffer","Hologram","Hologram","Barrage+1","Conserve Battery+1","Coolheaded+1","Multi-Cast","Coolheaded+1"],"special_seed":0,"relics":["Cracked Core","Regal Pillow","Bottled Lightning","DataDisk","Bronze Scales","Nuclear Battery","Symbiotic Virus","Thread and Needle","MawBank","Blood Vial","Empty Cage","Pen Nib","PreservedInsect","OrangePellets"],"potions_floor_usage":[],"damage_taken":[{"damage":1.0,"enemies":"2 Louse","floor":1.0,"turns":3.0},{"damage":2.0,"enemies":"Cultist","floor":2.0,"turns":4.0},{"damage":2.0,"enemies":"Jaw Worm","floor":4.0,"turns":9.0},{"damage":2.0,"enemies":"2 Fungi Beasts","floor":5.0,"turns":4.0},{"damage":27.0,"enemies":"3 Sentries","floor":10.0,"turns":18.0},{"damage":1.0,"enemies":"Exordium Thugs","floor":11.0,"turns":7.0},{"damage":4.0,"enemies":"Lagavulin","floor":14.0,"turns":8.0},{"damage":25.0,"enemies":"The Guardian","floor":16.0,"turns":11.0},{"damage":0.0,"enemies":"2 Thieves","floor":18.0,"turns":1.0},{"damage":6.0,"enemies":"Shell Parasite","floor":22.0,"turns":5.0},{"damage":0.0,"enemies":"Centurion and Healer","floor":24.0,"turns":5.0},{"damage":0.0,"enemies":"Snecko","floor":28.0,"turns":6.0},{"damage":25.0,"enemies":"Slavers","floor":29.0,"turns":8.0},{"damage":8.0,"enemies":"Book of Stabbing","floor":31.0,"turns":4.0},{"damage":0.0,"enemies":"Collector","floor":33.0,"turns":13.0},{"damage":0.0,"enemies":"Orb Walker","floor":35.0,"turns":5.0},{"damage":0.0,"enemies":"3 Shapes","floor":38.0,"turns":6.0},{"damage":0.0,"enemies":"Sphere and 2 Shapes","floor":39.0,"turns":10.0},{"damage":0.0,"enemies":"Giant Head","floor":41.0,"turns":12.0},{"damage":0.0,"enemies":"Reptomancer","floor":44.0,"turns":11.0},{"damage":0.0,"enemies":"Spire Growth","floor":46.0,"turns":5.0},{"damage":0.0,"enemies":"Maw","floor":48.0,"turns":4.0},{"damage":78,"enemies":"Awakened One","floor":50,"turns":27}],"seed_played":"-6353612958766383949","potions_obtained":[{"floor":2.0,"key":"SmokeBomb"},{"floor":4.0,"key":"Poison Potion"},{"floor":5.0,"key":"LiquidBronze"},{"floor":24.0,"key":"GamblersBrew"},{"floor":39.0,"key":"GamblersBrew"}],"is_trial":false,"path_per_floor":["M","M","?","M","M","R","?","R","T","E","M","R","$","E","R","B",null,"M","T","$","?","M","R","M","R","T","?","M","E","R","E","R","B",null,"M","?","$","M","M","R","E","R","T","E","R","M","$","M","R","B"],"character_chosen":"DEFECT","items_purchased":["DataDisk","Fusion","OrangePellets","Multi-Cast"],"campfire_rested":1,"item_purchase_floors":[13,13,47,47],"current_hp_per_floor":[70,68,68,66,64,64,64,64,64,37,36,36,36,32,32,7,60,60,60,60,60,54,54,54,54,54,54,54,29,29,21,59,61,74,76,76,76,78,78,78,78,78,78,78,78,78,78,78,78,0],"gold":64,"neow_bonus":"TEN_PERCENT_HP_BONUS","is_prod":false,"is_daily":false,"chose_seed":false,"campfire_upgraded":10,"win_rate":0,"timestamp":1555309715,"path_taken":["M","M","?","M","M","R","?","R","T","E","M","R","$","E","R","BOSS","M","?","$","?","M","R","M","R","T","?","M","E","R","E","R","BOSS","M","?","?","?","M","R","E","R","T","E","R","?","$","M","R","BOSS"],"build_version":"2019-04-04","purchased_purges":2,"victory":false,"max_hp_per_floor":[78,78,78,78,78,78,78,78,78,78,78,78,78,78,78,78,78,78,78,78,78,78,78,78,78,78,78,78,78,78,78,78,78,78,78,78,78,78,78,78,78,78,78,78,78,78,78,78,78,78],"card_choices":[{"not_picked":["Rebound","Coolheaded"],"picked":"Glacier","floor":1.0},{"not_picked":["Go for the Eyes","Genetic Algorithm"],"picked":"Capacitor","floor":2.0},{"not_picked":["Leap","Turbo"],"picked":"Reinforced Body","floor":4.0},{"not_picked":["Leap","Conserve Battery"],"picked":"Streamline","floor":5.0},{"not_picked":["Blizzard","Scrape"],"picked":"Seek","floor":10.0},{"not_picked":["Go for the Eyes","Consume"],"picked":"Cold Snap","floor":11.0},{"not_picked":["Cold Snap","Leap"],"picked":"Barrage","floor":14.0},{"not_picked":["Core Surge","Amplify"],"picked":"Buffer","floor":16.0},{"not_picked":["FTL","Ball Lightning+1"],"picked":"Undo","floor":22.0},{"not_picked":["Conserve Battery","Ball Lightning+1"],"picked":"Force Field","floor":24.0},{"not_picked":["Sweeping Beam","Rebound","Conserve Battery"],"picked":"SKIP","floor":28.0},{"not_picked":["Redo","Gash"],"picked":"Loop","floor":29.0},{"not_picked":["Aggregate+1","Doom and Gloom"],"picked":"Cold Snap+1","floor":31.0},{"not_picked":["Hyperbeam","Rainbow"],"picked":"Buffer","floor":33.0},{"not_picked":["Sweeping Beam","Beam Cell"],"picked":"Hologram","floor":35.0},{"not_picked":["Gash","Compile Driver"],"picked":"Hologram","floor":38.0},{"not_picked":["Coolheaded","Conserve Battery"],"picked":"Barrage+1","floor":39.0},{"not_picked":["Coolheaded","Steam","Streamline"],"picked":"SKIP","floor":41.0},{"not_picked":["Genetic Algorithm","Beam Cell"],"picked":"Conserve Battery+1","floor":44.0},{"not_picked":["Cold Snap","Blizzard"],"picked":"Coolheaded+1","floor":46.0},{"not_picked":["Leap","Turbo+1"],"picked":"Coolheaded+1","floor":48.0}],"player_experience":2941549,"relics_obtained":[{"floor":9.0,"key":"Regal Pillow"},{"floor":10.0,"key":"Bottled Lightning"},{"floor":14.0,"key":"Bronze Scales"},{"floor":19.0,"key":"Symbiotic Virus"},{"floor":26.0,"key":"Thread and Needle"},{"floor":29.0,"key":"MawBank"},{"floor":31.0,"key":"Blood Vial"},{"floor":41.0,"key":"Pen Nib"},{"floor":44.0,"key":"PreservedInsect"}],"event_choices":[{"damage_healed":0.0,"max_hp_gain":0.0,"max_hp_loss":0.0,"gold_gain":0.0,"cards_transformed":["Strike_B"],"event_name":"Living Wall","player_choice":"Change","floor":3.0,"gold_loss":0.0,"damage_taken":0.0,"cards_obtained":["Loop"]},{"cards_removed":["Strike_B"],"damage_healed":0.0,"max_hp_gain":0.0,"max_hp_loss":0.0,"gold_gain":0.0,"event_name":"Purifier","player_choice":"Purged","floor":7.0,"gold_loss":0.0,"damage_taken":0.0},{"damage_healed":0.0,"max_hp_gain":0.0,"max_hp_loss":0.0,"gold_gain":0.0,"cards_transformed":["Strike_B","Defend_B"],"event_name":"Drug Dealer","player_choice":"Became Test Subject","floor":21.0,"gold_loss":0.0,"damage_taken":0.0,"cards_obtained":["Hello World","Buffer"]},{"damage_healed":0.0,"max_hp_gain":0.0,"max_hp_loss":0.0,"gold_gain":0.0,"event_name":"SecretPortal","player_choice":"Ignored","floor":36.0,"gold_loss":0.0,"damage_taken":0.0}],"is_beta":true,"boss_relics":[{"not_picked":["Eternal Feather","Sozu"],"picked":"Nuclear Battery"},{"not_picked":["Calling Bell","Orrery"],"picked":"Empty Cage"}],"items_purged_floors":[20,47],"is_endless":false,"potions_floor_spawned":[2,4,5,14,16,18,24,28,39,41],"killed_by":"Awakened One","ascension_level":17}