{"gold_per_floor":[117,135,210,210,13,13,38,38,38,53,0,35,53,66,66,66],"floor_reached":16,"playtime":1314,"items_purged":[],"score":250,"play_id":"10e39fe1-207f-4c04-81e0-9de7df6c9a9c","local_time":"20190429230415","is_ascension_mode":true,"campfire_choices":[{"data":"Zap","floor":6,"key":"SMITH"},{"data":"Streamline","floor":8,"key":"SMITH"},{"data":"Coolheaded","floor":15,"key":"SMITH"}],"neow_cost":"NONE","seed_source_timestamp":280948741234806,"circlet_count":0,"master_deck":["AscendersBane","Strike_B","Strike_B","Strike_B","Defend_B","Defend_B","Defend_B","Defend_B","Zap+1","Dualcast","Glacier","Streamline+1","Coolheaded+1","Steam","Reboot","Conserve Battery","Auto Shields","Undo"],"relics":["Cracked Core","NeowsBlessing","Potion Belt","Question Card","Blue Candle","DataDisk","Art of War"],"potions_floor_usage":[16],"damage_taken":[{"damage":0,"enemies":"Small Slimes","floor":1,"turns":1},{"damage":0,"enemies":"2 Louse","floor":2,"turns":1},{"damage":0,"enemies":"Gremlin Nob","floor":7,"turns":1},{"damage":0,"enemies":"Jaw Worm","floor":10,"turns":3},{"damage":2,"enemies":"3 Sentries","floor":12,"turns":9},{"damage":2,"enemies":"Large Slime","floor":13,"turns":5},{"damage":4,"enemies":"Gremlin Gang","floor":14,"turns":6},{"damage":10,"enemies":"Slime Boss","floor":16,"turns":9}],"seed_played":"7228299592000567706","potions_obtained":[{"floor":7,"key":"Strength Potion"},{"floor":12,"key":"PowerPotion"},{"floor":13,"key":"Weak Potion"},{"floor":14,"key":"Block Potion"}],"is_trial":false,"path_per_floor":["M","M","?","?","$","R","E","R","T","M","?","E","M","M","R","B"],"character_chosen":"DEFECT","items_purchased":["Potion Belt","Coolheaded"],"campfire_rested":0,"item_purchase_floors":[5,5],"current_hp_per_floor":[64,64,53,53,53,53,53,53,53,53,53,51,49,45,45,35],"gold":66,"neow_bonus":"THREE_ENEMY_KILL","is_prod":false,"is_daily":false,"chose_seed":false,"campfire_upgraded":3,"win_rate":0,"timestamp":1556546655,"path_taken":["M","M","?","?","?","R","E","R","T","M","?","E","M","M","R","BOSS"],"build_version":"2019-04-23","purchased_purges":0,"victory":false,"max_hp_per_floor":[71,71,71,71,71,71,71,71,71,71,71,71,71,71,71,71],"card_choices":[{"not_picked":["Leap","Compile Driver"],"picked":"Glacier","floor":1},{"not_picked":["Reinforced Body","Leap"],"picked":"Streamline","floor":2},{"not_picked":["Compile Driver","Coolheaded"],"picked":"Steam","floor":7},{"not_picked":["Turbo","Conserve Battery","Skim"],"picked":"Reboot","floor":10},{"not_picked":["Melter","Hyperbeam","Streamline"],"picked":"Conserve Battery","floor":12},{"not_picked":["Storm","Leap","Scrape"],"picked":"Auto Shields","floor":13},{"not_picked":["Barrage","Redo","Cold Snap"],"picked":"Undo","floor":14}],"player_experience":3106404,"relics_obtained":[{"floor":7,"key":"Question Card"},{"floor":9,"key":"Blue Candle"},{"floor":12,"key":"Art of War"}],"event_choices":[{"damage_healed":0,"gold_gain":75,"player_choice":"Gather Gold","damage_taken":11,"max_hp_gain":0,"max_hp_loss":0,"event_name":"World of Goop","floor":3,"gold_loss":0},{"cards_removed":["Strike_B"],"damage_healed":0,"gold_gain":0,"player_choice":"Forget","damage_taken":0,"max_hp_gain":0,"max_hp_loss":0,"event_name":"Living Wall","floor":4,"gold_loss":0},{"damage_healed":0,"gold_gain":0,"player_choice":"Paid Gold","damage_taken":0,"relics_obtained":["DataDisk"],"max_hp_gain":0,"max_hp_loss":0,"event_name":"WeMeetAgain","floor":11,"gold_loss":53}],"is_beta":true,"boss_relics":[],"items_purged_floors":[],"is_endless":false,"potions_floor_spawned":[7,12,13,14],"killed_by":"Slime Boss","ascension_level":17}