{"gold_per_floor":[110,110,110,110,124,149,165,194,194,119,129,129,163,57,57,155,155,145,145,163,177,177,177,190,190],"floor_reached":25,"playtime":1315,"items_purged":["Defend_R"],"score":394,"play_id":"c38cc481-2556-4bf1-86ce-d08d25099563","local_time":"20190430202540","is_ascension_mode":true,"campfire_choices":[{"data":"Flame Barrier","floor":12,"key":"SMITH"},{"floor":15,"key":"REST"},{"floor":23,"key":"REST"}],"neow_cost":"NONE","seed_source_timestamp":1648562233244970,"circlet_count":0,"master_deck":["AscendersBane","Strike_R","Strike_R","Strike_R","Strike_R","Strike_R","Defend_R","Defend_R","Bash","Flame Barrier+1","Clash","Flex","Fire Breathing+1","Dropkick","Feed","Flex","Iron Wave"],"special_seed":0,"relics":["Burning Blood","NeowsBlessing","Bag of Preparation","Paper Frog","Bottled Lightning","Anchor","Potion Belt","White Beast Statue"],"potions_floor_usage":[16,16,16,21,21],"damage_taken":[{"damage":0.0,"enemies":"Cultist","floor":1.0,"turns":1.0},{"damage":0.0,"enemies":"Jaw Worm","floor":5.0,"turns":1.0},{"damage":0.0,"enemies":"3 Sentries","floor":6.0,"turns":2.0},{"damage":0.0,"enemies":"2 Louse","floor":7.0,"turns":3.0},{"damage":26.0,"enemies":"Lagavulin","floor":8.0,"turns":8.0},{"damage":11,"enemies":"Exordium Thugs","floor":11,"turns":4},{"damage":10,"enemies":"Gremlin Nob","floor":13,"turns":4},{"damage":56,"enemies":"The Guardian","floor":16,"turns":11},{"damage":12,"enemies":"2 Thieves","floor":18,"turns":4},{"damage":0,"enemies":"3 Byrds","floor":20,"turns":1},{"damage":36,"enemies":"Snecko","floor":21,"turns":7},{"damage":27,"enemies":"Chosen and Byrds","floor":24,"turns":6},{"damage":0,"enemies":"Gremlin Leader","floor":25,"turns":2}],"seed_played":"8330798747394544948","potions_obtained":[{"floor":5.0,"key":"Block Potion"},{"floor":6.0,"key":"Fire Potion"},{"floor":11,"key":"Weak Potion"},{"floor":13,"key":"SteroidPotion"},{"floor":18,"key":"AttackPotion"},{"floor":20,"key":"Weak Potion"},{"floor":21,"key":"Energy Potion"},{"floor":24,"key":"BloodPotion"}],"is_trial":false,"path_per_floor":["M","?","T","$","M","E","M","E","T","$","M","R","E","$","R","B",null,"M","$","M","M","?","R","M","E"],"character_chosen":"IRONCLAD","items_purchased":["Fire Breathing","Dropkick"],"campfire_rested":2,"item_purchase_floors":[14,14],"current_hp_per_floor":[78,78,78,78,80,80,80,60,60,60,55,55,51,51,75,25,66,63,63,69,42,42,67,49,49],"gold":190,"neow_bonus":"THREE_ENEMY_KILL","is_prod":false,"is_daily":false,"chose_seed":false,"campfire_upgraded":1,"win_rate":0,"timestamp":1556645140,"path_taken":["M","?","?","$","?","E","M","E","T","$","M","R","E","$","R","BOSS","M","$","M","M","?","R","M","E"],"build_version":"2019-01-23","purchased_purges":1,"victory":false,"max_hp_per_floor":[80,80,80,80,80,80,80,80,80,80,80,80,80,80,80,80,80,83,83,83,86,86,86,89,89],"card_choices":[{"not_picked":["Shrug It Off","Armaments","Twin Strike"],"picked":"SKIP","floor":1.0},{"not_picked":["Carnage","Hemokinesis"],"picked":"Clash","floor":5.0},{"not_picked":["Anger","Shrug It Off","Warcry"],"picked":"SKIP","floor":6.0},{"not_picked":["Thunderclap","Uppercut","Impervious"],"picked":"SKIP","floor":7.0},{"not_picked":["Seeing Red","Cleave"],"picked":"Flex","floor":8.0},{"not_picked":["Pommel Strike","Flame Barrier","Thunderclap"],"picked":"SKIP","floor":11},{"not_picked":["True Grit","Heavy Blade","Perfected Strike"],"picked":"SKIP","floor":13},{"not_picked":["Immolate","Limit Break"],"picked":"Feed","floor":16},{"not_picked":["Cleave+1","Perfected Strike"],"picked":"Flex","floor":18},{"not_picked":["Disarm","Pummel"],"picked":"Iron Wave","floor":20},{"not_picked":["Flame Barrier","Seeing Red","Perfected Strike"],"picked":"SKIP","floor":21},{"not_picked":["Anger","Armaments","Pummel"],"picked":"SKIP","floor":24}],"player_experience":1275642,"relics_obtained":[{"floor":3.0,"key":"Bag of Preparation"},{"floor":6.0,"key":"Paper Frog"},{"floor":8.0,"key":"Bottled Lightning"},{"floor":9.0,"key":"Anchor"},{"floor":13,"key":"Potion Belt"}],"event_choices":[{"damage_healed":0.0,"max_hp_gain":0.0,"max_hp_loss":0.0,"gold_gain":0.0,"cards_transformed":["Defend_R"],"event_name":"Living Wall","player_choice":"Change","floor":2.0,"gold_loss":0.0,"damage_taken":0.0,"cards_obtained":["Flame Barrier"]},{"damage_healed":0,"gold_gain":0,"player_choice":"Upgraded","damage_taken":0,"max_hp_gain":0,"max_hp_loss":0,"event_name":"Upgrade Shrine","floor":22,"gold_loss":0,"cards_upgraded":["Fire Breathing"]}],"is_beta":false,"boss_relics":[{"not_picked":["Tiny House","Snecko Eye"],"picked":"White Beast Statue"}],"items_purged_floors":[10],"is_endless":false,"potions_floor_spawned":[5,6,7,11,13,18,20,21,24],"killed_by":"Gremlin Leader","ascension_level":12}