{"gold_per_floor":[14,24,35,50,66,99,99,99,99,99,133,146,146,175,175,246,246,262,277,294,294,394,394,419,419,444,444,474,488,516,175,175,254,254,271,287,1,18,0,0,0,10,10,10,37,37,12,25,25,25,25,25,25,56,56],"floor_reached":56,"playtime":5218,"items_purged":["Strike_G"],"score":2155,"play_id":"5b59a78d-fe43-4126-8f80-dfbd82754b31","local_time":"20181229191325","is_ascension_mode":true,"campfire_choices":[{"data":"Apotheosis","floor":7.0,"key":"SMITH"},{"floor":10.0,"key":"REST"},{"data":"Mayhem","floor":13.0,"key":"SMITH"},{"data":"Strike_G","floor":15.0,"key":"PURGE"},{"floor":23.0,"key":"REST"},{"floor":25.0,"key":"REST"},{"data":"Strike_G","floor":27.0,"key":"PURGE"},{"data":"Footwork","floor":32.0,"key":"SMITH"},{"data":"Footwork","floor":40.0,"key":"SMITH"},{"floor":44.0,"key":"REST"},{"floor":46.0,"key":"RECALL"},{"data":"Strike_G+1","floor":49.0,"key":"PURGE"},{"data":"Defend_G","floor":52.0,"key":"PURGE"}],"neow_cost":"NO_GOLD","seed_source_timestamp":114504436424681,"circlet_count":0,"master_deck":["AscendersBane","Defend_G","Defend_G","Defend_G","Defend_G","Survivor","Neutralize","Mayhem+1","Apotheosis+1","Deflect","Malaise","Footwork+1","Dagger Spray+1","Finisher","Envenom","Flechettes","Backstab+1","Die Die Die+1","Caltrops","Blur","Footwork+1","Backflip","Backflip","Malaise","Dodge and Roll","PiercingWail","Infinite Blades+1","Tools of the Trade+1","Blur","Footwork+1","Infinite Blades+1","Madness","Madness","Catalyst","Deflect","Night Terror"],"special_seed":0,"relics":["Ring of the Serpent","Ninja Scroll","Matryoshka","Peace Pipe","Molten Egg 2","MutagenicStrength","Nunchaku","Frozen Egg 2","Strawberry","Bag of Marbles","Pocketwatch","Whetstone","OrangePellets","Lizard Tail","Potion Belt","Red Mask","Regal Pillow","Mercury Hourglass","Pear","Blood Vial"],"potions_floor_usage":[],"damage_taken":[{"damage":0.0,"enemies":"Cultist","floor":1.0,"turns":5.0},{"damage":0.0,"enemies":"Jaw Worm","floor":2.0,"turns":5.0},{"damage":1.0,"enemies":"2 Louse","floor":3.0,"turns":4.0},{"damage":0.0,"enemies":"Blue Slaver","floor":4.0,"turns":6.0},{"damage":0.0,"enemies":"Exordium Wildlife","floor":5.0,"turns":5.0},{"damage":28.0,"enemies":"Gremlin Nob","floor":6.0,"turns":6.0},{"damage":1.0,"enemies":"Lagavulin","floor":11.0,"turns":6.0},{"damage":0.0,"enemies":"Large Slime","floor":12.0,"turns":8.0},{"damage":6.0,"enemies":"3 Sentries","floor":14.0,"turns":6.0},{"damage":0.0,"enemies":"Hexaghost","floor":16.0,"turns":10.0},{"damage":3.0,"enemies":"Chosen","floor":18.0,"turns":3.0},{"damage":3.0,"enemies":"3 Byrds","floor":19.0,"turns":4.0},{"damage":17.0,"enemies":"Snake Plant","floor":20.0,"turns":6.0},{"damage":5.0,"enemies":"Colosseum Slavers","floor":22.0,"turns":5.0},{"damage":19.0,"enemies":"Colosseum Nobs","floor":22.0,"turns":5.0},{"damage":1.0,"enemies":"Gremlin Leader","floor":24.0,"turns":8.0},{"damage":0.0,"enemies":"Slavers","floor":28.0,"turns":1.0},{"damage":0.0,"enemies":"Sentry and Sphere","floor":29.0,"turns":7.0},{"damage":0.0,"enemies":"Book of Stabbing","floor":30.0,"turns":6.0},{"damage":6.0,"enemies":"Automaton","floor":33.0,"turns":9.0},{"damage":0.0,"enemies":"3 Shapes","floor":35.0,"turns":6.0},{"damage":2.0,"enemies":"Orb Walker","floor":36.0,"turns":2.0},{"damage":0.0,"enemies":"Maw","floor":38.0,"turns":8.0},{"damage":14.0,"enemies":"Writhing Mass","floor":42.0,"turns":8.0},{"damage":1.0,"enemies":"Giant Head","floor":45.0,"turns":9.0},{"damage":6.0,"enemies":"4 Shapes","floor":48.0,"turns":4.0},{"damage":11.0,"enemies":"Donu and Deca","floor":50.0,"turns":14.0},{"damage":22.0,"enemies":"Shield and Spear","floor":54.0,"turns":14.0},{"damage":78,"enemies":"The Heart","floor":55,"turns":14}],"seed_played":"3842702365371131660","potions_obtained":[{"floor":2.0,"key":"Strength Potion"},{"floor":3.0,"key":"Fire Potion"},{"floor":6.0,"key":"Dexterity Potion"},{"floor":11.0,"key":"Strength Potion"},{"floor":16.0,"key":"Dexterity Potion"},{"floor":22.0,"key":"Swift Potion"},{"floor":24.0,"key":"SteroidPotion"},{"floor":29.0,"key":"Block Potion"},{"floor":33.0,"key":"Poison Potion"},{"floor":36.0,"key":"Fruit Juice"},{"floor":38.0,"key":"Weak Potion"},{"floor":45.0,"key":"Fruit Juice"},{"floor":54.0,"key":"FearPotion"}],"is_trial":false,"path_per_floor":["M","M","M","M","M","E","R","?","T","R","E","M","R","R","B",null,"M","M","M","?","?","R","E","R","T","R","E","M","E","$","R","B",null,"M","M","$","M","?","R","?","M","T","R","E","R","$","M","R","B",null,"R","$","E",null],"character_chosen":"THE_SILENT","items_purchased":["OrangePellets","Infinite Blades+1","Footwork+1","Potion Belt","Block Potion","Deflect"],"campfire_rested":4,"item_purchase_floors":[31,31,37,37,37,47],"current_hp_per_floor":[59,59,58,58,58,30,30,30,30,49,48,48,48,42,42,42,60,57,54,37,37,13,32,38,59,59,59,59,59,59,59,59,53,68,68,71,71,71,71,71,57,43,43,78,92,92,92,86,86,75,89,89,89,67,37],"gold":56,"neow_bonus":"RANDOM_COLORLESS_2","is_prod":false,"is_daily":false,"chose_seed":false,"campfire_upgraded":4,"win_rate":0,"timestamp":1546078405,"path_taken":["M","?","M","M","M","E","R","?","T","R","E","M","R","E","R","BOSS","M","?","M","?","?","R","E","R","T","R","E","M","E","$","R","BOSS","M","M","$","M","?","R","?","M","T","R","E","R","?","M","R","BOSS","R","$","E","BOSS"],"build_version":"2018-12-25","purchased_purges":1,"victory":true,"max_hp_per_floor":[66,66,66,66,66,66,66,66,66,66,66,66,66,66,66,66,66,66,66,66,66,66,66,73,73,73,73,73,73,73,73,73,73,73,73,78,78,78,78,78,78,78,78,78,93,93,93,93,93,93,93,93,93,93,93],"card_choices":[{"not_picked":["Slice","Tactician"],"picked":"Deflect","floor":1.0},{"not_picked":["Acrobatics","Concentrate","Bane"],"picked":"SKIP","floor":2.0},{"not_picked":["PiercingWail","Bane"],"picked":"Malaise","floor":3.0},{"not_picked":["Blur","Leg Sweep"],"picked":"Footwork","floor":4.0},{"not_picked":["Reflex","Deflect"],"picked":"Dagger Spray","floor":5.0},{"not_picked":["Dagger Throw","Quick Slash"],"picked":"Finisher","floor":6.0},{"not_picked":["Poisoned Stab","Dash"],"picked":"Envenom","floor":11.0},{"not_picked":["PiercingWail","Quick Slash"],"picked":"Flechettes","floor":12.0},{"not_picked":["Slice","Crippling Poison"],"picked":"Backstab","floor":14.0},{"not_picked":["Envenom","Grand Finale+1"],"picked":"Die Die Die+1","floor":16.0},{"not_picked":["Eviscerate+1","Quick Slash+1"],"picked":"Caltrops","floor":18.0},{"not_picked":["Flying Knee+1","Prepared"],"picked":"Blur","floor":19.0},{"not_picked":["PiercingWail+1","Caltrops"],"picked":"Footwork","floor":20.0},{"not_picked":["Dagger Throw+1","Outmaneuver+1"],"picked":"Backflip","floor":22.0},{"not_picked":["Tactician","Poisoned Stab+1"],"picked":"Backflip","floor":24.0},{"not_picked":["Dagger Throw+1","Riddle With Holes+1"],"picked":"Malaise","floor":28.0},{"not_picked":["Quick Slash+1","Slice+1"],"picked":"Dodge and Roll","floor":29.0},{"not_picked":["Flying Knee+1","Acrobatics+1"],"picked":"PiercingWail","floor":30.0},{"not_picked":["Unload+1","Venomology"],"picked":"Tools of the Trade+1","floor":33.0},{"not_picked":["Slice+1","Underhanded Strike+1","Predator+1"],"picked":"SKIP","floor":35.0},{"not_picked":["Dash+1","Acrobatics+1"],"picked":"Blur","floor":36.0},{"not_picked":["Concentrate","Blade Dance"],"picked":"Infinite Blades+1","floor":38.0},{"not_picked":["Crippling Poison+1","Sucker Punch+1","Acrobatics+1"],"picked":"SKIP","floor":42.0},{"not_picked":["Quick Slash+1","Choke+1"],"picked":"Catalyst","floor":45.0},{"not_picked":["Poisoned Stab+1","Expertise","Sucker Punch+1"],"picked":"SKIP","floor":48.0},{"not_picked":["Blade Dance+1","Tactician+1"],"picked":"Night Terror","floor":54.0}],"player_experience":2605026,"relics_obtained":[{"floor":6.0,"key":"Ninja Scroll"},{"floor":9.0,"key":"Matryoshka"},{"floor":11.0,"key":"Peace Pipe"},{"floor":14.0,"key":"Molten Egg 2"},{"floor":22.0,"key":"Nunchaku"},{"floor":22.0,"key":"Frozen Egg 2"},{"floor":24.0,"key":"Strawberry"},{"floor":26.0,"key":"Bag of Marbles"},{"floor":28.0,"key":"Pocketwatch"},{"floor":30.0,"key":"Whetstone"},{"floor":43.0,"key":"Regal Pillow"},{"floor":43.0,"key":"Mercury Hourglass"},{"floor":45.0,"key":"Pear"},{"floor":54.0,"key":"Blood Vial"}],"event_choices":[{"cards_removed":["Strike_G"],"damage_healed":0.0,"max_hp_gain":0.0,"max_hp_loss":0.0,"gold_gain":0.0,"event_name":"Purifier","player_choice":"Purged","floor":8.0,"gold_loss":0.0,"damage_taken":0.0},{"damage_healed":0.0,"max_hp_gain":0.0,"max_hp_loss":0.0,"gold_gain":0.0,"event_name":"Drug Dealer","player_choice":"Inject Mutagens","floor":21.0,"gold_loss":0.0,"damage_taken":0.0,"relics_obtained":["MutagenicStrength"]},{"damage_healed":0.0,"max_hp_gain":0.0,"max_hp_loss":0.0,"gold_gain":0.0,"event_name":"Colosseum","player_choice":"Fight","floor":22.0,"gold_loss":0.0,"damage_taken":0.0},{"damage_healed":0.0,"max_hp_gain":0.0,"max_hp_loss":0.0,"gold_gain":0.0,"event_name":"Colosseum","player_choice":"Fought Nobs","floor":22.0,"gold_loss":0.0,"damage_taken":0.0},{"damage_healed":0.0,"max_hp_gain":0.0,"max_hp_loss":0.0,"gold_gain":0.0,"event_name":"Tomb of Lord Red Mask","player_choice":"Paid","floor":39.0,"gold_loss":18.0,"damage_taken":0.0,"relics_obtained":["Red Mask"]},{"damage_healed":0.0,"max_hp_gain":0.0,"max_hp_loss":0.0,"gold_gain":0.0,"event_name":"Winding Halls","player_choice":"Embrace Madness","floor":41.0,"gold_loss":0.0,"damage_taken":14.0,"cards_obtained":["Madness","Madness"]}],"is_beta":true,"boss_relics":[{"not_picked":["Runic Dome","Calling Bell"],"picked":"Ring of the Serpent"},{"not_picked":["Velvet Choker","Orrery"],"picked":"Lizard Tail"}],"items_purged_floors":[31],"is_endless":false,"potions_floor_spawned":[2,3,6,11,12,16,18,19,22,24,29,33,36,38,45,54],"ascension_level":15}