{"gold_per_floor":[113,63,63,63,79,79,107,107,132,132,132,162,162,175,175,270,270,281,206,206,216,316,316,316],"floor_reached":24,"playtime":1326,"items_purged":[],"score":285,"play_id":"67a6d757-0caf-46b9-900c-7e02b34b7d05","local_time":"20190101114840","is_ascension_mode":true,"campfire_choices":[{"data":"Neutralize","floor":6,"key":"SMITH"},{"floor":8,"key":"REST"},{"data":"Bouncing Flask","floor":11,"key":"SMITH"},{"data":"Escape Plan","floor":13,"key":"SMITH"},{"data":"Dodge and Roll","floor":15,"key":"SMITH"},{"floor":23,"key":"REST"}],"neow_cost":"NONE","seed_source_timestamp":828805155298509,"circlet_count":0,"master_deck":["Defend_G","Defend_G","Defend_G","Defend_G","Defend_G","Strike_G","Strike_G","Strike_G","Survivor","Neutralize+1","Blade Dance","Cloak And Dagger","Bouncing Flask+1","Escape Plan+1","Dodge and Roll+1","Tools of the Trade","Slice+1","Crippling Poison"],"relics":["Ring of the Snake","Oddly Smooth Stone","Question Card","Juzu Bracelet","NlothsMask","Pear","WristBlade"],"potions_floor_usage":[24],"damage_taken":[{"damage":0,"enemies":"Jaw Worm","floor":1,"turns":6},{"damage":0,"enemies":"2 Louse","floor":5,"turns":3},{"damage":35,"enemies":"Gremlin Nob","floor":7,"turns":6},{"damage":7,"enemies":"Lagavulin","floor":12,"turns":6},{"damage":0,"enemies":"Cultist","floor":14,"turns":4},{"damage":7,"enemies":"The Guardian","floor":16,"turns":12},{"damage":5,"enemies":"Shell Parasite","floor":18,"turns":6},{"damage":11,"enemies":"Chosen","floor":21,"turns":5},{"damage":66,"enemies":"Gremlin Leader","floor":24,"turns":7}],"seed_played":"-1429613747888316558","potions_obtained":[{"floor":12,"key":"SpeedPotion"},{"floor":14,"key":"GamblersBrew"}],"is_trial":false,"path_per_floor":["M","?","?","$","M","R","E","R","T","?","R","E","R","M","R","B",null,"M","?","?","M","?","R","E"],"character_chosen":"THE_SILENT","items_purchased":[],"campfire_rested":2,"item_purchase_floors":[],"current_hp_per_floor":[63,63,63,63,63,63,28,49,49,49,49,52,52,52,52,45,71,66,66,51,40,40,65,0],"gold":316,"neow_bonus":"RANDOM_COMMON_RELIC","is_prod":false,"is_daily":false,"chose_seed":false,"campfire_upgraded":4,"win_rate":0,"timestamp":1546310920,"path_taken":["M","?","?","$","M","R","E","R","T","?","R","E","R","M","R","BOSS","M","?","?","M","?","R","E"],"build_version":"2018-12-20","purchased_purges":0,"victory":false,"max_hp_per_floor":[70,70,70,70,70,70,70,70,70,70,70,80,80,80,80,80,80,80,80,85,85,85,85,85],"card_choices":[{"not_picked":["Outmaneuver","Underhanded Strike"],"picked":"Blade Dance","floor":1},{"not_picked":["Bane","Backflip"],"picked":"Cloak And Dagger","floor":5},{"not_picked":["Deadly Poison","PiercingWail"],"picked":"Bouncing Flask","floor":7},{"not_picked":["A Thousand Cuts","Underhanded Strike","Backstab"],"picked":"Escape Plan","floor":12},{"not_picked":["Dagger Spray","Setup","Distraction"],"picked":"Dodge and Roll","floor":14},{"not_picked":["Wraith Form v2","Doppelganger","Glass Knife"],"picked":"Tools of the Trade","floor":16},{"not_picked":["Dagger Spray","Dodge and Roll","Predator"],"picked":"Slice+1","floor":18},{"not_picked":["Sucker Punch","Noxious Fumes+1","Finisher+1"],"picked":"Crippling Poison","floor":21}],"player_experience":307765,"relics_obtained":[{"floor":7,"key":"Question Card"},{"floor":9,"key":"Juzu Bracelet"},{"floor":12,"key":"Pear"}],"event_choices":[{"cards_removed":["Strike_G"],"damage_healed":0,"gold_gain":0,"player_choice":"Card Removal","damage_taken":0,"max_hp_gain":0,"max_hp_loss":0,"event_name":"The Cleric","floor":2,"gold_loss":50},{"damage_healed":0,"gold_gain":0,"player_choice":"Ignored","damage_taken":0,"max_hp_gain":0,"max_hp_loss":0,"event_name":"Golden Idol","floor":3,"gold_loss":0},{"damage_healed":0,"gold_gain":0,"player_choice":"Trade","damage_taken":0,"relics_obtained":["NlothsMask"],"max_hp_gain":0,"max_hp_loss":0,"event_name":"FaceTrader","floor":10,"gold_loss":0},{"cards_removed":["Strike_G"],"damage_healed":0,"gold_gain":0,"player_choice":"Gave Gold","damage_taken":0,"max_hp_gain":0,"max_hp_loss":0,"event_name":"Beggar","floor":19,"gold_loss":75},{"damage_healed":0,"gold_gain":0,"player_choice":"Shed Blood","damage_taken":20,"max_hp_gain":5,"max_hp_loss":0,"event_name":"Forgotten Altar","floor":20,"gold_loss":0},{"damage_healed":0,"gold_gain":100,"player_choice":"Pray","damage_taken":0,"max_hp_gain":0,"max_hp_loss":0,"event_name":"Golden Shrine","floor":22,"gold_loss":0}],"is_beta":false,"boss_relics":[{"not_picked":["HoveringKite","Busted Crown"],"picked":"WristBlade"}],"items_purged_floors":[],"is_endless":false,"potions_floor_spawned":[12,14],"killed_by":"Gremlin Leader","ascension_level":6}