{"gold_per_floor":[365,440,79,99,109,134,134,165,165,198,27,27,27,46,46,123,123,143,33,33,30,43,43,43,43,43,62,6,36,36,47,47,120,120,132,132,132,148,168,168,68,87,87,87,106,134,134,152,152,152],"floor_reached":50,"playtime":3342,"items_purged":["Injury","Strike_B"],"score":969,"play_id":"8450146f-714b-4a16-8b8d-80114fac31f1","local_time":"20190423104241","is_ascension_mode":true,"campfire_choices":[{"floor":7.0,"key":"REST"},{"data":"Go for the Eyes","floor":13.0,"key":"SMITH"},{"floor":15.0,"key":"REST"},{"floor":23.0,"key":"REST"},{"floor":25.0,"key":"REST"},{"floor":30.0,"key":"REST"},{"floor":32.0,"key":"REST"},{"floor":40,"key":"REST"},{"data":"Buffer","floor":44,"key":"SMITH"},{"floor":49,"key":"RECALL"}],"neow_cost":"CURSE","seed_source_timestamp":928686458244698,"circlet_count":0,"master_deck":["AscendersBane","Strike_B+1","Defend_B","Defend_B","Defend_B","Defend_B","Zap","Dualcast","Go for the Eyes+1","Compile Driver+1","Ball Lightning+1","Chill","Seek","Leap","Hologram","Go for the Eyes+1","Fission","Steam","Go for the Eyes+1","Gash+1","Go for the Eyes+1","Go for the Eyes+1","Core Surge+1","Beam Cell+1","Buffer+1","Hologram+1","Hologram","Beam Cell+1","Gash+1","Seek"],"special_seed":0,"relics":["FrozenCore","Molten Egg 2","Potion Belt","Matryoshka","Boot","Dream Catcher","Unceasing Top","Happy Flower","Philosopher\u0027s Stone","Kunai","Incense Burner","Art of War","PreservedInsect","Pear"],"potions_floor_usage":[50,50,50],"damage_taken":[{"damage":0.0,"enemies":"2 Louse","floor":1.0,"turns":3.0},{"damage":0.0,"enemies":"Jaw Worm","floor":4.0,"turns":3.0},{"damage":0.0,"enemies":"Cultist","floor":5.0,"turns":3.0},{"damage":20.0,"enemies":"Lagavulin","floor":6.0,"turns":5.0},{"damage":14.0,"enemies":"3 Sentries","floor":8.0,"turns":8.0},{"damage":23.0,"enemies":"Lagavulin","floor":10.0,"turns":7.0},{"damage":3.0,"enemies":"3 Louse","floor":14.0,"turns":2.0},{"damage":1.0,"enemies":"Hexaghost","floor":16.0,"turns":10.0},{"damage":28.0,"enemies":"Shell Parasite","floor":18.0,"turns":6.0},{"damage":11.0,"enemies":"2 Thieves","floor":21.0,"turns":4.0},{"damage":22.0,"enemies":"Snecko","floor":22.0,"turns":7.0},{"damage":0.0,"enemies":"Snake Plant","floor":27.0,"turns":4.0},{"damage":32.0,"enemies":"Slavers","floor":29.0,"turns":5.0},{"damage":0.0,"enemies":"3 Cultists","floor":31.0,"turns":3.0},{"damage":32.0,"enemies":"Collector","floor":33.0,"turns":10.0},{"damage":1.0,"enemies":"3 Shapes","floor":35.0,"turns":7.0},{"damage":11,"enemies":"3 Darklings","floor":38,"turns":8},{"damage":25,"enemies":"Sphere and 2 Shapes","floor":39,"turns":6},{"damage":12,"enemies":"4 Shapes","floor":42,"turns":9},{"damage":5,"enemies":"Spire Growth","floor":45,"turns":4},{"damage":1,"enemies":"Reptomancer","floor":46,"turns":8},{"damage":0,"enemies":"Transient","floor":48,"turns":6},{"damage":70,"enemies":"Time Eater","floor":50,"turns":17}],"seed_played":"-3175509744891005374","potions_obtained":[{"floor":1.0,"key":"SteroidPotion"},{"floor":4.0,"key":"GamblersBrew"},{"floor":14.0,"key":"LiquidBronze"},{"floor":27.0,"key":"SteroidPotion"},{"floor":29.0,"key":"FairyPotion"},{"floor":31.0,"key":"Strength Potion"},{"floor":45,"key":"Block Potion"},{"floor":46,"key":"Explosive Potion"},{"floor":47,"key":"Explosive Potion"}],"is_trial":false,"path_per_floor":["M","?","$","M","M","E","R","E","T","E","$","?","R","M","R","B",null,"M","?","$","M","M","R","?","R","T","M","$","E","R","M","R","B",null,"M","?","?","M","M","R","$","M","T","R","M","E","?","M","R","B"],"character_chosen":"DEFECT","items_purchased":["Molten Egg 2","Happy Flower","PowerPotion"],"campfire_rested":7,"item_purchase_floors":[3,11,28],"current_hp_per_floor":[64,53,53,53,53,33,54,40,40,17,17,17,17,14,35,34,62,34,34,34,23,1,22,22,43,43,43,43,11,32,32,53,21,59,58,58,58,47,22,43,43,31,31,31,26,35,35,35,35,0],"gold":152,"neow_bonus":"TWO_FIFTY_GOLD","is_prod":false,"is_daily":false,"chose_seed":false,"campfire_upgraded":2,"win_rate":0,"timestamp":1555983761,"path_taken":["M","?","$","M","M","E","R","E","T","E","$","?","R","M","R","BOSS","M","?","?","M","M","R","?","R","T","?","$","E","R","M","R","BOSS","M","?","?","?","M","R","$","M","T","R","M","E","?","?","R","BOSS"],"build_version":"2019-04-21","purchased_purges":2,"victory":false,"max_hp_per_floor":[71,71,71,71,71,71,71,71,71,71,71,71,71,71,71,71,71,71,71,71,71,71,71,71,71,71,71,71,71,71,71,71,71,71,71,71,71,71,71,71,71,71,71,71,71,81,81,81,81,81],"card_choices":[{"not_picked":["Compile Driver","Redo"],"picked":"Go for the Eyes","floor":1.0},{"not_picked":["Steam","Redo"],"picked":"Compile Driver+1","floor":4.0},{"not_picked":["Rip and Tear+1","Conserve Battery"],"picked":"Ball Lightning+1","floor":5.0},{"not_picked":["Multi-Cast","Lockon+1"],"picked":"Chill","floor":6.0},{"not_picked":["Gash+1","Stack"],"picked":"Seek","floor":8.0},{"not_picked":["Static Discharge","Hello World"],"picked":"Leap","floor":10.0},{"not_picked":["Tempest","Steam Power"],"picked":"Hologram","floor":14.0},{"not_picked":["Capacitor","Beam Cell+1"],"picked":"Go for the Eyes+1","floor":15.0},{"not_picked":["Rainbow","Amplify"],"picked":"Fission","floor":16.0},{"not_picked":["Stack","Leap"],"picked":"Steam","floor":18.0},{"not_picked":["Force Field","Conserve Battery"],"picked":"Go for the Eyes+1","floor":21.0},{"not_picked":["Fusion","Auto Shields"],"picked":"Go for the Eyes+1","floor":22.0},{"not_picked":["Go for the Eyes+1","Streamline+1"],"picked":"Gash+1","floor":23.0},{"not_picked":["Coolheaded","Streamline+1"],"picked":"Go for the Eyes+1","floor":25.0},{"not_picked":["Barrage+1","Conserve Battery"],"picked":"Go for the Eyes+1","floor":27.0},{"not_picked":["Go for the Eyes+1","Gash+1"],"picked":"Core Surge+1","floor":29.0},{"not_picked":["Fusion","Chaos+1"],"picked":"Beam Cell+1","floor":31.0},{"not_picked":["Biased Cognition","Creative AI"],"picked":"Buffer","floor":33.0},{"not_picked":["Rebound+1","Lockon+1"],"picked":"Hologram+1","floor":35.0},{"not_picked":["Auto Shields","Stack+1"],"picked":"Hologram","floor":38},{"not_picked":["Auto Shields","Loop","Redo"],"picked":"SKIP","floor":39},{"not_picked":["Go for the Eyes+1","Stack"],"picked":"Beam Cell+1","floor":42},{"not_picked":["Fusion","Beam Cell+1"],"picked":"Gash+1","floor":45},{"not_picked":["Fusion","Defragment"],"picked":"Seek","floor":46},{"not_picked":["Ball Lightning+1","Heatsinks","Streamline+1"],"picked":"SKIP","floor":48}],"player_experience":3018476,"relics_obtained":[{"floor":6.0,"key":"Potion Belt"},{"floor":8.0,"key":"Matryoshka"},{"floor":9.0,"key":"Boot"},{"floor":9.0,"key":"Dream Catcher"},{"floor":10.0,"key":"Unceasing Top"},{"floor":26.0,"key":"Incense Burner"},{"floor":26.0,"key":"Art of War"},{"floor":29.0,"key":"PreservedInsect"},{"floor":46,"key":"Pear"}],"event_choices":[{"damage_healed":0.0,"max_hp_gain":0.0,"max_hp_loss":0.0,"gold_gain":75.0,"event_name":"World of Goop","player_choice":"Gather Gold","floor":2.0,"gold_loss":0.0,"damage_taken":11.0},{"damage_healed":0.0,"max_hp_gain":0.0,"max_hp_loss":0.0,"gold_gain":0.0,"event_name":"Liars Game","player_choice":"Ignored","floor":12.0,"gold_loss":0.0,"damage_taken":0.0},{"cards_removed":["Strike_B"],"damage_healed":0.0,"max_hp_gain":0.0,"max_hp_loss":0.0,"gold_gain":0.0,"event_name":"Designer","player_choice":"Upgrade and Remove","floor":19.0,"gold_loss":110.0,"damage_taken":0.0,"cards_upgraded":["Strike_B"]},{"cards_removed":["Go for the Eyes"],"damage_healed":0.0,"max_hp_gain":0.0,"max_hp_loss":0.0,"gold_gain":0.0,"event_name":"WeMeetAgain","player_choice":"Gave Card","floor":24.0,"gold_loss":0.0,"damage_taken":0.0,"relics_obtained":["Kunai"]},{"damage_healed":0,"gold_gain":0,"player_choice":"Ignored","damage_taken":0,"max_hp_gain":0,"max_hp_loss":0,"event_name":"Mysterious Sphere","floor":36,"gold_loss":0},{"cards_removed":["Strike_B"],"damage_healed":0,"gold_gain":0,"player_choice":"Purged","damage_taken":0,"max_hp_gain":0,"max_hp_loss":0,"event_name":"Purifier","floor":37,"gold_loss":0},{"damage_healed":0,"gold_gain":0,"player_choice":"Got Potions","damage_taken":0,"max_hp_gain":0,"max_hp_loss":0,"event_name":"Lab","floor":47,"gold_loss":0}],"is_beta":true,"boss_relics":[{"not_picked":["Cursed Key","Snecko Eye"],"picked":"Philosopher\u0027s Stone"},{"not_picked":["Calling Bell","Pandora\u0027s Box"],"picked":"FrozenCore"}],"items_purged_floors":[3,41],"is_endless":false,"potions_floor_spawned":[1,4,14,27,29,31,45,46],"killed_by":"Time Eater","ascension_level":17}