{"gold_per_floor":[118,118,32,32,32,32,59,73,99,174,174,190,37,54,54,128,128,147,47,65,115,115,115,115,115,164,164,89,89,108,118,118,190,190,202,77,95,105,105,105,118,0,0,0,19,19,32,43,43,43],"floor_reached":51,"playtime":2265,"items_purged":["Strike_B","Strike_B","Defend_B"],"score":1166,"play_id":"321e779c-389d-45d0-8ab5-01b028132546","local_time":"20190224003605","is_ascension_mode":true,"campfire_choices":[{"data":"Streamline","floor":6,"key":"SMITH"},{"floor":11,"key":"REST"},{"floor":15,"key":"REST"},{"data":"White Noise","floor":23,"key":"SMITH"},{"data":"Defragment","floor":25,"key":"SMITH"},{"data":"Coolheaded","floor":27,"key":"SMITH"},{"floor":32,"key":"REST"},{"floor":40,"key":"REST"},{"data":"Writhe","floor":46,"key":"PURGE"},{"data":"Glacier","floor":49,"key":"SMITH"}],"neow_cost":"NONE","seed_source_timestamp":660442052512676,"circlet_count":0,"master_deck":["AscendersBane","Strike_B+1","Defend_B+1","Defend_B+1","Defend_B+1","Zap","Dualcast","Streamline+1","Defragment+1","Loop","Ball Lightning","Conserve Battery","White Noise+1","Sweeping Beam","Electrodynamics","Coolheaded+1","Force Field+1","Coolheaded","Machine Learning","Leap+1","Self Repair","Impatience","Coolheaded+1","Turbo","Glacier+1"],"relics":["Cracked Core","NeowsBlessing","War Paint","Mummified Hand","Dream Catcher","Runic Pyramid","Boot","Inserter","Red Mask","Peace Pipe"],"potions_floor_usage":[38,45,45,50],"damage_taken":[{"damage":0,"enemies":"Small Slimes","floor":1,"turns":1},{"damage":0,"enemies":"3 Sentries","floor":7,"turns":1},{"damage":0,"enemies":"Jaw Worm","floor":8,"turns":1},{"damage":3,"enemies":"2 Louse","floor":12,"turns":2},{"damage":0,"enemies":"Large Slime","floor":14,"turns":4},{"damage":16,"enemies":"Slime Boss","floor":16,"turns":8},{"damage":0,"enemies":"Spheric Guardian","floor":18,"turns":3},{"damage":7,"enemies":"Chosen","floor":20,"turns":4},{"damage":7,"enemies":"Centurion and Healer","floor":30,"turns":4},{"damage":15,"enemies":"Snake Plant","floor":31,"turns":3},{"damage":27,"enemies":"Champ","floor":33,"turns":15},{"damage":14,"enemies":"Orb Walker","floor":35,"turns":4},{"damage":14,"enemies":"3 Shapes","floor":37,"turns":4},{"damage":25,"enemies":"Transient","floor":38,"turns":5},{"damage":5,"enemies":"Spire Growth","floor":41,"turns":9},{"damage":21,"enemies":"Sphere and 2 Shapes","floor":45,"turns":4},{"damage":11,"enemies":"3 Darklings","floor":47,"turns":5},{"damage":1,"enemies":"4 Shapes","floor":48,"turns":3},{"damage":50,"enemies":"Awakened One","floor":50,"turns":34}],"seed_played":"1458024936052769565","potions_obtained":[{"floor":8,"key":"PowerPotion"},{"floor":16,"key":"Energy Potion"},{"floor":38,"key":"LiquidBronze"},{"floor":47,"key":"Swift Potion"}],"is_trial":false,"path_per_floor":["M","?","$","?","?","R","E","M","T","?","R","M","$","M","R","B",null,"M","$","M","?","?","R","?","R","T","R","?","$","M","M","R","B",null,"M","$","M","M","?","R","M","?","T","?","M","R","M","M","R","B",null],"character_chosen":"DEFECT","items_purchased":["Defragment","White Noise"],"campfire_rested":4,"item_purchase_floors":[3,13],"current_hp_per_floor":[64,43,43,25,30,30,30,30,30,19,41,38,38,38,60,44,68,68,68,61,61,61,61,61,61,61,61,61,61,54,39,61,34,66,52,52,38,20,20,42,44,44,44,59,45,45,41,54,54,11],"gold":43,"neow_bonus":"THREE_ENEMY_KILL","is_prod":false,"is_daily":false,"chose_seed":false,"campfire_upgraded":5,"win_rate":0,"timestamp":1550936165,"path_taken":["M","?","$","?","?","R","E","M","T","?","R","M","$","M","R","BOSS","M","$","M","?","?","R","?","R","T","R","?","?","M","M","R","BOSS","M","$","M","M","?","R","M","?","T","?","?","R","M","M","R","BOSS"],"build_version":"2019-01-23","purchased_purges":3,"victory":true,"max_hp_per_floor":[71,71,71,71,76,76,76,76,76,76,76,76,76,76,76,76,76,76,76,76,76,76,76,76,76,76,76,76,76,76,76,76,76,76,76,76,76,76,76,76,76,76,76,76,76,76,76,76,76,76],"card_choices":[{"not_picked":["Sweeping Beam","Darkness"],"picked":"Streamline","floor":1},{"not_picked":["Compile Driver","Lockon","Steam"],"picked":"SKIP","floor":7},{"not_picked":["Rip and Tear","Capacitor"],"picked":"Loop","floor":8},{"not_picked":["Storm","Sweeping Beam"],"picked":"Ball Lightning","floor":11},{"not_picked":["Double Energy","Stack"],"picked":"Conserve Battery","floor":12},{"not_picked":["Rebound","Hologram","Turbo"],"picked":"SKIP","floor":14},{"not_picked":["Steam Power","Steam"],"picked":"Sweeping Beam","floor":15},{"not_picked":["Rainbow","Biased Cognition"],"picked":"Electrodynamics","floor":16},{"not_picked":["Stack","Streamline","Undo"],"picked":"SKIP","floor":18},{"not_picked":["Redo","Ball Lightning","Go for the Eyes"],"picked":"SKIP","floor":20},{"not_picked":["Hyperbeam","Gash","Leap"],"picked":"SKIP","floor":30},{"not_picked":["Beam Cell","Aggregate"],"picked":"Force Field+1","floor":31},{"not_picked":["Steam","Scrape+1"],"picked":"Coolheaded","floor":32},{"not_picked":["Hyperbeam","Rainbow"],"picked":"Machine Learning","floor":33},{"not_picked":["White Noise","Scrape"],"picked":"Leap+1","floor":35},{"not_picked":["Conserve Battery","Ball Lightning"],"picked":"Self Repair","floor":37},{"not_picked":["Sweeping Beam","Auto Shields","Compile Driver+1"],"picked":"SKIP","floor":38},{"not_picked":["Transmutation","Sadistic Nature"],"picked":"Impatience","floor":39},{"not_picked":["Ball Lightning+1","Conserve Battery+1"],"picked":"Coolheaded+1","floor":40},{"not_picked":["BootSequence","Reprogram","Coolheaded"],"picked":"SKIP","floor":41},{"not_picked":["Sunder","Stack"],"picked":"Turbo","floor":45},{"not_picked":["FTL","Hologram","Gash"],"picked":"SKIP","floor":47},{"not_picked":["Coolheaded","BootSequence"],"picked":"Glacier","floor":48}],"player_experience":677221,"relics_obtained":[{"floor":7,"key":"Mummified Hand"},{"floor":9,"key":"Dream Catcher"},{"floor":26,"key":"Boot"},{"floor":43,"key":"Peace Pipe"}],"event_choices":[{"damage_healed":0,"gold_gain":0,"player_choice":"Entered Light","damage_taken":21,"max_hp_gain":0,"max_hp_loss":0,"event_name":"Shining Light","floor":2,"gold_loss":0,"cards_upgraded":["Defend_B","Strike_B"]},{"damage_healed":0,"gold_gain":0,"player_choice":"Success","damage_taken":18,"relics_obtained":["War Paint"],"max_hp_gain":0,"max_hp_loss":0,"event_name":"Scrap Ooze","floor":4,"gold_loss":0},{"damage_healed":0,"gold_gain":0,"player_choice":"Donut","damage_taken":0,"max_hp_gain":5,"max_hp_loss":0,"event_name":"Big Fish","floor":5,"gold_loss":0},{"damage_healed":0,"gold_gain":75,"player_choice":"Gather Gold","damage_taken":11,"max_hp_gain":0,"max_hp_loss":0,"event_name":"World of Goop","floor":10,"gold_loss":0},{"damage_healed":0,"gold_gain":50,"player_choice":"Stole From Cult","damage_taken":0,"max_hp_gain":0,"max_hp_loss":0,"event_name":"Nest","floor":21,"gold_loss":0},{"damage_healed":0,"gold_gain":0,"player_choice":"Ignored","damage_taken":0,"max_hp_gain":0,"max_hp_loss":0,"event_name":"The Mausoleum","floor":22,"gold_loss":0},{"damage_healed":0,"gold_gain":0,"player_choice":"Read","damage_taken":0,"max_hp_gain":0,"max_hp_loss":0,"event_name":"The Library","floor":24,"gold_loss":0,"cards_obtained":["Coolheaded"]},{"cards_removed":["Strike_B"],"damage_healed":0,"gold_gain":0,"player_choice":"Gave Gold","damage_taken":0,"max_hp_gain":0,"max_hp_loss":0,"event_name":"Beggar","floor":28,"gold_loss":75},{"damage_healed":0,"gold_gain":0,"player_choice":"Memory 1","damage_taken":0,"max_hp_gain":0,"max_hp_loss":0,"event_name":"SensoryStone","floor":39,"gold_loss":0},{"damage_healed":0,"gold_gain":0,"player_choice":"Paid","damage_taken":0,"relics_obtained":["Red Mask"],"max_hp_gain":0,"max_hp_loss":0,"event_name":"Tomb of Lord Red Mask","floor":42,"gold_loss":118},{"damage_healed":15,"gold_gain":0,"player_choice":"Writhe","damage_taken":0,"max_hp_gain":0,"max_hp_loss":0,"event_name":"Winding Halls","floor":44,"gold_loss":0,"cards_obtained":["Writhe"]}],"is_beta":false,"boss_relics":[{"not_picked":["White Beast Statue","Philosopher\u0027s Stone"],"picked":"Runic Pyramid"},{"not_picked":["Empty Cage","Fusion Hammer"],"picked":"Inserter"}],"items_purged_floors":[13,19,36],"is_endless":false,"potions_floor_spawned":[8,16,33,35,38,47],"ascension_level":16}