{"gold_per_floor":[116,116,116,136,147,147,166,166,190,202,202,228,228,248,248,248],"floor_reached":16,"playtime":334,"items_purged":[],"score":204,"play_id":"88c08f85-aa02-4a79-9946-f32b2000058a","local_time":"20190410001322","is_ascension_mode":true,"campfire_choices":[{"data":"Defragment","floor":6,"key":"SMITH"},{"floor":13,"key":"REST"},{"data":"Zap","floor":15,"key":"SMITH"}],"neow_cost":"NONE","seed_source_timestamp":625786787513800,"circlet_count":0,"master_deck":["AscendersBane","Strike_B","Strike_B","Strike_B","Defend_B","Defend_B","Defend_B","Zap+1","Dualcast","Biased Cognition","Defragment+1","Capacitor","Genetic Algorithm","Heatsinks","Heatsinks","Force Field","Coolheaded"],"relics":["Cracked Core","The Courier","Singing Bowl","Dream Catcher","PreservedInsect"],"potions_floor_usage":[12,16],"damage_taken":[{"damage":1,"enemies":"Cultist","floor":1,"turns":3},{"damage":7,"enemies":"Small Slimes","floor":4,"turns":4},{"damage":6,"enemies":"2 Louse","floor":5,"turns":4},{"damage":8,"enemies":"Blue Slaver","floor":7,"turns":4},{"damage":7,"enemies":"2 Fungi Beasts","floor":10,"turns":3},{"damage":25,"enemies":"3 Sentries","floor":12,"turns":6},{"damage":10,"enemies":"Large Slime","floor":14,"turns":6},{"damage":12,"enemies":"Hexaghost","floor":16,"turns":11}],"seed_played":"-4363482720645369850","potions_obtained":[{"floor":4,"key":"EssenceOfSteel"},{"floor":5,"key":"Fire Potion"}],"is_trial":false,"path_per_floor":["M","T","?","M","M","R","M","?","T","M","?","E","R","M","R","B"],"character_chosen":"DEFECT","items_purchased":[],"campfire_rested":1,"item_purchase_floors":[],"current_hp_per_floor":[63,63,63,56,50,50,42,37,37,32,32,7,28,18,18,6],"gold":248,"neow_bonus":"TRANSFORM_CARD","is_prod":false,"is_daily":false,"chose_seed":false,"campfire_upgraded":2,"win_rate":0,"timestamp":1554822802,"path_taken":["M","?","?","?","M","R","M","?","T","M","?","E","R","M","R","BOSS"],"build_version":"2019-01-23","purchased_purges":0,"victory":false,"max_hp_per_floor":[71,71,71,71,71,71,71,71,71,73,73,73,73,73,73,73],"card_choices":[{"not_picked":["Turbo","Beam Cell"],"picked":"Defragment","floor":1},{"not_picked":["Consume","Hologram"],"picked":"Genetic Algorithm","floor":4},{"not_picked":["Coolheaded","Compile Driver"],"picked":"Heatsinks","floor":5},{"not_picked":["Redo","Lockon","Stack"],"picked":"SKIP","floor":7},{"not_picked":["Sweeping Beam","Hologram","Go for the Eyes"],"picked":"Singing Bowl","floor":10},{"not_picked":["Rip and Tear","Hologram"],"picked":"Heatsinks","floor":12},{"not_picked":["Coolheaded","Conserve Battery"],"picked":"Force Field","floor":13},{"not_picked":["Thunder Strike","Blizzard"],"picked":"Coolheaded","floor":14}],"player_experience":4740171,"relics_obtained":[{"floor":2,"key":"The Courier"},{"floor":9,"key":"Dream Catcher"},{"floor":12,"key":"PreservedInsect"}],"event_choices":[{"damage_healed":0,"gold_gain":0,"cards_transformed":["Defend_B"],"player_choice":"Transformed","damage_taken":0,"max_hp_gain":0,"max_hp_loss":0,"event_name":"Transmorgrifier","floor":3,"gold_loss":0,"cards_obtained":["Capacitor"]},{"damage_healed":0,"gold_gain":0,"player_choice":"Success","damage_taken":5,"relics_obtained":["Singing Bowl"],"max_hp_gain":0,"max_hp_loss":0,"event_name":"Scrap Ooze","floor":8,"gold_loss":0},{"damage_healed":0,"gold_gain":0,"player_choice":"Ignored","damage_taken":0,"max_hp_gain":0,"max_hp_loss":0,"event_name":"Liars Game","floor":11,"gold_loss":0}],"is_beta":false,"boss_relics":[],"items_purged_floors":[],"is_endless":false,"potions_floor_spawned":[4,5,7,10],"killed_by":"Hexaghost","ascension_level":20}