{"gold_per_floor":[111,261,186,186,201,240,240,274,299,333,356,395,395,438,438,529,529,543,593,611,38,54,54,68,95,95,95,120,135,135,154,154,247,247,260,260,104,127,140,140],"floor_reached":40,"playtime":2791,"items_purged":["Doubt","Strike_G"],"score":816,"play_id":"2b4f9448-97ca-432c-9150-acac81b091e0","local_time":"20190515051522","is_ascension_mode":true,"campfire_choices":[{"data":"Noxious Fumes","floor":7.0,"key":"SMITH"},{"floor":13,"key":"REST"},{"data":"Noxious Fumes","floor":15,"key":"SMITH"},{"data":"Acrobatics","floor":23,"key":"SMITH"},{"data":"Well Laid Plans","floor":27,"key":"SMITH"},{"data":"Crippling Poison","floor":30,"key":"SMITH"},{"floor":32,"key":"REST"}],"neow_cost":"NONE","seed_source_timestamp":1597708271776803,"circlet_count":0,"master_deck":["AscendersBane","Defend_G","Defend_G","Defend_G","Defend_G","Defend_G","Strike_G","Strike_G","Strike_G","Strike_G","Survivor","Neutralize","Crippling Poison+1","Noxious Fumes+1","Heel Hook","Crippling Poison","Bullet Time","Noxious Fumes+1","Heel Hook","Tools of the Trade","Well Laid Plans+1","Acrobatics+1","Predator","Underhanded Strike","Choke","Bouncing Flask","Backflip+1","Tools of the Trade","Corpse Explosion","Outmaneuver+1","Underhanded Strike","Catalyst"],"special_seed":0,"relics":["Ring of the Snake","NeowsBlessing","Golden Idol","Oddly Smooth Stone","Orichalcum","Odd Mushroom","Mummified Hand","Bronze Scales","Snecko Eye","Singing Bowl","Lee\u0027s Waffle","Strawberry","Ninja Scroll","Cursed Key"],"potions_floor_usage":[10,16,16,22,29,33,40],"damage_taken":[{"damage":0.0,"enemies":"Small Slimes","floor":1.0,"turns":1.0},{"damage":0.0,"enemies":"2 Louse","floor":5.0,"turns":1.0},{"damage":0.0,"enemies":"Lagavulin","floor":6.0,"turns":1.0},{"damage":12.0,"enemies":"3 Sentries","floor":8.0,"turns":8.0},{"damage":9,"enemies":"The Mushroom Lair","floor":10,"turns":4},{"damage":0,"enemies":"Cultist","floor":11,"turns":4},{"damage":23,"enemies":"Lagavulin","floor":12,"turns":9},{"damage":4,"enemies":"3 Sentries","floor":14,"turns":6},{"damage":7,"enemies":"Slime Boss","floor":16,"turns":8},{"damage":10,"enemies":"Chosen","floor":18,"turns":4},{"damage":3,"enemies":"2 Thieves","floor":20,"turns":3},{"damage":2,"enemies":"Cultist and Chosen","floor":22,"turns":6},{"damage":10,"enemies":"Centurion and Healer","floor":24,"turns":5},{"damage":8,"enemies":"3 Cultists","floor":28,"turns":4},{"damage":9,"enemies":"Cultist and Chosen","floor":29,"turns":6},{"damage":30,"enemies":"Shelled Parasite and Fungi","floor":31,"turns":5},{"damage":28,"enemies":"Collector","floor":33,"turns":7},{"damage":9,"enemies":"3 Darklings","floor":35,"turns":4},{"damage":6,"enemies":"Orb Walker","floor":38,"turns":3},{"damage":0,"enemies":"3 Darklings","floor":39,"turns":4},{"damage":39,"enemies":"Nemesis","floor":40,"turns":4}],"seed_played":"1921397036002019510","potions_obtained":[{"floor":5.0,"key":"AttackPotion"},{"floor":6.0,"key":"SteroidPotion"},{"floor":8.0,"key":"Fire Potion"},{"floor":11,"key":"Explosive Potion"},{"floor":16,"key":"SkillPotion"},{"floor":22,"key":"Dexterity Potion"},{"floor":24,"key":"Block Potion"},{"floor":33,"key":"LiquidBronze"},{"floor":39,"key":"GamblersBrew"}],"is_trial":false,"path_per_floor":["M","?","$","?","M","E","R","E","T","?","M","E","R","E","R","B",null,"M","?","M","$","M","R","M","T","T","R","M","M","R","M","R","B",null,"M","?","$","M","M","E"],"character_chosen":"THE_SILENT","items_purchased":["Predator","Singing Bowl","Lee\u0027s Waffle","Underhanded Strike"],"campfire_rested":2,"item_purchase_floors":[21,21,21,37],"current_hp_per_floor":[59,59,59,59,59,59,59,47,47,38,38,15,33,29,29,22,51,41,41,38,67,65,65,55,62,62,62,54,45,45,15,37,9,58,49,38,38,34,34,0],"gold":140,"neow_bonus":"THREE_ENEMY_KILL","is_prod":false,"is_daily":false,"chose_seed":false,"campfire_upgraded":5,"win_rate":0,"timestamp":1557864922,"path_taken":["M","?","$","?","M","E","R","E","T","?","M","E","R","E","R","BOSS","M","?","M","$","M","R","?","?","T","R","M","M","R","M","R","BOSS","M","?","?","?","?","E"],"build_version":"2019-05-07","purchased_purges":2,"victory":false,"max_hp_per_floor":[66,66,66,60,60,60,60,60,60,60,60,60,60,60,60,60,60,60,60,60,67,67,67,67,74,74,74,74,74,74,74,74,74,74,74,74,74,76,76,76],"card_choices":[{"not_picked":["Slice","Catalyst","Bane"],"picked":"SKIP","floor":1.0},{"not_picked":["Acrobatics","Quick Slash"],"picked":"Crippling Poison","floor":5.0},{"not_picked":["Dagger Spray","Cloak And Dagger"],"picked":"Noxious Fumes","floor":6.0},{"not_picked":["Riddle With Holes","Setup"],"picked":"Heel Hook","floor":8.0},{"not_picked":["Slice","Quick Slash"],"picked":"Crippling Poison","floor":10},{"not_picked":["Dodge and Roll","Deflect"],"picked":"Bullet Time","floor":11},{"not_picked":["Dagger Spray","Underhanded Strike"],"picked":"Noxious Fumes","floor":12},{"not_picked":["Prepared","Deflect"],"picked":"Heel Hook","floor":14},{"not_picked":["Doppelganger","Adrenaline"],"picked":"Tools of the Trade","floor":16},{"not_picked":["Acrobatics","Terror"],"picked":"Well Laid Plans","floor":18},{"not_picked":["Sucker Punch","Dagger Throw"],"picked":"Acrobatics","floor":20},{"not_picked":["Leg Sweep","Accuracy"],"picked":"Underhanded Strike","floor":22},{"not_picked":["Prepared","Deflect"],"picked":"Choke","floor":24},{"not_picked":["Flechettes","Cloak And Dagger"],"picked":"Bouncing Flask","floor":28},{"not_picked":["Bouncing Flask","Quick Slash"],"picked":"Backflip+1","floor":29},{"not_picked":["Underhanded Strike","Expertise"],"picked":"Tools of the Trade","floor":31},{"not_picked":["Venomology","Doppelganger"],"picked":"Corpse Explosion","floor":33},{"not_picked":["Blade Dance","Prepared"],"picked":"Outmaneuver+1","floor":35},{"not_picked":["Skewer","PiercingWail","Blur"],"picked":"Singing Bowl","floor":38},{"not_picked":["Setup","Infinite Blades"],"picked":"Catalyst","floor":39}],"player_experience":3238536,"relics_obtained":[{"floor":6.0,"key":"Oddly Smooth Stone"},{"floor":8.0,"key":"Orichalcum"},{"floor":10,"key":"Odd Mushroom"},{"floor":12,"key":"Mummified Hand"},{"floor":14,"key":"Bronze Scales"},{"floor":25,"key":"Strawberry"},{"floor":26,"key":"Ninja Scroll"}],"event_choices":[{"damage_healed":0.0,"max_hp_gain":0.0,"max_hp_loss":0.0,"gold_gain":150.0,"event_name":"Liars Game","player_choice":"AGREE","floor":2.0,"gold_loss":0.0,"damage_taken":0.0,"cards_obtained":["Doubt"]},{"damage_healed":0.0,"max_hp_gain":0.0,"max_hp_loss":6.0,"gold_gain":0.0,"event_name":"Golden Idol","player_choice":"Lose Max HP","floor":4.0,"gold_loss":0.0,"damage_taken":0.0,"relics_obtained":["Golden Idol"]},{"damage_healed":0,"gold_gain":0,"player_choice":"Fought Mushrooms","damage_taken":0,"max_hp_gain":0,"max_hp_loss":0,"event_name":"Mushrooms","floor":10,"gold_loss":0},{"damage_healed":0,"gold_gain":100,"player_choice":"Bet on Murderer","damage_taken":0,"max_hp_gain":0,"max_hp_loss":0,"event_name":"The Joust","floor":19,"gold_loss":50},{"damage_healed":0,"gold_gain":0,"player_choice":"Damaged","damage_taken":11,"max_hp_gain":0,"max_hp_loss":0,"event_name":"Wheel of Change","floor":36,"gold_loss":0}],"is_beta":true,"boss_relics":[{"not_picked":["Orrery","Eternal Feather"],"picked":"Snecko Eye"},{"not_picked":["Calling Bell","Runic Pyramid"],"picked":"Cursed Key"}],"items_purged_floors":[3,37],"is_endless":false,"potions_floor_spawned":[5,6,8,11,16,22,24,33,39],"killed_by":"Nemesis","ascension_level":17}