{"gold_per_floor":[119,119,129,143,143,143,162,173,173,185,232,244,291,303,315,327],"floor_reached":16,"playtime":737,"items_purged":[],"score":204,"play_id":"bcebc42c-5251-4c16-9b57-3a9854d203c0","local_time":"20190318213016","is_ascension_mode":true,"campfire_choices":[{"floor":6,"key":"REST"},{"floor":12,"key":"REST"},{"floor":15,"key":"REST"}],"neow_cost":"TEN_PERCENT_HP_LOSS","seed_source_timestamp":1629841174390866,"circlet_count":0,"master_deck":["AscendersBane","Strike_B","Strike_B","Defend_B","Defend_B+1","Defend_B","Defend_B","Zap+1","Dualcast+1","Defragment","Capacitor","Genetic Algorithm","Auto Shields","Rebound","Cold Snap"],"relics":["Cracked Core","MawBank","Blood Vial","Blue Candle","Ice Cream"],"potions_floor_usage":[8,11,13],"damage_taken":[{"damage":4,"enemies":"Small Slimes","floor":1,"turns":4},{"damage":11,"enemies":"2 Louse","floor":3,"turns":4},{"damage":4,"enemies":"Cultist","floor":4,"turns":4},{"damage":1,"enemies":"Looter","floor":7,"turns":3},{"damage":41,"enemies":"Gremlin Gang","floor":8,"turns":7},{"damage":7,"enemies":"Lagavulin","floor":11,"turns":7},{"damage":25,"enemies":"3 Sentries","floor":13,"turns":9},{"damage":31,"enemies":"The Guardian","floor":16,"turns":9}],"seed_played":"193221759035509146","potions_obtained":[{"floor":1,"key":"Regen Potion"},{"floor":3,"key":"Poison Potion"},{"floor":11,"key":"PowerPotion"},{"floor":13,"key":"SteroidPotion"}],"is_trial":false,"path_per_floor":["M","?","M","M","?","R","M","M","T","$","E","R","E","?","R","B"],"character_chosen":"DEFECT","items_purchased":[],"campfire_rested":3,"item_purchase_floors":[],"current_hp_per_floor":[60,41,30,26,26,45,44,18,18,18,11,30,7,7,26,0],"gold":327,"neow_bonus":"REMOVE_TWO","is_prod":false,"is_daily":false,"chose_seed":false,"campfire_upgraded":0,"win_rate":0,"timestamp":1552912216,"path_taken":["M","?","M","M","?","R","M","M","T","$","E","R","E","?","R","BOSS"],"build_version":"2019-03-15","purchased_purges":0,"victory":false,"max_hp_per_floor":[64,64,64,64,64,64,64,64,64,64,64,64,64,64,64,64],"card_choices":[{"not_picked":["Conserve Battery","Streamline"],"picked":"Defragment","floor":1},{"not_picked":["BootSequence","Sweeping Beam"],"picked":"Capacitor","floor":3},{"not_picked":["Storm","Redo","Turbo"],"picked":"SKIP","floor":4},{"not_picked":["Go for the Eyes","Lockon"],"picked":"Genetic Algorithm","floor":7},{"not_picked":["Coolheaded","Rebound"],"picked":"Auto Shields","floor":8},{"not_picked":["Multi-Cast","Amplify"],"picked":"Rebound","floor":11},{"not_picked":["Turbo","Rip and Tear"],"picked":"Cold Snap","floor":13}],"player_experience":2706373,"relics_obtained":[{"floor":9,"key":"MawBank"},{"floor":11,"key":"Blood Vial"},{"floor":13,"key":"Blue Candle"}],"event_choices":[{"damage_healed":0,"gold_gain":0,"player_choice":"Entered Light","damage_taken":19,"max_hp_gain":0,"max_hp_loss":0,"event_name":"Shining Light","floor":2,"gold_loss":0,"cards_upgraded":["Dualcast","Defend_B"]},{"damage_healed":0,"gold_gain":0,"player_choice":"Grow","damage_taken":0,"max_hp_gain":0,"max_hp_loss":0,"event_name":"Living Wall","floor":5,"gold_loss":0,"cards_upgraded":["Zap"]},{"damage_healed":0,"gold_gain":0,"player_choice":"Gave Potion","damage_taken":0,"relics_obtained":["Ice Cream"],"max_hp_gain":0,"max_hp_loss":0,"event_name":"WeMeetAgain","floor":14,"gold_loss":0}],"is_beta":true,"boss_relics":[],"items_purged_floors":[],"is_endless":false,"potions_floor_spawned":[1,3,11,13],"killed_by":"The Guardian","ascension_level":17}