{"gold_per_floor":[215,215,215,228,245,245,265,265,292,320,337,337,367,383,383,459,459,470,480,53,71,21,21,34,54,54,54],"floor_reached":27,"playtime":1784,"items_purged":["Strike_R","Strike_R"],"score":445,"play_id":"5a56e118-a738-4fe2-90a8-e47730717b2a","local_time":"20190519233538","is_ascension_mode":true,"campfire_choices":[{"data":"Uppercut","floor":6.0,"key":"SMITH"},{"floor":8.0,"key":"REST"},{"floor":12.0,"key":"REST"},{"data":"Strike_R","floor":15.0,"key":"PURGE"},{"floor":23,"key":"REST"}],"neow_cost":"NONE","seed_source_timestamp":54463629936958,"circlet_count":0,"master_deck":["AscendersBane","Strike_R","Strike_R","Defend_R","Defend_R","Defend_R","Defend_R","Bash","Intimidate","Uppercut+1","Rampage","Shrug It Off","Reckless Charge","Dropkick","Flame Barrier","Rage","Feed","True Grit+1","Headbutt","Ghostly Armor","Evolve"],"special_seed":0,"relics":["Burning Blood","Strawberry","Smiling Mask","Peace Pipe","Mercury Hourglass","Mark of Pain","Medical Kit","Bag of Preparation","Gremlin Horn"],"potions_floor_usage":[16,16,27],"damage_taken":[{"damage":14.0,"enemies":"Small Slimes","floor":1.0,"turns":6.0},{"damage":19.0,"enemies":"Jaw Worm","floor":4.0,"turns":5.0},{"damage":4.0,"enemies":"Cultist","floor":5.0,"turns":4.0},{"damage":57.0,"enemies":"Gremlin Gang","floor":7.0,"turns":8.0},{"damage":15.0,"enemies":"Gremlin Nob","floor":10.0,"turns":4.0},{"damage":7.0,"enemies":"Exordium Wildlife","floor":11.0,"turns":4.0},{"damage":28.0,"enemies":"Lagavulin","floor":13.0,"turns":7.0},{"damage":3.0,"enemies":"Looter","floor":14.0,"turns":2.0},{"damage":23,"enemies":"Slime Boss","floor":16,"turns":12},{"damage":3,"enemies":"3 Byrds","floor":18,"turns":4},{"damage":44,"enemies":"Shell Parasite","floor":19,"turns":8},{"damage":23,"enemies":"Snake Plant","floor":21,"turns":5},{"damage":26,"enemies":"Centurion and Healer","floor":24,"turns":13},{"damage":31,"enemies":"3 Cultists","floor":25,"turns":6},{"damage":18,"enemies":"Snecko","floor":27,"turns":2}],"seed_played":"8354261454308412410","potions_obtained":[{"floor":1.0,"key":"SteroidPotion"},{"floor":5.0,"key":"SpeedPotion"},{"floor":10.0,"key":"Dexterity Potion"},{"floor":13.0,"key":"FearPotion"},{"floor":19,"key":"EssenceOfSteel"},{"floor":24,"key":"SteroidPotion"},{"floor":25,"key":"SteroidPotion"}],"is_trial":false,"path_per_floor":["M","?","?","M","M","R","M","R","T","E","M","R","E","M","R","B",null,"M","M","$","M","$","R","M","M","T","M"],"character_chosen":"IRONCLAD","items_purchased":["Medical Kit","Bag of Preparation"],"campfire_rested":3,"item_purchase_floors":[20,20],"current_hp_per_floor":[60,65,72,59,61,61,10,36,36,27,26,52,30,33,33,16,69,72,37,37,23,23,50,33,8,8,0],"gold":54,"neow_bonus":"HUNDRED_GOLD","is_prod":false,"is_daily":false,"chose_seed":false,"campfire_upgraded":1,"win_rate":0,"timestamp":1558276538,"path_taken":["M","?","?","M","M","R","M","R","T","E","M","R","E","?","R","BOSS","M","M","$","M","$","R","M","M","T","M"],"build_version":"2019-05-07","purchased_purges":2,"victory":false,"max_hp_per_floor":[75,80,87,87,87,87,87,87,87,87,87,87,87,87,87,87,87,87,90,90,93,93,93,96,96,96,96],"card_choices":[{"not_picked":["Searing Blow","Perfected Strike"],"picked":"Intimidate","floor":1.0},{"not_picked":["Rage","Twin Strike"],"picked":"Uppercut","floor":4.0},{"not_picked":["Twin Strike","Anger"],"picked":"Rampage","floor":5.0},{"not_picked":["Second Wind","Burning Pact"],"picked":"Shrug It Off","floor":7.0},{"not_picked":["Heavy Blade","Uppercut"],"picked":"Reckless Charge","floor":10.0},{"not_picked":["Pommel Strike","Bloodletting"],"picked":"Dropkick","floor":11.0},{"not_picked":["Body Slam","Cleave"],"picked":"Flame Barrier","floor":13.0},{"not_picked":["Clash","Body Slam"],"picked":"Rage","floor":14.0},{"not_picked":["Reaper","Fiend Fire"],"picked":"Feed","floor":16},{"not_picked":["Body Slam","Headbutt+1"],"picked":"True Grit+1","floor":18},{"not_picked":["Sentinel+1","Cleave"],"picked":"Headbutt","floor":19},{"not_picked":["Body Slam","Cleave","Hemokinesis"],"picked":"SKIP","floor":21},{"not_picked":["Havoc+1","Ghostly Armor","Flex"],"picked":"SKIP","floor":24},{"not_picked":["Havoc+1","Ghostly Armor","Flex"],"picked":"SKIP","floor":24},{"not_picked":["Havoc+1","Flex"],"picked":"Ghostly Armor","floor":24},{"not_picked":["Flame Barrier","Twin Strike+1"],"picked":"Evolve","floor":25}],"player_experience":3288482,"relics_obtained":[{"floor":9.0,"key":"Smiling Mask"},{"floor":10.0,"key":"Peace Pipe"},{"floor":13.0,"key":"Mercury Hourglass"},{"floor":26,"key":"Gremlin Horn"}],"event_choices":[{"damage_healed":0.0,"max_hp_gain":5.0,"max_hp_loss":0.0,"gold_gain":0.0,"event_name":"Big Fish","player_choice":"Donut","floor":2.0,"gold_loss":0.0,"damage_taken":0.0},{"damage_healed":0.0,"max_hp_gain":0.0,"max_hp_loss":0.0,"gold_gain":0.0,"event_name":"WeMeetAgain","player_choice":"Gave Potion","floor":3.0,"gold_loss":0.0,"damage_taken":0.0,"relics_obtained":["Strawberry"]}],"is_beta":true,"boss_relics":[{"not_picked":["Tiny House","Eternal Feather"],"picked":"Mark of Pain"}],"items_purged_floors":[20,22],"is_endless":false,"potions_floor_spawned":[1,5,10,13,19,24,25],"killed_by":"Snecko","ascension_level":17}