{"gold_per_floor":[115,127,127,145,195,195,219,233,233,268,281,304,304,304,304,304],"floor_reached":16,"playtime":886,"items_purged":[],"score":192,"play_id":"16c0bfdd-06f5-47b1-88f9-f1dde7d9ddb4","local_time":"20190517013646","is_ascension_mode":true,"campfire_choices":[{"data":"Leg Sweep","floor":6.0,"key":"SMITH"},{"data":"Cloak And Dagger","floor":13,"key":"SMITH"},{"data":"Poisoned Stab","floor":15,"key":"SMITH"}],"neow_cost":"NONE","seed_source_timestamp":1759050688897080,"circlet_count":0,"master_deck":["AscendersBane","Defend_G","Defend_G","Defend_G","Defend_G","Defend_G","Strike_G","Strike_G","Strike_G","Strike_G","Strike_G","Survivor","Neutralize+1","Flying Knee","Leg Sweep+1","Corpse Explosion","Poisoned Stab+1","Escape Plan","Cloak And Dagger+1"],"special_seed":0,"relics":["Ring of the Snake","Golden Idol","Ornamental Fan","Singing Bowl"],"potions_floor_usage":[],"damage_taken":[{"damage":3.0,"enemies":"Cultist","floor":1.0,"turns":5.0},{"damage":8.0,"enemies":"Small Slimes","floor":2.0,"turns":4.0},{"damage":1.0,"enemies":"2 Louse","floor":4.0,"turns":2.0},{"damage":3.0,"enemies":"Large Slime","floor":7.0,"turns":5.0},{"damage":0.0,"enemies":"3 Louse","floor":8.0,"turns":5.0},{"damage":4,"enemies":"3 Sentries","floor":10,"turns":4},{"damage":2,"enemies":"Exordium Wildlife","floor":11,"turns":3},{"damage":0,"enemies":"Large Slime","floor":12,"turns":7},{"damage":49,"enemies":"Hexaghost","floor":16,"turns":18}],"seed_played":"5568806173581275702","potions_obtained":[{"floor":2.0,"key":"Fire Potion"},{"floor":8.0,"key":"SmokeBomb"},{"floor":12,"key":"Swift Potion"}],"is_trial":false,"path_per_floor":["M","M","?","M","?","R","M","M","T","E","M","M","R","?","R","B"],"character_chosen":"THE_SILENT","items_purchased":[],"campfire_rested":0,"item_purchase_floors":[],"current_hp_per_floor":[56,48,48,47,47,47,44,44,44,40,40,42,42,47,47,0],"gold":304,"neow_bonus":"UPGRADE_CARD","is_prod":false,"is_daily":false,"chose_seed":false,"campfire_upgraded":3,"win_rate":0,"timestamp":1558024606,"path_taken":["M","M","?","M","?","R","M","M","T","E","M","?","R","?","R","BOSS"],"build_version":"2019-05-07","purchased_purges":0,"victory":false,"max_hp_per_floor":[66,66,60,60,60,60,60,60,60,60,62,64,64,69,69,69],"card_choices":[{"not_picked":["Blade Dance","Dagger Spray"],"picked":"Flying Knee","floor":1.0},{"not_picked":["Sucker Punch","Slice"],"picked":"Leg Sweep","floor":2.0},{"not_picked":["Quick Slash","Riddle With Holes"],"picked":"Corpse Explosion","floor":4.0},{"not_picked":["Backflip","Dagger Throw"],"picked":"Poisoned Stab","floor":7.0},{"not_picked":["Dodge and Roll","Prepared"],"picked":"Escape Plan","floor":8.0},{"not_picked":["Finisher","Accuracy"],"picked":"Cloak And Dagger","floor":10},{"not_picked":["All Out Attack","Phantasmal Killer","Poisoned Stab"],"picked":"Singing Bowl","floor":11},{"not_picked":["Infinite Blades","Accuracy","Heel Hook"],"picked":"Singing Bowl","floor":12}],"player_experience":3267704,"relics_obtained":[{"floor":9.0,"key":"Ornamental Fan"},{"floor":10,"key":"Singing Bowl"}],"event_choices":[{"damage_healed":0.0,"max_hp_gain":0.0,"max_hp_loss":6.0,"gold_gain":0.0,"event_name":"Golden Idol","player_choice":"Lose Max HP","floor":3.0,"gold_loss":0.0,"damage_taken":0.0,"relics_obtained":["Golden Idol"]},{"damage_healed":0.0,"max_hp_gain":0.0,"max_hp_loss":0.0,"gold_gain":50.0,"event_name":"Golden Shrine","player_choice":"Pray","floor":5.0,"gold_loss":0.0,"damage_taken":0.0},{"damage_healed":0,"gold_gain":0,"player_choice":"Donut","damage_taken":0,"max_hp_gain":5,"max_hp_loss":0,"event_name":"Big Fish","floor":14,"gold_loss":0}],"is_beta":true,"boss_relics":[],"items_purged_floors":[],"is_endless":false,"potions_floor_spawned":[2,8,12],"killed_by":"Hexaghost","ascension_level":17}