{"gold_per_floor":[117,127,127,141,152,184,184,204,204,239,239,259,275,275,275,349,349,365,365,149,127,127,127,77,77,125,139,139,139,64,25,25,103,103,119,129,229,229,247,279,279,314,365,400,410,429,429,448,448,448,448,448,448,80,105,105],"floor_reached":57,"playtime":2291,"items_purged":["Zap","Dualcast","Sweeping Beam"],"score":2704,"play_id":"17325366-4d26-4fb4-b96e-94eaf8286b75","local_time":"20190422022016","is_ascension_mode":true,"campfire_choices":[{"floor":7.0,"key":"REST"},{"floor":11.0,"key":"REST"},{"floor":15.0,"key":"REST"},{"data":"Storm","floor":23.0,"key":"SMITH"},{"data":"Storm","floor":25.0,"key":"SMITH"},{"data":"Defragment","floor":32.0,"key":"SMITH"},{"data":"Heatsinks","floor":41.0,"key":"SMITH"},{"floor":49.0,"key":"RECALL"},{"data":"Recycle","floor":53.0,"key":"SMITH"}],"neow_cost":"NONE","seed_source_timestamp":81439400164600,"circlet_count":0,"master_deck":["AscendersBane","Storm+1","Capacitor","Hyperbeam","Storm+1","Genetic Algorithm","Recycle+1","Self Repair","White Noise","Self Repair","Self Repair","Meteor Strike","Auto Shields+1","Hello World","BootSequence+1","Glacier+1","Defragment+1","Coolheaded+1","Storm+1","Force Field+1","Ghostly+1","Ghostly+1","Ghostly+1","Heatsinks+1","Core Surge","Defragment+1","Ghostly+1","Hologram+1","Meteor Strike","Double Energy+1","Skim+1","Finesse+1","Impatience+1","BootSequence+1","Capacitor","Coolheaded+1","Amplify+1"],"special_seed":0,"relics":["Pandora\u0027s Box","Smiling Mask","Toxic Egg 2","Sundial","Eternal Feather","Pen Nib","Black Star","Bird Faced Urn","DataDisk","Oddly Smooth Stone","Anchor","Blood Vial","Art of War","Bottled Tornado","Bronze Scales","Letter Opener","Vajra"],"potions_floor_usage":[56,56],"damage_taken":[{"damage":0.0,"enemies":"Small Slimes","floor":1.0,"turns":1.0},{"damage":18.0,"enemies":"Jaw Worm","floor":2.0,"turns":3.0},{"damage":14.0,"enemies":"2 Louse","floor":4.0,"turns":2.0},{"damage":6.0,"enemies":"2 Fungi Beasts","floor":5.0,"turns":2.0},{"damage":35.0,"enemies":"Lagavulin","floor":6.0,"turns":6.0},{"damage":12.0,"enemies":"3 Louse","floor":8.0,"turns":2.0},{"damage":27.0,"enemies":"Gremlin Nob","floor":10.0,"turns":4.0},{"damage":20.0,"enemies":"Exordium Wildlife","floor":12.0,"turns":3.0},{"damage":23.0,"enemies":"Large Slime","floor":13.0,"turns":5.0},{"damage":36.0,"enemies":"The Guardian","floor":16.0,"turns":6.0},{"damage":33.0,"enemies":"Chosen","floor":18.0,"turns":5.0},{"damage":22.0,"enemies":"2 Thieves","floor":21.0,"turns":4.0},{"damage":36.0,"enemies":"Colosseum Slavers","floor":22.0,"turns":5.0},{"damage":18.0,"enemies":"Snecko","floor":27.0,"turns":4.0},{"damage":17.0,"enemies":"Automaton","floor":33.0,"turns":9.0},{"damage":10.0,"enemies":"3 Shapes","floor":35.0,"turns":4.0},{"damage":4.0,"enemies":"Orb Walker","floor":36.0,"turns":4.0},{"damage":0.0,"enemies":"Mind Bloom Boss Battle","floor":37.0,"turns":5.0},{"damage":10.0,"enemies":"3 Darklings","floor":39.0,"turns":4.0},{"damage":1.0,"enemies":"Reptomancer","floor":40.0,"turns":5.0},{"damage":14.0,"enemies":"Nemesis","floor":42.0,"turns":7.0},{"damage":5.0,"enemies":"Reptomancer","floor":44.0,"turns":5.0},{"damage":6.0,"enemies":"Jaw Worm Horde","floor":45.0,"turns":5.0},{"damage":0.0,"enemies":"Sphere and 2 Shapes","floor":46.0,"turns":3.0},{"damage":5.0,"enemies":"Transient","floor":48.0,"turns":6.0},{"damage":6.0,"enemies":"Donu and Deca","floor":50.0,"turns":8.0},{"damage":3.0,"enemies":"Time Eater","floor":51.0,"turns":10.0},{"damage":1.0,"enemies":"Shield and Spear","floor":55.0,"turns":5.0},{"damage":29,"enemies":"The Heart","floor":56,"turns":7}],"seed_played":"-713141528377936640","potions_obtained":[{"floor":1.0,"key":"EssenceOfSteel"},{"floor":2.0,"key":"SkillPotion"},{"floor":8.0,"key":"Fire Potion"},{"floor":16.0,"key":"GamblersBrew"},{"floor":21.0,"key":"Poison Potion"},{"floor":27.0,"key":"AttackPotion"},{"floor":33.0,"key":"Explosive Potion"},{"floor":35.0,"key":"Fire Potion"},{"floor":39.0,"key":"Swift Potion"},{"floor":46.0,"key":"Weak Potion"},{"floor":48.0,"key":"Dexterity Potion"}],"is_trial":false,"path_per_floor":["M","M","?","M","M","E","R","M","T","E","R","M","M","?","R","B",null,"M","?","$","M","?","R","$","R","T","M","?","?","?","$","R","B",null,"M","M","?","?","M","E","R","E","T","E","M","M","?","M","R","B","B",null,"R","$","E","B",null],"character_chosen":"DEFECT","items_purchased":["Glacier+1","Defragment","Heatsinks","Capacitor","Coolheaded+1","Bronze Scales"],"campfire_rested":3,"item_purchase_floors":[20,20,31,54,54,54],"current_hp_per_floor":[64,46,69,55,49,21,42,30,30,10,31,25,16,16,37,22,59,40,40,40,39,17,29,29,41,41,37,37,35,35,35,35,35,35,25,35,35,35,35,35,35,35,35,35,35,35,25,35,35,35,35,35,35,35,35,35],"gold":105,"neow_bonus":"BOSS_RELIC","is_prod":false,"is_daily":false,"chose_seed":false,"campfire_upgraded":5,"win_rate":0,"timestamp":1555867216,"path_taken":["M","M","?","M","M","E","R","M","T","E","R","M","M","?","R","BOSS","M","?","$","M","?","R","$","R","T","M","?","?","?","$","R","BOSS","M","M","?","?","M","E","R","E","T","E","?","M","?","M","R","BOSS","BOSS","R","$","E","BOSS"],"build_version":"2019-01-23","purchased_purges":3,"victory":true,"max_hp_per_floor":[71,71,71,71,71,71,71,71,71,71,71,71,71,71,71,71,71,71,71,71,71,71,71,71,71,71,71,71,35,35,35,35,35,35,35,35,35,35,35,35,35,35,35,35,35,35,35,35,35,35,35,35,35,35,35,35],"card_choices":[{"not_picked":["Redo","Leap"],"picked":"Genetic Algorithm","floor":1.0},{"not_picked":["Hologram","Compile Driver"],"picked":"Recycle","floor":2.0},{"not_picked":["Streamline","Melter","Barrage"],"picked":"SKIP","floor":4.0},{"not_picked":["Undo","Defragment"],"picked":"Self Repair","floor":5.0},{"not_picked":["Scrape","Turbo"],"picked":"White Noise","floor":6.0},{"not_picked":["Stack","Darkness","Gash"],"picked":"SKIP","floor":8.0},{"not_picked":["Stack","Darkness","Gash"],"picked":"SKIP","floor":8.0},{"not_picked":["Electrodynamics","Turbo+1"],"picked":"Self Repair","floor":10.0},{"not_picked":["Doom and Gloom","Beam Cell","Stack+1"],"picked":"SKIP","floor":12.0},{"not_picked":["Rebound","Compile Driver"],"picked":"Self Repair","floor":13.0},{"not_picked":["Hyperbeam","Rainbow+1"],"picked":"Meteor Strike","floor":16.0},{"not_picked":["Leap+1","Ball Lightning"],"picked":"Auto Shields+1","floor":18.0},{"not_picked":["Sunder","Undo+1"],"picked":"Coolheaded+1","floor":21.0},{"not_picked":["Rebound","Go for the Eyes+1"],"picked":"Storm+1","floor":27.0},{"not_picked":["All For One","Biased Cognition"],"picked":"Core Surge","floor":33.0},{"not_picked":["Ball Lightning","Aggregate+1","Stack+1"],"picked":"SKIP","floor":35.0},{"not_picked":["Cold Snap","Blizzard"],"picked":"Defragment+1","floor":36.0},{"not_picked":["Stack+1","Leap+1"],"picked":"Hologram+1","floor":39.0},{"not_picked":["Cold Snap","Conserve Battery+1","Lockon"],"picked":"SKIP","floor":40.0},{"not_picked":["Blizzard","Gash+1","Coolheaded+1"],"picked":"SKIP","floor":42.0},{"not_picked":["Blizzard","Gash+1","Coolheaded+1"],"picked":"SKIP","floor":42.0},{"not_picked":["Sweeping Beam","Streamline"],"picked":"Meteor Strike","floor":44.0},{"not_picked":["Ball Lightning+1","Darkness+1"],"picked":"Double Energy+1","floor":45.0},{"not_picked":["Conserve Battery+1","Gash"],"picked":"Skim+1","floor":46.0},{"not_picked":["Purity+1","Trip+1"],"picked":"Finesse+1","floor":47.0},{"not_picked":["The Bomb+1","Madness+1"],"picked":"Impatience+1","floor":47.0},{"not_picked":["Gash","Conserve Battery+1"],"picked":"BootSequence+1","floor":48.0},{"not_picked":["Double Energy+1","Coolheaded+1"],"picked":"Amplify+1","floor":55.0}],"player_experience":4857812,"relics_obtained":[{"floor":6.0,"key":"Smiling Mask"},{"floor":9.0,"key":"Toxic Egg 2"},{"floor":10.0,"key":"Sundial"},{"floor":26.0,"key":"Pen Nib"},{"floor":37.0,"key":"Bird Faced Urn"},{"floor":40.0,"key":"DataDisk"},{"floor":40.0,"key":"Oddly Smooth Stone"},{"floor":42.0,"key":"Anchor"},{"floor":42.0,"key":"Blood Vial"},{"floor":44.0,"key":"Art of War"},{"floor":44.0,"key":"Bottled Tornado"},{"floor":55.0,"key":"Letter Opener"},{"floor":55.0,"key":"Vajra"}],"event_choices":[{"damage_healed":23.0,"max_hp_gain":0.0,"max_hp_loss":0.0,"gold_gain":0.0,"event_name":"Big Fish","player_choice":"Banana","floor":3.0,"gold_loss":0.0,"damage_taken":0.0},{"damage_healed":0.0,"max_hp_gain":0.0,"max_hp_loss":0.0,"gold_gain":0.0,"event_name":"Shining Light","player_choice":"Ignored","floor":14.0,"gold_loss":0.0,"damage_taken":0.0},{"damage_healed":0.0,"max_hp_gain":0.0,"max_hp_loss":0.0,"gold_gain":0.0,"cards_transformed":["Aggregate","Gash"],"event_name":"Drug Dealer","player_choice":"Became Test Subject","floor":19.0,"gold_loss":0.0,"damage_taken":0.0,"cards_obtained":["Hello World","BootSequence"]},{"damage_healed":0.0,"max_hp_gain":0.0,"max_hp_loss":0.0,"gold_gain":0.0,"event_name":"Colosseum","player_choice":"Fight","floor":22.0,"gold_loss":0.0,"damage_taken":0.0},{"damage_healed":0.0,"max_hp_gain":0.0,"max_hp_loss":0.0,"gold_gain":0.0,"event_name":"Colosseum","player_choice":"Fled From Nobs","floor":22.0,"gold_loss":0.0,"damage_taken":0.0},{"damage_healed":0.0,"max_hp_gain":0.0,"max_hp_loss":0.0,"gold_gain":0.0,"event_name":"The Library","player_choice":"Read","floor":28.0,"gold_loss":0.0,"damage_taken":0.0,"cards_obtained":["Force Field"]},{"damage_healed":0.0,"max_hp_gain":0.0,"max_hp_loss":36.0,"gold_gain":0.0,"event_name":"Ghosts","player_choice":"Became a Ghost","floor":29.0,"gold_loss":0.0,"damage_taken":0.0,"cards_obtained":["Ghostly","Ghostly","Ghostly"]},{"cards_removed":["Ball Lightning"],"damage_healed":0.0,"max_hp_gain":0.0,"max_hp_loss":0.0,"gold_gain":0.0,"event_name":"Beggar","player_choice":"Gave Gold","floor":30.0,"gold_loss":75.0,"damage_taken":0.0},{"damage_healed":0.0,"max_hp_gain":0.0,"max_hp_loss":0.0,"gold_gain":0.0,"event_name":"MindBloom","player_choice":"Fight","floor":37.0,"gold_loss":0.0,"damage_taken":0.0},{"damage_healed":0.0,"max_hp_gain":0.0,"max_hp_loss":0.0,"gold_gain":0.0,"event_name":"Duplicator","player_choice":"Copied","floor":38.0,"gold_loss":0.0,"damage_taken":0.0,"cards_obtained":["Ghostly"]},{"damage_healed":0.0,"max_hp_gain":0.0,"max_hp_loss":0.0,"gold_gain":0.0,"event_name":"SensoryStone","player_choice":"Memory 3","floor":47.0,"gold_loss":0.0,"damage_taken":10.0}],"is_beta":false,"boss_relics":[{"not_picked":["Philosopher\u0027s Stone","White Beast Statue"],"picked":"Eternal Feather"},{"not_picked":["Orrery","Fusion Hammer"],"picked":"Black Star"}],"items_purged_floors":[20,24,54],"is_endless":false,"potions_floor_spawned":[1,2,6,8,16,21,27,33,35,37,39,46,48],"ascension_level":20}