{"gold_per_floor":[112,112,126,51,126,126,151,161,161,22,22,37,37,137,137,216,216,231,231],"floor_reached":19,"playtime":487,"items_purged":["Strike_B","Strike_B"],"score":330,"play_id":"8be00631-611e-47a3-958c-8fa3db11cb8d","local_time":"20190310111425","is_ascension_mode":true,"campfire_choices":[{"data":"Lockon","floor":6.0,"key":"SMITH"},{"floor":11.0,"key":"REST"},{"data":"Ball Lightning","floor":15.0,"key":"SMITH"}],"neow_cost":"NONE","seed_source_timestamp":0,"circlet_count":0,"master_deck":["AscendersBane","Strike_B","Strike_B","Defend_B","Defend_B","Defend_B","Defend_B","Zap+1","Dualcast","Sweeping Beam","Lockon+1","Hyperbeam","Ball Lightning+1","Rip and Tear","Cold Snap","Seek","Streamline"],"special_seed":0,"relics":["Velvet Choker","FossilizedHelix","StoneCalendar","Busted Crown"],"potions_floor_usage":[],"damage_taken":[{"damage":4.0,"enemies":"2 Louse","floor":1.0,"turns":3.0},{"damage":0.0,"enemies":"Cultist","floor":3.0,"turns":3.0},{"damage":32.0,"enemies":"Gremlin Nob","floor":7.0,"turns":4.0},{"damage":7.0,"enemies":"Small Slimes","floor":8.0,"turns":3.0},{"damage":0.0,"enemies":"Exordium Wildlife","floor":12.0,"turns":3.0},{"damage":22.0,"enemies":"Hexaghost","floor":16.0,"turns":8.0},{"damage":28,"enemies":"3 Byrds","floor":18,"turns":4}],"seed_played":"-36340625935857054","potions_obtained":[{"floor":8.0,"key":"Strength Potion"},{"floor":16.0,"key":"Ancient Potion"}],"is_trial":false,"path_per_floor":["M","?","M","$","?","R","E","M","T","$","R","M","?","?","R","B",null,"M","$"],"character_chosen":"DEFECT","items_purchased":["Rip and Tear"],"campfire_rested":1,"item_purchase_floors":[10],"current_hp_per_floor":[60,60,60,60,49,49,17,10,10,10,31,31,31,31,31,9,56,28,28],"gold":231,"neow_bonus":"BOSS_RELIC","is_prod":false,"is_daily":false,"chose_seed":false,"campfire_upgraded":2,"win_rate":0,"timestamp":1552184065,"path_taken":["M","?","?","$","?","R","E","M","T","?","R","M","?","?","R","BOSS","M","$"],"build_version":"2019-01-23","purchased_purges":2,"victory":false,"max_hp_per_floor":[71,71,71,71,71,71,71,71,71,71,71,71,71,71,71,71,71,71,71],"card_choices":[{"not_picked":["Hologram","Redo"],"picked":"Sweeping Beam","floor":1.0},{"not_picked":["Stack","Beam Cell"],"picked":"Lockon","floor":3.0},{"not_picked":["Steam Power","Buffer"],"picked":"Hyperbeam","floor":7.0},{"not_picked":["Auto Shields","Hologram"],"picked":"Ball Lightning","floor":8.0},{"not_picked":["Go for the Eyes","BootSequence"],"picked":"Cold Snap","floor":12.0},{"not_picked":["Machine Learning","Hyperbeam"],"picked":"Seek","floor":16.0},{"not_picked":[],"picked":"Streamline","floor":18}],"player_experience":741385,"relics_obtained":[{"floor":7.0,"key":"FossilizedHelix"},{"floor":9.0,"key":"StoneCalendar"}],"event_choices":[{"damage_healed":0.0,"max_hp_gain":0.0,"max_hp_loss":0.0,"gold_gain":0.0,"event_name":"Upgrade Shrine","player_choice":"Upgraded","floor":2.0,"gold_loss":0.0,"damage_taken":0.0,"cards_upgraded":["Zap"]},{"damage_healed":0.0,"max_hp_gain":0.0,"max_hp_loss":0.0,"gold_gain":75.0,"event_name":"World of Goop","player_choice":"Gather Gold","floor":5.0,"gold_loss":0.0,"damage_taken":11.0},{"damage_healed":0.0,"max_hp_gain":0.0,"max_hp_loss":0.0,"gold_gain":0.0,"event_name":"Dead Adventurer","player_choice":"Searched \u00270\u0027 times","floor":13.0,"gold_loss":0.0,"damage_taken":0.0},{"damage_healed":0.0,"max_hp_gain":0.0,"max_hp_loss":0.0,"gold_gain":100.0,"event_name":"Wheel of Change","player_choice":"Gold","floor":14.0,"gold_loss":0.0,"damage_taken":0.0}],"is_beta":false,"boss_relics":[{"not_picked":["Coffee Dripper","Cursed Key"],"picked":"Busted Crown"}],"items_purged_floors":[4,10],"is_endless":false,"potions_floor_spawned":[8,16],"ascension_level":20}