{"gold_per_floor":[114,128,145,30,30,30,46,57,57,10,10,10,21,21,21,122,122,142,159,159,159,159,159,258,258,330,345,61,61,61,61],"floor_reached":31,"playtime":1662,"items_purged":["Strike_G","Decay"],"score":357,"play_id":"37d6a077-438e-40d0-9660-65d4ee0a8370","local_time":"20190117001519","is_ascension_mode":true,"campfire_choices":[{"data":"Neutralize","floor":6.0,"key":"SMITH"},{"data":"Noxious Fumes","floor":12.0,"key":"SMITH"},{"data":"Bouncing Flask","floor":15.0,"key":"SMITH"},{"floor":23.0,"key":"REST"}],"neow_cost":"NONE","seed_source_timestamp":551230586713793,"circlet_count":0,"master_deck":["AscendersBane","Defend_G","Defend_G","Defend_G","Defend_G","Defend_G","Strike_G","Strike_G","Strike_G","Strike_G","Survivor","Neutralize+1","Flying Knee","Escape Plan","Deflect","Noxious Fumes+1","Dagger Spray","Poisoned Stab","Backflip","Bouncing Flask+1","Grand Finale","Prepared","Well Laid Plans","Prepared","Calculated Gamble","Reflex","Acrobatics"],"special_seed":0,"relics":["Ring of the Snake","Bottled Lightning","Black Star","Ornamental Fan","The Courier"],"potions_floor_usage":[31,31],"damage_taken":[{"damage":2.0,"enemies":"2 Louse","floor":1.0,"turns":3.0},{"damage":1.0,"enemies":"Cultist","floor":2.0,"turns":5.0},{"damage":12.0,"enemies":"Small Slimes","floor":3.0,"turns":4.0},{"damage":7.0,"enemies":"Exordium Wildlife","floor":7.0,"turns":5.0},{"damage":8.0,"enemies":"Large Slime","floor":8.0,"turns":9.0},{"damage":6.0,"enemies":"2 Fungi Beasts","floor":13.0,"turns":4.0},{"damage":24.0,"enemies":"Hexaghost","floor":16.0,"turns":8.0},{"damage":15.0,"enemies":"Shell Parasite","floor":18.0,"turns":6.0},{"damage":17.0,"enemies":"2 Thieves","floor":19.0,"turns":4.0},{"damage":20.0,"enemies":"Colosseum Slavers","floor":22.0,"turns":6.0},{"damage":30.0,"enemies":"Sentry and Sphere","floor":27.0,"turns":5.0},{"damage":11,"enemies":"Chosen and Byrds","floor":31,"turns":5}],"seed_played":"-6571660335300594155","potions_obtained":[{"floor":1.0,"key":"Block Potion"},{"floor":3.0,"key":"GamblersBrew"},{"floor":18.0,"key":"Fire Potion"},{"floor":27.0,"key":"Dexterity Potion"}],"is_trial":false,"path_per_floor":["M","M","M","$","?","R","M","M","T","$","$","R","M","?","R","B",null,"M","M","?","T","?","R","?","?","T","M","$","?","$","M"],"character_chosen":"THE_SILENT","items_purchased":["Noxious Fumes","Backflip","Calculated Gamble","Reflex","Acrobatics","Block Potion"],"campfire_rested":1,"item_purchase_floors":[4,10,28,28,28,28],"current_hp_per_floor":[61,60,48,48,80,80,73,65,65,65,65,65,59,59,59,35,69,54,37,37,37,17,41,41,41,41,11,11,11,11,0],"gold":61,"neow_bonus":"ONE_RANDOM_RARE_CARD","is_prod":false,"is_daily":false,"chose_seed":false,"campfire_upgraded":3,"win_rate":0,"timestamp":1547651719,"path_taken":["M","M","M","$","?","R","M","M","T","?","$","R","?","?","R","BOSS","M","M","?","?","?","R","?","?","T","?","$","?","?","M"],"build_version":"2019-01-10","purchased_purges":2,"victory":false,"max_hp_per_floor":[70,70,70,70,80,80,80,80,80,80,80,80,80,80,80,80,80,80,80,80,80,80,80,80,80,80,80,80,80,80,80],"card_choices":[{"not_picked":["Expertise","Calculated Gamble"],"picked":"Flying Knee","floor":1.0},{"not_picked":["Sucker Punch","Expertise"],"picked":"Escape Plan","floor":2.0},{"not_picked":["Underhanded Strike","Quick Slash"],"picked":"Deflect","floor":3.0},{"not_picked":["Terror","Flechettes"],"picked":"Dagger Spray","floor":7.0},{"not_picked":["Dash","Slice"],"picked":"Poisoned Stab","floor":8.0},{"not_picked":["Tactician","Dagger Spray"],"picked":"Bouncing Flask","floor":13.0},{"not_picked":["Malaise","Phantasmal Killer"],"picked":"Grand Finale","floor":16.0},{"not_picked":["Quick Slash","Distraction"],"picked":"Prepared","floor":18.0},{"not_picked":["Dagger Throw","Terror"],"picked":"Well Laid Plans","floor":19.0},{"not_picked":["Flechettes","Prepared","All Out Attack"],"picked":"SKIP","floor":27.0}],"player_experience":389984,"relics_obtained":[{"floor":9.0,"key":"Bottled Lightning"},{"floor":21.0,"key":"Ornamental Fan"},{"floor":26.0,"key":"The Courier"}],"event_choices":[{"cards_removed":["A Thousand Cuts"],"damage_healed":22.0,"max_hp_gain":10.0,"max_hp_loss":0.0,"gold_gain":0.0,"event_name":"Bonfire Elementals","player_choice":"Offered Rare","floor":5.0,"gold_loss":0.0,"damage_taken":0.0},{"damage_healed":0.0,"max_hp_gain":0.0,"max_hp_loss":0.0,"gold_gain":0.0,"event_name":"The Cleric","player_choice":"Leave","floor":14.0,"gold_loss":0.0,"damage_taken":0.0},{"damage_healed":0.0,"max_hp_gain":0.0,"max_hp_loss":0.0,"gold_gain":0.0,"event_name":"Forgotten Altar","player_choice":"Smashed Altar","floor":20.0,"gold_loss":0.0,"damage_taken":0.0,"cards_obtained":["Decay"]},{"damage_healed":0.0,"max_hp_gain":0.0,"max_hp_loss":0.0,"gold_gain":0.0,"event_name":"Colosseum","player_choice":"Fight","floor":22.0,"gold_loss":0.0,"damage_taken":0.0},{"damage_healed":0.0,"max_hp_gain":0.0,"max_hp_loss":0.0,"gold_gain":0.0,"event_name":"Colosseum","player_choice":"Fled From Nobs","floor":22.0,"gold_loss":0.0,"damage_taken":0.0},{"damage_healed":0.0,"max_hp_gain":0.0,"max_hp_loss":0.0,"gold_gain":99.0,"event_name":"Nest","player_choice":"Stole From Cult","floor":24.0,"gold_loss":0.0,"damage_taken":0.0},{"damage_healed":0.0,"max_hp_gain":0.0,"max_hp_loss":0.0,"gold_gain":0.0,"event_name":"Duplicator","player_choice":"Copied","floor":25.0,"gold_loss":0.0,"damage_taken":0.0,"cards_obtained":["Prepared"]},{"damage_healed":0.0,"max_hp_gain":0.0,"max_hp_loss":0.0,"gold_gain":0.0,"event_name":"Ghosts","player_choice":"Ignored","floor":29.0,"gold_loss":0.0,"damage_taken":0.0}],"is_beta":false,"boss_relics":[{"not_picked":["Velvet Choker","HoveringKite"],"picked":"Black Star"}],"items_purged_floors":[4,28],"is_endless":false,"potions_floor_spawned":[1,3,8,18,27],"killed_by":"Chosen and Byrds","ascension_level":12}