{"gold_per_floor":[111,111,121,121,46,75,75,105,129,145,220,5,5,25,25,25],"floor_reached":16,"playtime":498,"items_purged":["Strike_R","Strike_R"],"score":173,"play_id":"f2a00c3a-1090-4391-9236-56e8d77d3410","local_time":"20190109213310","is_ascension_mode":true,"campfire_choices":[{"data":"Armaments","floor":7,"key":"SMITH"},{"data":"Rage","floor":13,"key":"SMITH"},{"data":"Metallicize","floor":15,"key":"SMITH"}],"neow_cost":"NONE","seed_source_timestamp":1555917168405477,"circlet_count":0,"master_deck":["Strike_R","Strike_R","Strike_R","Defend_R","Defend_R","Defend_R","Defend_R","Bash","Cleave","Armaments+1","Shrug It Off","Rage+1","Metallicize+1","Pommel Strike"],"relics":["Burning Blood","NeowsBlessing","FaceOfCleric","Blood Vial","Vajra","Dream Catcher","Regal Pillow"],"potions_floor_usage":[16,16],"damage_taken":[{"damage":0,"enemies":"2 Louse","floor":1,"turns":1},{"damage":0,"enemies":"Cultist","floor":3,"turns":1},{"damage":0,"enemies":"Lagavulin","floor":6,"turns":1},{"damage":22,"enemies":"3 Sentries","floor":8,"turns":6},{"damage":7,"enemies":"Jaw Worm","floor":10,"turns":2},{"damage":0,"enemies":"Blue Slaver","floor":14,"turns":4},{"damage":72,"enemies":"Hexaghost","floor":16,"turns":16}],"seed_played":"1519602906704704889","potions_obtained":[{"floor":6,"key":"Weak Potion"},{"floor":8,"key":"FearPotion"}],"is_trial":false,"path_per_floor":["M","?","M","?","$","E","R","E","T","M","?","$","R","M","R","B"],"character_chosen":"IRONCLAD","items_purchased":["Rage","Metallicize"],"campfire_rested":0,"item_purchase_floors":[12,12],"current_hp_per_floor":[78,78,81,78,78,82,82,67,67,69,58,58,58,67,67,0],"gold":25,"neow_bonus":"THREE_ENEMY_KILL","is_prod":false,"is_daily":false,"chose_seed":false,"campfire_upgraded":3,"win_rate":0,"timestamp":1547037190,"path_taken":["M","?","?","?","$","E","R","E","T","M","?","$","R","M","R","BOSS"],"build_version":"2019-01-03v4","purchased_purges":2,"victory":false,"max_hp_per_floor":[80,80,81,81,81,82,82,83,83,84,84,84,84,85,85,85],"card_choices":[{"not_picked":["Warcry","Body Slam"],"picked":"Cleave","floor":1},{"not_picked":["Shrug It Off","Dropkick"],"picked":"Armaments","floor":3},{"not_picked":["Demon Form","Hemokinesis","Wild Strike"],"picked":"SKIP","floor":6},{"not_picked":["Juggernaut","Havoc","Fire Breathing"],"picked":"SKIP","floor":8},{"not_picked":["Anger","Second Wind"],"picked":"Shrug It Off","floor":10},{"not_picked":["Warcry","Blood for Blood"],"picked":"Pommel Strike","floor":14}],"player_experience":331396,"relics_obtained":[{"floor":6,"key":"Vajra"},{"floor":8,"key":"Dream Catcher"},{"floor":9,"key":"Regal Pillow"}],"event_choices":[{"damage_healed":0,"gold_gain":0,"player_choice":"Trade","damage_taken":0,"relics_obtained":["FaceOfCleric"],"max_hp_gain":0,"max_hp_loss":0,"event_name":"FaceTrader","floor":2,"gold_loss":0},{"damage_healed":0,"gold_gain":0,"player_choice":"Success","damage_taken":3,"relics_obtained":["Blood Vial"],"max_hp_gain":0,"max_hp_loss":0,"event_name":"Scrap Ooze","floor":4,"gold_loss":0},{"damage_healed":0,"gold_gain":75,"player_choice":"Gather Gold","damage_taken":11,"max_hp_gain":0,"max_hp_loss":0,"event_name":"World of Goop","floor":11,"gold_loss":0}],"is_beta":false,"boss_relics":[],"items_purged_floors":[5,12],"is_endless":false,"potions_floor_spawned":[6,8],"killed_by":"Hexaghost","ascension_level":6}