{"gold_per_floor":[112,124,138,154,229,229,261,261,332,332,332,345,374,387,387,459,459,479,496,496],"floor_reached":20,"playtime":628,"items_purged":[],"score":472,"play_id":"ceb90921-a600-4079-8ffd-7460f0467d51","local_time":"20190530002859","is_ascension_mode":true,"campfire_choices":[{"data":"Zap","floor":6,"key":"SMITH"},{"data":"Barrage","floor":8,"key":"SMITH"},{"floor":10,"key":"REST"},{"data":"Storm","floor":15,"key":"SMITH"}],"neow_cost":"NONE","seed_source_timestamp":269367224380599,"circlet_count":0,"master_deck":["AscendersBane","Strike_B","Strike_B","Strike_B","Strike_B","Defend_B","Defend_B","Defend_B","Defend_B","Zap+1","Dualcast","Capacitor","Sweeping Beam","Ball Lightning","Streamline","Barrage+1","Auto Shields","Storm+1","Storm","Cold Snap","Thunder Strike","Streamline"],"relics":["Cracked Core","Pocketwatch","Pear","DataDisk","Snecko Eye"],"potions_floor_usage":[7,13,16],"damage_taken":[{"damage":7,"enemies":"Jaw Worm","floor":1,"turns":4},{"damage":0,"enemies":"2 Louse","floor":2,"turns":4},{"damage":1,"enemies":"Cultist","floor":3,"turns":3},{"damage":21,"enemies":"Exordium Thugs","floor":4,"turns":5},{"damage":8,"enemies":"Gremlin Nob","floor":7,"turns":3},{"damage":3,"enemies":"Exordium Wildlife","floor":12,"turns":4},{"damage":10,"enemies":"Lagavulin","floor":13,"turns":5},{"damage":9,"enemies":"2 Fungi Beasts","floor":14,"turns":3},{"damage":0,"enemies":"Slime Boss","floor":16,"turns":4},{"damage":23,"enemies":"2 Thieves","floor":18,"turns":3},{"damage":37,"enemies":"Shell Parasite","floor":19,"turns":5},{"damage":29,"enemies":"Centurion and Healer","floor":20,"turns":3}],"seed_played":"-1604242901755695837","potions_obtained":[{"floor":1,"key":"Strength Potion"},{"floor":3,"key":"GamblersBrew"},{"floor":7,"key":"PowerPotion"},{"floor":12,"key":"Regen Potion"}],"is_trial":false,"path_per_floor":["M","M","M","M","?","R","E","R","T","R","?","M","E","M","R","B",null,"M","M","M"],"character_chosen":"DEFECT","items_purchased":[],"campfire_rested":1,"item_purchase_floors":[],"current_hp_per_floor":[64,64,63,42,31,31,23,23,33,59,59,56,60,51,51,51,79,56,19,0],"gold":496,"neow_bonus":"TEN_PERCENT_HP_BONUS","is_prod":false,"is_daily":false,"chose_seed":false,"campfire_upgraded":3,"win_rate":0,"timestamp":1559143739,"path_taken":["M","M","M","M","?","R","E","R","T","R","?","M","E","M","R","BOSS","M","M","?"],"build_version":"2019-01-23","purchased_purges":0,"victory":false,"max_hp_per_floor":[78,78,78,78,78,78,78,78,88,88,88,88,88,88,88,88,88,88,88,88],"card_choices":[{"not_picked":["Skim","Double Energy"],"picked":"Capacitor","floor":1},{"not_picked":["Turbo","Steam Power"],"picked":"Sweeping Beam","floor":2},{"not_picked":["Blizzard","Leap"],"picked":"Ball Lightning","floor":3},{"not_picked":["Conserve Battery","Steam Power"],"picked":"Streamline","floor":4},{"not_picked":["Turbo","Steam Power"],"picked":"Barrage","floor":7},{"not_picked":["Compile Driver","Steam"],"picked":"Storm","floor":12},{"not_picked":["Chill","Skim"],"picked":"Storm","floor":13},{"not_picked":["Ball Lightning","Darkness"],"picked":"Cold Snap","floor":14},{"not_picked":["Rainbow","Hyperbeam"],"picked":"Thunder Strike","floor":16},{"not_picked":["Undo","Aggregate","Go for the Eyes"],"picked":"SKIP","floor":18},{"not_picked":["Compile Driver","Go for the Eyes"],"picked":"Streamline","floor":19}],"player_experience":5195408,"relics_obtained":[{"floor":7,"key":"Pocketwatch"},{"floor":9,"key":"Pear"},{"floor":13,"key":"DataDisk"}],"event_choices":[{"damage_healed":0,"gold_gain":75,"player_choice":"Gather Gold","damage_taken":11,"max_hp_gain":0,"max_hp_loss":0,"event_name":"World of Goop","floor":5,"gold_loss":0},{"damage_healed":0,"gold_gain":0,"player_choice":"1 cards matched","damage_taken":0,"max_hp_gain":0,"max_hp_loss":0,"event_name":"Match and Keep!","floor":11,"gold_loss":0,"cards_obtained":["Auto Shields"]}],"is_beta":false,"boss_relics":[{"not_picked":["Eternal Feather","Nuclear Battery"],"picked":"Snecko Eye"}],"items_purged_floors":[],"is_endless":false,"potions_floor_spawned":[1,3,7,12],"killed_by":"Centurion and Healer","ascension_level":20}