{"gold_per_floor":[118,293,293,311,112,147,147,157,157,170,184,211,107,119,119,223,223,234,159,179,179,196,196],"floor_reached":23,"playtime":1200,"items_purged":[],"score":228,"play_id":"95efd5be-85f1-4b0d-bafe-67d5aa65d7f6","local_time":"20190226185523","is_ascension_mode":false,"campfire_choices":[{"floor":7.0,"key":"REST"},{"floor":15,"key":"REST"}],"neow_cost":"NONE","seed_source_timestamp":621981018845908,"circlet_count":0,"master_deck":["Defend_G","Defend_G","Defend_G","Defend_G","Strike_G","Strike_G","Strike_G","Strike_G","Survivor","Neutralize","Dagger Spray+1","Adrenaline","Caltrops","Masterful Stab","Deflect","Deflect","Dagger Spray","Dagger Spray","Die Die Die","Dagger Spray","Slice+1","Backstab"],"special_seed":0,"relics":["Ring of the Snake","Singing Bowl","Happy Flower","Empty Cage"],"potions_floor_usage":[12,12,16,16,18,22,23],"damage_taken":[{"damage":0.0,"enemies":"2 Louse","floor":1.0,"turns":4.0},{"damage":0.0,"enemies":"Small Slimes","floor":4.0,"turns":2.0},{"damage":25.0,"enemies":"3 Sentries","floor":6.0,"turns":11.0},{"damage":2.0,"enemies":"Jaw Worm","floor":8.0,"turns":3.0},{"damage":0.0,"enemies":"Blue Slaver","floor":10.0,"turns":4.0},{"damage":5.0,"enemies":"Looter","floor":11.0,"turns":4.0},{"damage":8,"enemies":"Gremlin Nob","floor":12,"turns":3},{"damage":7,"enemies":"2 Fungi Beasts","floor":14,"turns":2},{"damage":2,"enemies":"Slime Boss","floor":16,"turns":5},{"damage":13,"enemies":"Shell Parasite","floor":18,"turns":6},{"damage":0,"enemies":"3 Byrds","floor":20,"turns":2},{"damage":21,"enemies":"Shelled Parasite and Fungi","floor":22,"turns":6},{"damage":46,"enemies":"Snecko","floor":23,"turns":7}],"seed_played":"-8429757048424883760","potions_obtained":[{"floor":0.0,"key":"Ancient Potion"},{"floor":0.0,"key":"Ancient Potion"},{"floor":0.0,"key":"SpeedPotion"},{"floor":8.0,"key":"SteroidPotion"},{"floor":16,"key":"Block Potion"},{"floor":20,"key":"Weak Potion"},{"floor":22,"key":"Dexterity Potion"}],"is_trial":false,"path_per_floor":["M","?","?","M","$","E","R","M","T","M","M","E","$","M","R","B",null,"M","?","M","$","M","M"],"character_chosen":"THE_SILENT","items_purchased":["Caltrops","Masterful Stab","Deflect","Dagger Spray","SteroidPotion"],"campfire_rested":2,"item_purchase_floors":[5,5,5,13,13],"current_hp_per_floor":[70,70,70,70,70,47,68,68,68,68,65,59,59,52,75,73,78,65,65,65,65,44,0],"gold":196,"neow_bonus":"THREE_SMALL_POTIONS","is_prod":false,"is_daily":false,"chose_seed":false,"campfire_upgraded":0,"win_rate":0,"timestamp":1551200123,"path_taken":["M","?","?","M","?","E","R","M","T","M","M","E","$","?","R","BOSS","M","?","M","$","M","M"],"build_version":"2019-01-23","purchased_purges":0,"victory":false,"max_hp_per_floor":[70,70,70,70,70,72,72,74,74,74,76,78,78,78,78,78,78,78,78,78,78,78,78],"card_choices":[{"not_picked":["Backflip","Outmaneuver"],"picked":"Dagger Spray","floor":1.0},{"not_picked":["Footwork","Cloak And Dagger"],"picked":"Adrenaline","floor":4.0},{"not_picked":["Skewer","Deadly Poison","Dodge and Roll"],"picked":"Singing Bowl","floor":6.0},{"not_picked":["Deadly Poison","Prepared","Cloak And Dagger"],"picked":"Singing Bowl","floor":8.0},{"not_picked":["Sucker Punch","Dodge and Roll"],"picked":"Deflect","floor":10.0},{"not_picked":["Poisoned Stab","Tools of the Trade","Blade Dance"],"picked":"Singing Bowl","floor":11.0},{"not_picked":["Dash","Eviscerate","Bane"],"picked":"Singing Bowl","floor":12},{"not_picked":["Poisoned Stab","Flying Knee"],"picked":"Dagger Spray","floor":14},{"not_picked":["Malaise","A Thousand Cuts"],"picked":"Die Die Die","floor":16},{"not_picked":["Blur+1","Acrobatics"],"picked":"Dagger Spray","floor":18},{"not_picked":["Backflip+1","Heel Hook+1"],"picked":"Slice+1","floor":20},{"not_picked":["Riddle With Holes","Blade Dance"],"picked":"Backstab","floor":22}],"player_experience":991928,"relics_obtained":[{"floor":6.0,"key":"Singing Bowl"},{"floor":12,"key":"Happy Flower"}],"event_choices":[{"damage_healed":0.0,"max_hp_gain":0.0,"max_hp_loss":0.0,"gold_gain":175.0,"event_name":"Liars Game","player_choice":"AGREE","floor":2.0,"gold_loss":0.0,"damage_taken":0.0,"cards_obtained":["Doubt"]},{"damage_healed":0.0,"max_hp_gain":0.0,"max_hp_loss":0.0,"gold_gain":0.0,"event_name":"Living Wall","player_choice":"Grow","floor":3.0,"gold_loss":0.0,"damage_taken":0.0,"cards_upgraded":["Dagger Spray"]},{"cards_removed":["Doubt"],"damage_healed":0,"gold_gain":0,"player_choice":"Gave Gold","damage_taken":0,"max_hp_gain":0,"max_hp_loss":0,"event_name":"Beggar","floor":19,"gold_loss":75}],"is_beta":false,"boss_relics":[{"not_picked":["Tiny House","Runic Pyramid"],"picked":"Empty Cage"}],"items_purged_floors":[],"is_endless":false,"potions_floor_spawned":[4,8,10,11,16,20,22],"killed_by":"Snecko","ascension_level":0}