{"gold_per_floor":[112,131,147,160,160,188,188,207,233,251,266,285,363,374,374,479,479,496,348,368,379,305,305,322,357,437,437,451,451,479,495,495,495],"floor_reached":33,"playtime":2779,"items_purged":[],"score":480,"play_id":"2b1f3664-cbc5-4949-a6d0-716a4892c879","local_time":"20190409180956","is_ascension_mode":true,"campfire_choices":[{"floor":15.0,"key":"REST"},{"floor":23.0,"key":"REST"},{"floor":32,"key":"REST"}],"neow_cost":"NONE","seed_source_timestamp":0,"circlet_count":0,"master_deck":["AscendersBane","Strike_R","Strike_R","Strike_R","Strike_R","Defend_R","Defend_R","Defend_R","Defend_R","Bash","Infernal Blade","Disarm","Armaments+1","Intimidate+1","Corruption","Intimidate","Exhume","Sentinel","Offering","Flex+1","Double Tap","Infernal Blade","Spot Weakness","True Grit","Iron Wave","Flex+1","Warcry+1","Inflame","Sever Soul+1","Corruption"],"special_seed":0,"relics":["Burning Blood","Bag of Preparation","Art of War","Orichalcum","Pen Nib","Darkstone Periapt","Black Star","Vajra","War Paint","Mercury Hourglass","Toxic Egg 2","Ancient Tea Set","Thread and Needle"],"potions_floor_usage":[30,33,33],"damage_taken":[{"damage":1.0,"enemies":"Cultist","floor":1.0,"turns":4.0},{"damage":11.0,"enemies":"Small Slimes","floor":2.0,"turns":4.0},{"damage":0.0,"enemies":"Jaw Worm","floor":3.0,"turns":6.0},{"damage":7.0,"enemies":"Looter","floor":4.0,"turns":4.0},{"damage":26.0,"enemies":"Gremlin Nob","floor":6.0,"turns":4.0},{"damage":16.0,"enemies":"Large Slime","floor":8.0,"turns":6.0},{"damage":7.0,"enemies":"Gremlin Gang","floor":10.0,"turns":7.0},{"damage":1.0,"enemies":"3 Louse","floor":11.0,"turns":3.0},{"damage":7.0,"enemies":"Large Slime","floor":12.0,"turns":6.0},{"damage":13.0,"enemies":"Exordium Wildlife","floor":14.0,"turns":4.0},{"damage":32.0,"enemies":"The Guardian","floor":16.0,"turns":15.0},{"damage":27.0,"enemies":"Spheric Guardian","floor":18.0,"turns":5.0},{"damage":16.0,"enemies":"2 Thieves","floor":20.0,"turns":3.0},{"damage":7.0,"enemies":"Shelled Parasite and Fungi","floor":21.0,"turns":3.0},{"damage":21.0,"enemies":"Sentry and Sphere","floor":24.0,"turns":3.0},{"damage":33.0,"enemies":"Slavers","floor":25.0,"turns":6.0},{"damage":8,"enemies":"Chosen and Byrds","floor":28,"turns":5},{"damage":6,"enemies":"Gremlin Leader","floor":30,"turns":6},{"damage":16,"enemies":"Snecko","floor":31,"turns":4},{"damage":67,"enemies":"Automaton","floor":33,"turns":6}],"seed_played":"537303845150310635","potions_obtained":[{"floor":2.0,"key":"Weak Potion"},{"floor":4.0,"key":"Energy Potion"},{"floor":8.0,"key":"BloodPotion"},{"floor":12.0,"key":"LiquidBronze"},{"floor":14.0,"key":"SteroidPotion"},{"floor":16.0,"key":"Poison Potion"},{"floor":25.0,"key":"AttackPotion"},{"floor":30,"key":"LiquidBronze"},{"floor":31,"key":"AttackPotion"}],"is_trial":false,"path_per_floor":["M","M","M","M","?","E","?","M","T","M","M","M","T","M","R","B",null,"M","$","M","M","$","R","M","E","T","?","M","?","E","M","R","B"],"character_chosen":"IRONCLAD","items_purchased":["Vajra","Regen Potion"],"campfire_rested":3,"item_purchase_floors":[19,22],"current_hp_per_floor":[77,72,78,77,65,45,45,35,35,42,47,46,46,39,63,37,69,48,48,38,37,37,61,55,28,28,54,52,52,52,42,66,0],"gold":495,"neow_bonus":"RANDOM_COMMON_RELIC","is_prod":false,"is_daily":false,"chose_seed":false,"campfire_upgraded":0,"win_rate":0,"timestamp":1554822596,"path_taken":["M","M","M","?","?","E","?","M","T","M","M","M","?","M","R","BOSS","M","$","M","M","$","R","M","E","T","?","M","?","E","M","R","BOSS"],"build_version":"2019-01-23","purchased_purges":0,"victory":false,"max_hp_per_floor":[80,80,80,80,80,80,80,80,80,80,80,80,80,80,80,80,80,80,80,80,80,80,80,80,80,80,80,80,80,80,80,80,80],"card_choices":[{"not_picked":["Twin Strike","Shrug It Off"],"picked":"Infernal Blade","floor":1.0},{"not_picked":["Thunderclap","Body Slam"],"picked":"Disarm","floor":2.0},{"not_picked":["Ghostly Armor","Whirlwind"],"picked":"Armaments","floor":3.0},{"not_picked":["Disarm","Inflame"],"picked":"Intimidate","floor":4.0},{"not_picked":["Sword Boomerang","Cleave"],"picked":"Corruption","floor":6.0},{"not_picked":["Power Through","Rupture"],"picked":"Intimidate","floor":8.0},{"not_picked":["Intimidate","Heavy Blade"],"picked":"Exhume","floor":10.0},{"not_picked":["Flex","Iron Wave"],"picked":"Sentinel","floor":11.0},{"not_picked":["Headbutt","Thunderclap"],"picked":"Offering","floor":12.0},{"not_picked":["Wild Strike","Clothesline"],"picked":"Flex","floor":14.0},{"not_picked":["Brutality","Juggernaut"],"picked":"Double Tap","floor":16.0},{"not_picked":["Battle Trance+1","Wild Strike"],"picked":"Infernal Blade","floor":18.0},{"not_picked":["Twin Strike","Headbutt"],"picked":"Spot Weakness","floor":20.0},{"not_picked":["Immolate","Thunderclap+1"],"picked":"True Grit","floor":21.0},{"not_picked":["Twin Strike","Bloodletting"],"picked":"Iron Wave","floor":24.0},{"not_picked":["Spot Weakness","Combust"],"picked":"Flex+1","floor":25.0},{"not_picked":["Intimidate+1","Wild Strike"],"picked":"Warcry+1","floor":28},{"not_picked":["Headbutt","Corruption+1"],"picked":"Sever Soul+1","floor":30},{"not_picked":["Twin Strike","Perfected Strike+1"],"picked":"Corruption","floor":31}],"player_experience":1176257,"relics_obtained":[{"floor":6.0,"key":"Orichalcum"},{"floor":9.0,"key":"Pen Nib"},{"floor":13.0,"key":"Darkstone Periapt"},{"floor":25.0,"key":"War Paint"},{"floor":25.0,"key":"Mercury Hourglass"},{"floor":26,"key":"Toxic Egg 2"},{"floor":30,"key":"Ancient Tea Set"},{"floor":30,"key":"Thread and Needle"}],"event_choices":[{"damage_healed":0.0,"max_hp_gain":0.0,"max_hp_loss":0.0,"gold_gain":0.0,"event_name":"Scrap Ooze","player_choice":"Success","floor":5.0,"gold_loss":0.0,"damage_taken":12.0,"relics_obtained":["Art of War"]},{"damage_healed":0.0,"max_hp_gain":0.0,"max_hp_loss":0.0,"gold_gain":0.0,"event_name":"Living Wall","player_choice":"Grow","floor":7.0,"gold_loss":0.0,"damage_taken":0.0,"cards_upgraded":["Armaments"]},{"damage_healed":26,"gold_gain":0,"player_choice":"Heal","damage_taken":0,"max_hp_gain":0,"max_hp_loss":0,"event_name":"The Library","floor":27,"gold_loss":0},{"damage_healed":0,"gold_gain":0,"cards_transformed":["Strike_R"],"player_choice":"Transformed","damage_taken":0,"max_hp_gain":0,"max_hp_loss":0,"event_name":"Transmorgrifier","floor":29,"gold_loss":0,"cards_obtained":["Inflame"]}],"is_beta":false,"boss_relics":[{"not_picked":["White Beast Statue","Runic Pyramid"],"picked":"Black Star"}],"items_purged_floors":[],"is_endless":false,"potions_floor_spawned":[2,4,8,12,14,16,25,30,31],"killed_by":"Automaton","ascension_level":10}