{"gold_per_floor":[367,50,67,117,131,161,161,191,237,248,248,323,20,55,55,132,132,149,160,160,176,188,188,218,218,244,18,38,38,56,56,56,134,134,152,171,18,32,42,42,58,58,131,162,162,181,181,181,181,181,181,181,10,36,36],"floor_reached":55,"playtime":6373,"items_purged":["Bouncing Flask"],"score":1324,"play_id":"3c520266-af28-46f8-a4fb-d46c4de91f0f","local_time":"20181228185746","is_ascension_mode":true,"campfire_choices":[{"floor":7.0,"key":"REST"},{"floor":11.0,"key":"REST"},{"floor":15.0,"key":"REST"},{"data":"Cloak And Dagger","floor":23.0,"key":"SMITH"},{"data":"Cloak And Dagger","floor":25.0,"key":"SMITH"},{"floor":29.0,"key":"REST"},{"data":"Neutralize","floor":32.0,"key":"SMITH"},{"data":"Finisher","floor":40.0,"key":"SMITH"},{"floor":42.0,"key":"REST"},{"floor":45.0,"key":"RECALL"},{"floor":47.0,"key":"REST"},{"data":"Malaise","floor":49.0,"key":"SMITH"},{"floor":52.0,"key":"REST"}],"neow_cost":"TEN_PERCENT_HP_LOSS","seed_source_timestamp":26019305464234,"circlet_count":0,"master_deck":["AscendersBane","Survivor","Neutralize+1","Predator","Infinite Blades+1","Blur","Finisher+1","Accuracy+1","Deflect","Predator","Envenom+1","Malaise+1","PiercingWail","Acrobatics","Envenom+1","Corpse Explosion","Dodge and Roll","PiercingWail","Cloak And Dagger+1","Infinite Blades+1","PiercingWail","Escape Plan","Cloak And Dagger+1","Infinite Blades+1","Die Die Die","Dodge and Roll+1","Eviscerate","Sadistic Nature+1"],"special_seed":0,"relics":["Ring of the Snake","Frozen Egg 2","Paper Crane","Lantern","Gremlin Horn","Centennial Puzzle","Pandora\u0027s Box","WingedGreaves","Vajra","Regal Pillow","Busted Crown","Anchor","The Courier","Dodecahedron","FossilizedHelix"],"potions_floor_usage":[54,54],"damage_taken":[{"damage":1.0,"enemies":"Small Slimes","floor":1.0,"turns":5.0},{"damage":0.0,"enemies":"Cultist","floor":3.0,"turns":3.0},{"damage":1.0,"enemies":"Jaw Worm","floor":5.0,"turns":5.0},{"damage":26.0,"enemies":"Gremlin Nob","floor":6.0,"turns":5.0},{"damage":24.0,"enemies":"Lagavulin","floor":8.0,"turns":6.0},{"damage":11.0,"enemies":"Exordium Thugs","floor":10.0,"turns":7.0},{"damage":3.0,"enemies":"3 Sentries","floor":14.0,"turns":6.0},{"damage":25.0,"enemies":"Slime Boss","floor":16.0,"turns":8.0},{"damage":4.0,"enemies":"Chosen","floor":18.0,"turns":6.0},{"damage":14.0,"enemies":"Shell Parasite","floor":19.0,"turns":7.0},{"damage":8.0,"enemies":"Centurion and Healer","floor":21.0,"turns":4.0},{"damage":12.0,"enemies":"Chosen and Byrds","floor":22.0,"turns":6.0},{"damage":7.0,"enemies":"Book of Stabbing","floor":24.0,"turns":6.0},{"damage":6.0,"enemies":"Cultist and Chosen","floor":28.0,"turns":5.0},{"damage":4.0,"enemies":"Centurion and Healer","floor":30.0,"turns":6.0},{"damage":25.0,"enemies":"Champ","floor":33.0,"turns":7.0},{"damage":2.0,"enemies":"3 Darklings","floor":35.0,"turns":2.0},{"damage":0.0,"enemies":"3 Shapes","floor":36.0,"turns":2.0},{"damage":14.0,"enemies":"Spire Growth","floor":38.0,"turns":5.0},{"damage":7.0,"enemies":"Writhing Mass","floor":39.0,"turns":6.0},{"damage":5.0,"enemies":"Sphere and 2 Shapes","floor":41.0,"turns":7.0},{"damage":10.0,"enemies":"Giant Head","floor":44.0,"turns":6.0},{"damage":14.0,"enemies":"Spire Growth","floor":46.0,"turns":4.0},{"damage":55.0,"enemies":"Awakened One","floor":50.0,"turns":11.0},{"damage":45,"enemies":"Shield and Spear","floor":54,"turns":4},{"damage":35,"enemies":"The Heart","floor":55,"turns":3}],"seed_played":"-7578626161012311675","potions_obtained":[{"floor":6.0,"key":"Energy Potion"},{"floor":14.0,"key":"SkillPotion"},{"floor":16.0,"key":"Poison Potion"},{"floor":19.0,"key":"Explosive Potion"},{"floor":21.0,"key":"GamblersBrew"},{"floor":28.0,"key":"AttackPotion"},{"floor":36.0,"key":"Energy Potion"},{"floor":46.0,"key":"Dexterity Potion"}],"is_trial":false,"path_per_floor":["M","$","M","M","E","R","E","T","M","R","?","$","E","R","B",null,"M","M","?","M","M","R","E","R","T","$","M","R","M","?","R","B",null,"M","M","$","M","M","R","M","R","T","E","R","M","R","?","R","B",null,"R","$","B"],"character_chosen":"THE_SILENT","items_purchased":["Frozen Egg 2","Infinite Blades+1","Gremlin Horn","SteroidPotion","Regal Pillow","Anchor","Sadistic Nature+1","FearPotion"],"campfire_rested":7,"item_purchase_floors":[2,2,13,13,27,37,53,53],"current_hp_per_floor":[58,58,58,52,51,25,43,19,19,8,26,15,15,12,30,5,46,42,28,60,52,40,40,33,33,33,33,27,60,56,56,56,31,53,51,51,51,37,30,30,25,58,58,48,48,34,60,60,60,5,46,60,60,15,0],"gold":36,"neow_bonus":"TWO_FIFTY_GOLD","is_prod":false,"is_daily":false,"chose_seed":false,"campfire_upgraded":5,"win_rate":0,"timestamp":1545991066,"path_taken":["M","$","M","?","?","E","R","E","T","M","R","?","?","E","R","BOSS","M","M","?","M","M","R","E","R","T","$","?","R","M","?","R","BOSS","M","M","?","M","M","R","?","R","T","E","R","M","R","?","R","BOSS","R","$","E","BOSS"],"build_version":"2018-12-25","purchased_purges":1,"victory":false,"max_hp_per_floor":[60,60,60,60,60,60,60,60,60,60,60,60,60,60,60,60,60,60,60,60,60,60,60,60,60,60,60,60,60,60,60,60,60,60,60,60,60,60,60,60,60,60,60,60,60,60,60,60,60,60,60,60,60,60,60],"card_choices":[{"not_picked":["Deadly Poison","Terror"],"picked":"Predator","floor":1.0},{"not_picked":["Underhanded Strike","Blade Dance","Acrobatics"],"picked":"SKIP","floor":3.0},{"not_picked":["Bane","Blade Dance"],"picked":"Blur","floor":5.0},{"not_picked":["Deadly Poison","PiercingWail"],"picked":"Finisher","floor":6.0},{"not_picked":["Dash","Blade Dance"],"picked":"Accuracy+1","floor":8.0},{"not_picked":["Expertise","Choke"],"picked":"Deflect","floor":10.0},{"not_picked":["Riddle With Holes","PiercingWail"],"picked":"Predator","floor":14.0},{"not_picked":["Phantasmal Killer","Corpse Explosion"],"picked":"Envenom+1","floor":16.0},{"not_picked":["Acrobatics","Bane+1"],"picked":"Cloak And Dagger","floor":18.0},{"not_picked":["Masterful Stab","Acrobatics"],"picked":"Infinite Blades+1","floor":19.0},{"not_picked":["Bane","Skewer"],"picked":"PiercingWail","floor":21.0},{"not_picked":["Acrobatics","Venomology"],"picked":"Escape Plan","floor":22.0},{"not_picked":["Backflip","Skewer"],"picked":"Cloak And Dagger","floor":24.0},{"not_picked":["Bane","Expertise","Blade Dance"],"picked":"SKIP","floor":28.0},{"not_picked":["Predator","Slice","Malaise"],"picked":"SKIP","floor":30.0},{"not_picked":["Doppelganger","Venomology"],"picked":"Die Die Die","floor":33.0},{"not_picked":["PiercingWail"],"picked":"SKIP","floor":35.0},{"not_picked":["Sucker Punch"],"picked":"SKIP","floor":36.0},{"not_picked":["Dodge and Roll"],"picked":"SKIP","floor":38.0},{"not_picked":["Quick Slash+1"],"picked":"SKIP","floor":39.0},{"not_picked":["Choke"],"picked":"SKIP","floor":41.0},{"not_picked":["Bane"],"picked":"SKIP","floor":44.0},{"not_picked":[],"picked":"Dodge and Roll+1","floor":46.0},{"not_picked":["Die Die Die"],"picked":"SKIP","floor":54}],"player_experience":2594947,"relics_obtained":[{"floor":6.0,"key":"Paper Crane"},{"floor":8.0,"key":"Lantern"},{"floor":14.0,"key":"Centennial Puzzle"},{"floor":24.0,"key":"WingedGreaves"},{"floor":26.0,"key":"Vajra"},{"floor":43.0,"key":"The Courier"},{"floor":44.0,"key":"Dodecahedron"},{"floor":54,"key":"FossilizedHelix"}],"event_choices":[{"damage_healed":0.0,"max_hp_gain":0.0,"max_hp_loss":0.0,"gold_gain":50.0,"event_name":"FaceTrader","player_choice":"Touch","floor":4.0,"gold_loss":0.0,"damage_taken":6.0},{"damage_healed":0.0,"max_hp_gain":0.0,"max_hp_loss":0.0,"gold_gain":75.0,"event_name":"World of Goop","player_choice":"Gather Gold","floor":12.0,"gold_loss":0.0,"damage_taken":11.0},{"cards_removed":["Skewer"],"damage_healed":32.0,"max_hp_gain":0.0,"max_hp_loss":0.0,"gold_gain":0.0,"event_name":"Bonfire Elementals","player_choice":"Offered Uncommon","floor":20.0,"gold_loss":0.0,"damage_taken":0.0},{"damage_healed":0.0,"max_hp_gain":0.0,"max_hp_loss":0.0,"gold_gain":0.0,"event_name":"Duplicator","player_choice":"Copied","floor":31.0,"gold_loss":0.0,"damage_taken":0.0,"cards_obtained":["Infinite Blades"]},{"damage_healed":0.0,"max_hp_gain":0.0,"max_hp_loss":0.0,"gold_gain":0.0,"cards_transformed":["Prepared"],"event_name":"Transmorgrifier","player_choice":"Transformed","floor":48.0,"gold_loss":0.0,"damage_taken":0.0,"cards_obtained":["Eviscerate"]}],"is_beta":true,"boss_relics":[{"not_picked":["Ectoplasm","Lizard Tail"],"picked":"Pandora\u0027s Box"},{"not_picked":["Black Star","Runic Pyramid"],"picked":"Busted Crown"}],"items_purged_floors":[27],"is_endless":false,"potions_floor_spawned":[6,14,16,19,21,28,33,36,41,46],"killed_by":"The Heart","ascension_level":15}