{"gold_per_floor":[14,14,14,14,33,33,50,50,75,75,55,55,82,102,102,174,174,144,144,167,179,206,218,230],"floor_reached":24,"playtime":852,"items_purged":[],"score":384,"play_id":"a9e10aa3-e2d0-472b-990d-3815933130f6","local_time":"20190306153014","is_ascension_mode":true,"campfire_choices":[{"data":"Deadly Poison","floor":6,"key":"SMITH"},{"data":"Catalyst","floor":8,"key":"SMITH"},{"data":"Caltrops","floor":10,"key":"SMITH"},{"data":"Deflect","floor":12,"key":"SMITH"},{"data":"Malaise","floor":15,"key":"SMITH"},{"data":"Catalyst","floor":23,"key":"SMITH"}],"neow_cost":"NO_GOLD","seed_source_timestamp":571343363734178,"circlet_count":0,"master_deck":["AscendersBane","Defend_G","Defend_G","Defend_G","Defend_G","Defend_G","Strike_G","Strike_G","Strike_G","Strike_G","Survivor","Neutralize+1","Deadly Poison+1","Caltrops+1","Deflect+1","Blur","Catalyst+1","Expertise","Malaise+1","Heel Hook","Night Terror","Deadly Poison","PiercingWail","Catalyst+1","Calculated Gamble"],"relics":["Ring of the Snake","Prayer Wheel","Bronze Scales","Strawberry","Coffee Dripper","MawBank"],"potions_floor_usage":[11,13],"damage_taken":[{"damage":0,"enemies":"2 Louse","floor":1,"turns":4},{"damage":0,"enemies":"Cultist","floor":5,"turns":4},{"damage":1,"enemies":"Jaw Worm","floor":7,"turns":4},{"damage":5,"enemies":"Lagavulin","floor":13,"turns":7},{"damage":15,"enemies":"Lots of Slimes","floor":14,"turns":4},{"damage":13,"enemies":"The Guardian","floor":16,"turns":8},{"damage":15,"enemies":"2 Thieves","floor":18,"turns":4},{"damage":5,"enemies":"3 Byrds","floor":22,"turns":3},{"damage":54,"enemies":"Slavers","floor":24,"turns":3}],"seed_played":"1799230934244228330","potions_obtained":[{"floor":5,"key":"GamblersBrew"},{"floor":11,"key":"Fruit Juice"},{"floor":13,"key":"Fire Potion"},{"floor":14,"key":"Energy Potion"}],"is_trial":false,"path_per_floor":["M","?","?","?","M","R","M","R","T","R","?","R","E","M","R","B",null,"M","$","T","$","M","R","E"],"character_chosen":"THE_SILENT","items_purchased":[],"campfire_rested":0,"item_purchase_floors":[],"current_hp_per_floor":[59,59,59,59,59,59,58,58,58,58,63,63,65,50,50,37,68,53,53,53,53,48,48,0],"gold":230,"neow_bonus":"ONE_RARE_RELIC","is_prod":false,"is_daily":false,"chose_seed":false,"campfire_upgraded":6,"win_rate":0,"timestamp":1551853814,"path_taken":["M","?","?","?","?","R","?","R","T","R","?","R","E","M","R","BOSS","M","$","?","$","M","R","E"],"build_version":"2019-02-06","purchased_purges":0,"victory":false,"max_hp_per_floor":[66,66,66,66,66,66,66,66,66,66,71,71,78,78,78,78,78,78,78,78,78,78,78,78],"card_choices":[{"not_picked":["Expertise","Flying Knee"],"picked":"Deadly Poison","floor":1},{"not_picked":["Slice","Dagger Throw","Choke"],"picked":"SKIP","floor":1},{"not_picked":["Slice","Dagger Throw","Choke"],"picked":"SKIP","floor":1},{"not_picked":["Sucker Punch","Reflex"],"picked":"Caltrops","floor":5},{"not_picked":["Skewer","Reflex"],"picked":"Deflect","floor":5},{"not_picked":["Flechettes","Riddle With Holes"],"picked":"Blur","floor":7},{"not_picked":["Dodge and Roll","Deflect"],"picked":"Catalyst","floor":7},{"not_picked":["Infinite Blades","Sucker Punch"],"picked":"Expertise","floor":13},{"not_picked":["Flechettes","Cloak And Dagger"],"picked":"Malaise","floor":14},{"not_picked":["Prepared","Masterful Stab"],"picked":"Heel Hook","floor":14},{"not_picked":["Phantasmal Killer","Venomology"],"picked":"Night Terror","floor":16},{"not_picked":["Dagger Spray","Sucker Punch"],"picked":"Deadly Poison","floor":18},{"not_picked":["Predator","Eviscerate"],"picked":"PiercingWail","floor":18},{"not_picked":["Cloak And Dagger+1","Calculated Gamble"],"picked":"Catalyst","floor":22},{"not_picked":["Heel Hook","Poisoned Stab+1"],"picked":"Calculated Gamble","floor":22}],"player_experience":2640893,"relics_obtained":[{"floor":9,"key":"Bronze Scales"},{"floor":13,"key":"Strawberry"},{"floor":20,"key":"MawBank"}],"event_choices":[{"damage_healed":0,"gold_gain":0,"player_choice":"Leave","damage_taken":0,"max_hp_gain":0,"max_hp_loss":0,"event_name":"The Cleric","floor":2,"gold_loss":0},{"cards_removed":["Strike_G"],"damage_healed":0,"gold_gain":0,"player_choice":"Forget","damage_taken":0,"max_hp_gain":0,"max_hp_loss":0,"event_name":"Living Wall","floor":3,"gold_loss":0},{"damage_healed":0,"gold_gain":0,"player_choice":"Upgraded","damage_taken":0,"max_hp_gain":0,"max_hp_loss":0,"event_name":"Upgrade Shrine","floor":4,"gold_loss":0,"cards_upgraded":["Neutralize"]},{"damage_healed":0,"gold_gain":0,"player_choice":"Bought 1 Potion","damage_taken":0,"max_hp_gain":0,"max_hp_loss":0,"event_name":"The Woman in Blue","floor":11,"gold_loss":0}],"is_beta":true,"boss_relics":[{"not_picked":["Philosopher\u0027s Stone","Velvet Choker"],"picked":"Coffee Dripper"}],"items_purged_floors":[],"is_endless":false,"potions_floor_spawned":[5,13,14,18],"killed_by":"Slavers","ascension_level":20}