{"gold_per_floor":[117,117,135,9,9,9,28,48,48,0,0,11,23,23,23,23],"floor_reached":16,"playtime":288,"items_purged":["Strike_B"],"score":184,"play_id":"bf7289cb-75e1-4075-bf78-1f330f6bfea5","local_time":"20190430012202","is_ascension_mode":true,"campfire_choices":[{"data":"Dualcast","floor":6,"key":"SMITH"},{"data":"Zap","floor":11,"key":"SMITH"},{"data":"Deep Breath","floor":15,"key":"SMITH"}],"neow_cost":"PERCENT_DAMAGE","seed_source_timestamp":771595776120000,"circlet_count":0,"master_deck":["AscendersBane","Strike_B","Strike_B","Defend_B","Defend_B","Defend_B","Defend_B","Zap+1","Dualcast+1","Deep Breath+1","Panache","Chaos","Ball Lightning","Gash","All For One","FTL"],"relics":["Cracked Core"],"potions_floor_usage":[12,16],"damage_taken":[{"damage":10,"enemies":"Small Slimes","floor":1,"turns":4},{"damage":1,"enemies":"Cultist","floor":3,"turns":4},{"damage":0,"enemies":"2 Louse","floor":7,"turns":3},{"damage":7,"enemies":"2 Fungi Beasts","floor":8,"turns":4},{"damage":11,"enemies":"3 Louse","floor":12,"turns":3},{"damage":0,"enemies":"Red Slaver","floor":13,"turns":1},{"damage":17,"enemies":"The Guardian","floor":16,"turns":7}],"seed_played":"3634294898420934282","potions_obtained":[{"floor":1,"key":"PowerPotion"},{"floor":7,"key":"SpeedPotion"},{"floor":14,"key":"SteroidPotion"}],"is_trial":false,"path_per_floor":["M","?","M","$","?","R","M","M","T","?","R","M","M","?","R","B"],"character_chosen":"DEFECT","items_purchased":["Gash"],"campfire_rested":0,"item_purchase_floors":[4],"current_hp_per_floor":[36,36,35,35,35,35,35,28,28,28,28,17,17,17,17,0],"gold":23,"neow_bonus":"RANDOM_COLORLESS_2","is_prod":false,"is_daily":false,"chose_seed":false,"campfire_upgraded":3,"win_rate":0,"timestamp":1556554922,"path_taken":["M","?","?","?","?","R","M","M","T","?","R","M","M","?","R","BOSS"],"build_version":"2019-01-23","purchased_purges":1,"victory":false,"max_hp_per_floor":[71,71,71,71,71,71,71,71,71,71,71,71,71,71,71,71],"card_choices":[{"not_picked":["Cold Snap","Leap"],"picked":"Chaos","floor":1},{"not_picked":["Redo","Rebound"],"picked":"Ball Lightning","floor":3},{"not_picked":["Coolheaded","Conserve Battery"],"picked":"All For One","floor":7},{"not_picked":["Streamline","Stack","Ball Lightning"],"picked":"SKIP","floor":8},{"not_picked":["Conserve Battery","Lockon"],"picked":"FTL","floor":12},{"not_picked":["Tempest","Creative AI","Stack"],"picked":"SKIP","floor":13}],"player_experience":4871925,"relics_obtained":[],"event_choices":[{"cards_removed":["Strike_B"],"damage_healed":0,"gold_gain":0,"player_choice":"Purged","damage_taken":0,"max_hp_gain":0,"max_hp_loss":0,"event_name":"Purifier","floor":2,"gold_loss":0},{"damage_healed":0,"gold_gain":0,"player_choice":"Fled","damage_taken":0,"max_hp_gain":0,"max_hp_loss":0,"event_name":"Scrap Ooze","floor":5,"gold_loss":0},{"damage_healed":0,"gold_gain":0,"player_choice":"Left Gold","damage_taken":0,"max_hp_gain":0,"max_hp_loss":0,"event_name":"World of Goop","floor":10,"gold_loss":48},{"damage_healed":0,"gold_gain":0,"player_choice":"Got Potions","damage_taken":0,"max_hp_gain":0,"max_hp_loss":0,"event_name":"Lab","floor":14,"gold_loss":0}],"is_beta":false,"boss_relics":[],"items_purged_floors":[4],"is_endless":false,"potions_floor_spawned":[1,7],"killed_by":"The Guardian","ascension_level":20}