{"gold_per_floor":[119,194,205,258,103,103,103,121,144,159,175,190,190,200,200,296,296,310,323,323,323,16,16,16,26,26,43,63,63],"floor_reached":29,"playtime":1538,"items_purged":["Defend_R"],"score":263,"play_id":"76c8ee0d-4868-4e70-82c2-0b654933b644","local_time":"20190101112039","is_ascension_mode":true,"campfire_choices":[{"data":"Perfected Strike","floor":6,"key":"SMITH"},{"data":"Perfected Strike","floor":13,"key":"SMITH"},{"data":"True Grit","floor":15,"key":"SMITH"},{"data":"Bash","floor":23,"key":"SMITH"}],"neow_cost":"NONE","seed_source_timestamp":826912594074350,"circlet_count":0,"master_deck":["Strike_R","Strike_R","Strike_R","Strike_R","Strike_R","Defend_R","Defend_R","Defend_R","Bash+1","Finesse","Perfected Strike+1","Ghostly Armor+1","Battle Trance+1","True Grit+1","Perfected Strike+1","Bloodletting","Reaper","Demon Form","Metallicize+1","Perfected Strike","Thunderclap"],"relics":["Burning Blood","Regal Pillow","Omamori","Runic Pyramid","Paper Frog"],"potions_floor_usage":[16,18,25,25],"damage_taken":[{"damage":6,"enemies":"2 Louse","floor":1,"turns":3},{"damage":2,"enemies":"Jaw Worm","floor":3,"turns":4},{"damage":0,"enemies":"Small Slimes","floor":8,"turns":3},{"damage":0,"enemies":"3 Louse","floor":10,"turns":3},{"damage":0,"enemies":"Exordium Wildlife","floor":11,"turns":2},{"damage":1,"enemies":"Looter","floor":12,"turns":3},{"damage":1,"enemies":"3 Louse","floor":14,"turns":3},{"damage":49,"enemies":"The Guardian","floor":16,"turns":10},{"damage":35,"enemies":"2 Thieves","floor":18,"turns":4},{"damage":9,"enemies":"Chosen","floor":19,"turns":6},{"damage":29,"enemies":"Sentry and Sphere","floor":25,"turns":6},{"damage":19,"enemies":"Snake Plant","floor":27,"turns":3},{"damage":28,"enemies":"Snecko","floor":28,"turns":5},{"damage":15,"enemies":"Slavers","floor":29,"turns":1}],"seed_played":"5423733606520529795","potions_obtained":[{"floor":1,"key":"Regen Potion"},{"floor":3,"key":"FearPotion"},{"floor":8,"key":"SkillPotion"},{"floor":14,"key":"Strength Potion"},{"floor":18,"key":"Dexterity Potion"}],"is_trial":false,"path_per_floor":["M","?","M","T","$","R","?","M","T","M","M","M","R","M","R","B",null,"M","M","?","?","$","R","$","M","T","M","M","E"],"character_chosen":"IRONCLAD","items_purchased":["Battle Trance","Perfected Strike","Paper Frog"],"campfire_rested":0,"item_purchase_floors":[5,22,22],"current_hp_per_floor":[80,69,73,73,73,73,57,63,63,69,75,80,80,80,80,37,80,55,52,52,52,52,52,52,44,44,31,13,0],"gold":63,"neow_bonus":"RANDOM_COLORLESS","is_prod":false,"is_daily":false,"chose_seed":false,"campfire_upgraded":4,"win_rate":0,"timestamp":1546309239,"path_taken":["M","?","M","?","$","R","?","M","T","M","M","M","R","M","R","BOSS","M","M","?","?","?","R","$","M","T","M","M","E"],"build_version":"2018-12-20","purchased_purges":1,"victory":false,"max_hp_per_floor":[80,80,80,80,80,80,80,80,80,80,80,80,80,80,80,80,80,80,80,80,80,80,80,80,80,80,80,80,80],"card_choices":[{"not_picked":["Warcry","Second Wind"],"picked":"Perfected Strike","floor":1},{"not_picked":["Iron Wave","Shrug It Off"],"picked":"Ghostly Armor","floor":3},{"not_picked":["Battle Trance","Body Slam"],"picked":"True Grit","floor":8},{"not_picked":["Body Slam","Reckless Charge"],"picked":"Perfected Strike","floor":10},{"not_picked":["Thunderclap","Uppercut","Body Slam"],"picked":"SKIP","floor":11},{"not_picked":["Wild Strike","Anger"],"picked":"Bloodletting","floor":12},{"not_picked":["Corruption","Thunderclap"],"picked":"Reaper","floor":14},{"not_picked":["Fiend Fire","Exhume"],"picked":"Demon Form","floor":16},{"not_picked":["Clothesline","Clash"],"picked":"Metallicize+1","floor":18},{"not_picked":["Warcry","Bloodletting","Uppercut"],"picked":"SKIP","floor":19},{"not_picked":["Heavy Blade","Flex"],"picked":"Thunderclap","floor":25},{"not_picked":["Evolve","Immolate","Heavy Blade+1"],"picked":"SKIP","floor":27},{"not_picked":["Cleave","Dropkick","Thunderclap"],"picked":"SKIP","floor":28}],"player_experience":306227,"relics_obtained":[{"floor":4,"key":"Regal Pillow"},{"floor":9,"key":"Omamori"}],"event_choices":[{"damage_healed":0,"gold_gain":75,"player_choice":"Gather Gold","damage_taken":11,"max_hp_gain":0,"max_hp_loss":0,"event_name":"World of Goop","floor":2,"gold_loss":0},{"damage_healed":0,"gold_gain":0,"player_choice":"Entered Light","damage_taken":16,"max_hp_gain":0,"max_hp_loss":0,"event_name":"Shining Light","floor":7,"gold_loss":0,"cards_upgraded":["Ghostly Armor","Battle Trance"]},{"damage_healed":0,"gold_gain":0,"player_choice":"Ignored","damage_taken":0,"max_hp_gain":0,"max_hp_loss":0,"event_name":"Beggar","floor":20,"gold_loss":0},{"damage_healed":0,"gold_gain":0,"player_choice":"Ignored","damage_taken":0,"max_hp_gain":0,"max_hp_loss":0,"event_name":"Ghosts","floor":21,"gold_loss":0}],"is_beta":false,"boss_relics":[{"not_picked":["Fusion Hammer","Astrolabe"],"picked":"Runic Pyramid"}],"items_purged_floors":[5],"is_endless":false,"potions_floor_spawned":[1,3,8,11,14,18],"killed_by":"Slavers","ascension_level":4}