{"gold_per_floor":[113,113,113,113,123,153,164,164,190,222,222,98,173,183,183,258,258,273,262,275,288,77,77,96,20,43,43,43,78,96,96,96,96],"floor_reached":33,"playtime":1735,"items_purged":[],"score":540,"play_id":"54fbee23-92a2-4592-91a7-eed8f8ec28a2","local_time":"20190514185239","is_ascension_mode":true,"campfire_choices":[{"data":"Perfected Strike","floor":8,"key":"SMITH"},{"data":"Feel No Pain","floor":11,"key":"SMITH"},{"floor":15,"key":"REST"},{"floor":23,"key":"REST"},{"floor":27,"key":"REST"},{"floor":32,"key":"REST"}],"neow_cost":"NONE","seed_source_timestamp":2854818764451137,"circlet_count":0,"master_deck":["AscendersBane","Strike_R","Strike_R","Strike_R","Strike_R","Strike_R","Defend_R+1","Defend_R+1","Defend_R+1","Defend_R+1","Bash","Flex","Perfected Strike+1","Shrug It Off","Feel No Pain+1","Havoc","Infernal Blade","Sever Soul","Warcry","Dark Embrace","Shockwave","Perfected Strike","Infernal Blade","Headbutt","Infernal Blade","Feel No Pain","Carnage","Headbutt+1","Corruption","Limit Break","Pommel Strike"],"relics":["Burning Blood","NeowsBlessing","Omamori","Pen Nib","Paper Frog","War Paint","Blue Candle","Mark of Pain","Red Skull","MutagenicStrength","Bag of Preparation","Smiling Mask"],"potions_floor_usage":[16,21,21,33],"damage_taken":[{"damage":0,"enemies":"Jaw Worm","floor":1,"turns":1},{"damage":0,"enemies":"Small Slimes","floor":5,"turns":1},{"damage":0,"enemies":"Lagavulin","floor":6,"turns":1},{"damage":1,"enemies":"2 Louse","floor":7,"turns":3},{"damage":13,"enemies":"3 Sentries","floor":10,"turns":8},{"damage":13,"enemies":"Blue Slaver","floor":14,"turns":3},{"damage":54,"enemies":"Slime Boss","floor":16,"turns":13},{"damage":5,"enemies":"Chosen","floor":18,"turns":5},{"damage":16,"enemies":"2 Thieves","floor":19,"turns":4},{"damage":10,"enemies":"Snecko","floor":20,"turns":5},{"damage":6,"enemies":"Snake Plant","floor":21,"turns":3},{"damage":31,"enemies":"Shelled Parasite and Fungi","floor":24,"turns":5},{"damage":44,"enemies":"Gremlin Leader","floor":29,"turns":5},{"damage":8,"enemies":"Cultist and Chosen","floor":30,"turns":3},{"damage":64,"enemies":"Automaton","floor":33,"turns":6}],"seed_played":"-5393031626707082008","potions_obtained":[{"floor":1,"key":"LiquidBronze"},{"floor":7,"key":"SteroidPotion"},{"floor":16,"key":"LiquidBronze"},{"floor":30,"key":"FearPotion"}],"is_trial":false,"path_per_floor":["M","?","?","?","M","E","M","R","T","E","R","$","?","M","R","B",null,"M","M","M","M","$","R","M","$","T","R","?","E","M","?","R","B"],"character_chosen":"IRONCLAD","items_purchased":["Infernal Blade","Sever Soul","Infernal Blade","Feel No Pain","Carnage","Corruption"],"campfire_rested":4,"item_purchase_floors":[12,12,22,22,22,25],"current_hp_per_floor":[74,51,46,46,52,58,63,63,63,56,56,56,45,38,60,12,59,60,50,46,46,46,68,43,43,43,65,65,27,25,25,47,0],"gold":96,"neow_bonus":"THREE_ENEMY_KILL","is_prod":false,"is_daily":false,"chose_seed":false,"campfire_upgraded":2,"win_rate":0,"timestamp":1557849159,"path_taken":["M","?","?","?","M","E","M","R","T","E","R","$","?","M","R","BOSS","M","M","M","M","$","R","M","$","T","R","?","E","M","?","R","BOSS"],"build_version":"2019-01-23","purchased_purges":0,"victory":false,"max_hp_per_floor":[75,75,75,75,75,75,75,75,75,75,75,75,75,75,75,75,75,75,75,75,75,75,75,75,75,75,75,75,75,75,75,75,75],"card_choices":[{"not_picked":["Hemokinesis","Whirlwind"],"picked":"Flex","floor":1},{"not_picked":["Cleave","Iron Wave"],"picked":"Perfected Strike","floor":5},{"not_picked":["Headbutt","Evolve"],"picked":"Shrug It Off","floor":6},{"not_picked":["Thunderclap","Wild Strike"],"picked":"Feel No Pain","floor":7},{"not_picked":["Clash","Headbutt"],"picked":"Havoc","floor":10},{"not_picked":["Rampage","Armaments"],"picked":"Warcry","floor":14},{"not_picked":["Demon Form","Impervious"],"picked":"Dark Embrace","floor":16},{"not_picked":["Headbutt","Body Slam"],"picked":"Shockwave","floor":18},{"not_picked":["Iron Wave","Flex"],"picked":"Perfected Strike","floor":19},{"not_picked":["Uppercut","Sword Boomerang"],"picked":"Infernal Blade","floor":20},{"not_picked":["Twin Strike","Anger"],"picked":"Headbutt","floor":21},{"not_picked":["Twin Strike","Combust"],"picked":"Headbutt+1","floor":24},{"not_picked":["Anger+1","Perfected Strike"],"picked":"Limit Break","floor":29},{"not_picked":["Blood for Blood","Reckless Charge"],"picked":"Pommel Strike","floor":30}],"player_experience":1358857,"relics_obtained":[{"floor":6,"key":"Paper Frog"},{"floor":9,"key":"War Paint"},{"floor":10,"key":"Blue Candle"},{"floor":26,"key":"Red Skull"},{"floor":29,"key":"Bag of Preparation"}],"event_choices":[{"damage_healed":0,"gold_gain":0,"player_choice":"Entered Light","damage_taken":23,"max_hp_gain":0,"max_hp_loss":0,"event_name":"Shining Light","floor":2,"gold_loss":0,"cards_upgraded":["Defend_R","Defend_R"]},{"damage_healed":0,"gold_gain":0,"player_choice":"Success","damage_taken":5,"relics_obtained":["Omamori"],"max_hp_gain":0,"max_hp_loss":0,"event_name":"Scrap Ooze","floor":3,"gold_loss":0},{"damage_healed":0,"gold_gain":0,"player_choice":"Box","damage_taken":0,"relics_obtained":["Pen Nib"],"max_hp_gain":0,"max_hp_loss":0,"event_name":"Big Fish","floor":4,"gold_loss":0,"cards_obtained":["Regret"]},{"damage_healed":0,"gold_gain":75,"player_choice":"Gather Gold","damage_taken":11,"max_hp_gain":0,"max_hp_loss":0,"event_name":"World of Goop","floor":13,"gold_loss":0},{"damage_healed":0,"gold_gain":0,"player_choice":"Inject Mutagens","damage_taken":0,"relics_obtained":["MutagenicStrength"],"max_hp_gain":0,"max_hp_loss":0,"event_name":"Drug Dealer","floor":28,"gold_loss":0},{"damage_healed":0,"gold_gain":0,"player_choice":"Opened","damage_taken":0,"relics_obtained":["Smiling Mask"],"max_hp_gain":0,"max_hp_loss":0,"event_name":"The Mausoleum","floor":31,"gold_loss":0,"cards_obtained":["Writhe"]}],"is_beta":false,"boss_relics":[{"not_picked":["Black Blood","Empty Cage"],"picked":"Mark of Pain"}],"items_purged_floors":[],"is_endless":false,"potions_floor_spawned":[1,7,10,16,19,20,30],"killed_by":"Automaton","ascension_level":16}