{"gold_per_floor":[11,22,22,37,2,2,15,15,15,15,30,61,74,86,86,188,188,201,201,217,217,227,227,227,227,227,26,55,66,86,86],"floor_reached":31,"playtime":1434,"items_purged":[],"score":259,"play_id":"694566af-c635-44bf-9e4a-fde425b19a90","local_time":"20190602132901","is_ascension_mode":false,"campfire_choices":[{"floor":6,"key":"RECALL"},{"data":"Armaments","floor":8,"key":"SMITH"},{"data":"Flex","floor":10,"key":"SMITH"},{"floor":15,"key":"REST"},{"data":"Jack Of All Trades","floor":23,"key":"SMITH"},{"data":"Rampage","floor":25,"key":"SMITH"}],"neow_cost":"NO_GOLD","seed_source_timestamp":607244882135800,"circlet_count":0,"master_deck":["Strike_R","Strike_R","Strike_R","Strike_R","Strike_R","Defend_R","Defend_R","Defend_R","Defend_R","Bash","Jack Of All Trades+1","Finesse","Rampage+1","Armaments+1","Perfected Strike","Hemokinesis","Flex+1","Sword Boomerang","Rage","Flame Barrier","Disarm","Demon Form+1","Shrug It Off","Necronomicurse","Thunderclap","Flame Barrier+1","Flex+1","Armaments+1","Cleave+1","Body Slam","Second Wind"],"relics":["Burning Blood","StoneCalendar","Red Skull","Eternal Feather","Necronomicon","Paper Frog","DollysMirror","Smiling Mask"],"potions_floor_usage":[11,16,31],"damage_taken":[{"damage":2,"enemies":"Jaw Worm","floor":1,"turns":3},{"damage":1,"enemies":"Cultist","floor":2,"turns":4},{"damage":12,"enemies":"Small Slimes","floor":4,"turns":5},{"damage":11,"enemies":"Looter","floor":7,"turns":3},{"damage":0,"enemies":"Lots of Slimes","floor":11,"turns":2},{"damage":23,"enemies":"Lagavulin","floor":12,"turns":5},{"damage":7,"enemies":"Blue Slaver","floor":13,"turns":3},{"damage":6,"enemies":"Gremlin Gang","floor":14,"turns":4},{"damage":22,"enemies":"Slime Boss","floor":16,"turns":8},{"damage":15,"enemies":"Shell Parasite","floor":18,"turns":7},{"damage":3,"enemies":"3 Byrds","floor":20,"turns":5},{"damage":14,"enemies":"Cultist and Chosen","floor":22,"turns":7},{"damage":29,"enemies":"Book of Stabbing","floor":28,"turns":6},{"damage":21,"enemies":"Snake Plant","floor":29,"turns":4},{"damage":39,"enemies":"Sentry and Sphere","floor":30,"turns":6},{"damage":15,"enemies":"Centurion and Healer","floor":31,"turns":2}],"seed_played":"-3655022034057762303","potions_obtained":[{"floor":4,"key":"Explosive Potion"},{"floor":13,"key":"EssenceOfSteel"},{"floor":16,"key":"EssenceOfSteel"},{"floor":22,"key":"SpeedPotion"},{"floor":29,"key":"LiquidBronze"}],"is_trial":false,"path_per_floor":["M","M","?","M","$","R","M","R","T","R","M","E","M","M","R","B",null,"M","?","M","?","M","R","?","R","T","$","E","M","M","M"],"character_chosen":"IRONCLAD","items_purchased":["Hemokinesis","DollysMirror"],"campfire_rested":1,"item_purchase_floors":[5,27],"current_hp_per_floor":[80,80,80,74,74,74,69,69,69,69,75,58,57,57,80,64,80,71,55,58,58,50,65,65,80,80,80,57,42,9,0],"gold":86,"neow_bonus":"RANDOM_COLORLESS_2","is_prod":false,"is_daily":false,"chose_seed":false,"campfire_upgraded":4,"win_rate":0,"timestamp":1559500141,"path_taken":["M","M","?","M","$","R","?","R","T","R","M","E","M","M","R","BOSS","M","?","M","?","?","R","?","R","T","$","E","?","M","M"],"build_version":"2019-01-23","purchased_purges":0,"victory":false,"max_hp_per_floor":[80,80,80,80,80,80,80,80,80,80,80,80,80,80,80,80,80,80,80,80,80,80,80,80,80,80,80,80,80,80,80],"card_choices":[{"not_picked":["Shrug It Off","Intimidate"],"picked":"Rampage","floor":1},{"not_picked":["Pommel Strike","Metallicize"],"picked":"Armaments","floor":2},{"not_picked":["Clash","Wild Strike"],"picked":"Perfected Strike","floor":4},{"not_picked":["Reckless Charge","Wild Strike"],"picked":"Flex","floor":7},{"not_picked":["Seeing Red","Havoc"],"picked":"Sword Boomerang","floor":11},{"not_picked":["Barricade","Cleave"],"picked":"Rage","floor":12},{"not_picked":["Perfected Strike","Anger"],"picked":"Flame Barrier","floor":13},{"not_picked":["Havoc","Sword Boomerang"],"picked":"Disarm","floor":14},{"not_picked":["Immolate","Juggernaut"],"picked":"Demon Form","floor":16},{"not_picked":["Carnage","Shockwave"],"picked":"Shrug It Off","floor":18},{"not_picked":["Cleave","True Grit+1"],"picked":"Thunderclap","floor":20},{"not_picked":["Sever Soul","Warcry+1"],"picked":"Flame Barrier+1","floor":22},{"not_picked":["Hemokinesis","Iron Wave"],"picked":"Cleave+1","floor":28},{"not_picked":["Entrench","Headbutt"],"picked":"Body Slam","floor":29},{"not_picked":["Pommel Strike","Bloodletting"],"picked":"Second Wind","floor":30}],"player_experience":453589,"relics_obtained":[{"floor":3,"key":"StoneCalendar"},{"floor":12,"key":"Red Skull"},{"floor":19,"key":"Necronomicon"},{"floor":26,"key":"Paper Frog"},{"floor":28,"key":"Smiling Mask"}],"event_choices":[{"damage_healed":0,"gold_gain":0,"player_choice":"Relic","damage_taken":0,"max_hp_gain":0,"max_hp_loss":0,"event_name":"Wheel of Change","floor":3,"gold_loss":0},{"damage_healed":0,"gold_gain":0,"player_choice":"Obtained Book","damage_taken":16,"max_hp_gain":0,"max_hp_loss":0,"event_name":"Cursed Tome","floor":19,"gold_loss":0},{"damage_healed":0,"gold_gain":0,"player_choice":"Upgraded","damage_taken":0,"max_hp_gain":0,"max_hp_loss":0,"event_name":"Upgrade Shrine","floor":21,"gold_loss":0,"cards_upgraded":["Demon Form"]},{"damage_healed":0,"gold_gain":0,"player_choice":"Copied","damage_taken":0,"max_hp_gain":0,"max_hp_loss":0,"event_name":"Duplicator","floor":24,"gold_loss":0,"cards_obtained":["Flex"]}],"is_beta":false,"boss_relics":[{"not_picked":["Coffee Dripper","Orrery"],"picked":"Eternal Feather"}],"items_purged_floors":[],"is_endless":false,"potions_floor_spawned":[4,13,16,22,29],"killed_by":"Centurion and Healer","ascension_level":0}