{"gold_per_floor":[19,36,55,69,84,84,113,113,113,127,155,172,183,194,194,266,266,278,5,16,27,38,67,81,111,162,175,187,197,210,245,245,316,316,334,352,352,368,384,419,419,430,430,36,52,64,98,118,118,118,118,118,118,43,69,69],"floor_reached":57,"playtime":2064,"items_purged":["Strike_B"],"score":2979,"play_id":"905c05f8-5ce3-4849-b6a1-00a734c37f9a","local_time":"20190427025616","is_ascension_mode":true,"campfire_choices":[{"data":"Dualcast","floor":6.0,"key":"SMITH"},{"data":"Self Repair","floor":8.0,"key":"SMITH"},{"data":"Conserve Battery","floor":15.0,"key":"SMITH"},{"floor":32,"key":"RECALL"},{"data":"Force Field","floor":41,"key":"SMITH"},{"data":"Amplify","floor":49,"key":"SMITH"},{"data":"Turbo","floor":53,"key":"SMITH"}],"neow_cost":"NO_GOLD","seed_source_timestamp":516230219180500,"circlet_count":0,"master_deck":["AscendersBane","Strike_B","Strike_B","Defend_B","Defend_B","Defend_B","Defend_B","Zap","Dualcast+1","Darkness","Rip and Tear","Conserve Battery+1","Electrodynamics","Hologram","Self Repair+1","Storm+1","Heatsinks+1","Static Discharge+1","Hello World+1","Biased Cognition+1","Force Field+1","Heatsinks+1","Static Discharge+1","Static Discharge+1","White Noise","Defragment+1","Heatsinks+1","Chill","Turbo+1","Static Discharge+1","Static Discharge+1","Machine Learning+1","Turbo","Loop+1","Force Field","Storm+1","Buffer+1","Self Repair+1","Thunder Strike","Chill+1","Self Repair+1","Self Repair+1","Capacitor+1","Hello World+1","Loop+1","Storm+1","Amplify+1","Storm+1","Turbo+1","Recycle+1","White Noise"],"special_seed":0,"relics":["Cracked Core","Bird Faced Urn","Shuriken","Frozen Egg 2","Prayer Wheel","Orrery","Mummified Hand","Bottled Lightning","Lantern","Cables","Lizard Tail","Calipers","Molten Egg 2","DollysMirror","Anchor","Pear"],"potions_floor_usage":[56,56],"damage_taken":[{"damage":1.0,"enemies":"Cultist","floor":1.0,"turns":3.0},{"damage":7.0,"enemies":"2 Louse","floor":2.0,"turns":3.0},{"damage":4.0,"enemies":"Small Slimes","floor":3.0,"turns":3.0},{"damage":4.0,"enemies":"Blue Slaver","floor":4.0,"turns":3.0},{"damage":0.0,"enemies":"2 Fungi Beasts","floor":5.0,"turns":2.0},{"damage":0.0,"enemies":"3 Sentries","floor":7.0,"turns":4.0},{"damage":12.0,"enemies":"Lots of Slimes","floor":10.0,"turns":2.0},{"damage":22.0,"enemies":"Lagavulin","floor":11.0,"turns":7.0},{"damage":25.0,"enemies":"Large Slime","floor":12.0,"turns":5.0},{"damage":13.0,"enemies":"Blue Slaver","floor":13.0,"turns":2.0},{"damage":16.0,"enemies":"Red Slaver","floor":14.0,"turns":3.0},{"damage":20.0,"enemies":"Hexaghost","floor":16.0,"turns":6.0},{"damage":0.0,"enemies":"Spheric Guardian","floor":18.0,"turns":3.0},{"damage":9,"enemies":"2 Thieves","floor":20,"turns":2},{"damage":2,"enemies":"Snake Plant","floor":21,"turns":2},{"damage":0,"enemies":"Snecko","floor":22,"turns":3},{"damage":30,"enemies":"Book of Stabbing","floor":23,"turns":4},{"damage":17,"enemies":"Centurion and Healer","floor":24,"turns":3},{"damage":31,"enemies":"Slavers","floor":25,"turns":2},{"damage":0,"enemies":"Chosen and Byrds","floor":27,"turns":2},{"damage":6,"enemies":"Sentry and Sphere","floor":28,"turns":2},{"damage":24,"enemies":"Snake Plant","floor":29,"turns":2},{"damage":14,"enemies":"Centurion and Healer","floor":30,"turns":2},{"damage":10,"enemies":"Gremlin Leader","floor":31,"turns":3},{"damage":6,"enemies":"Automaton","floor":33,"turns":3},{"damage":9,"enemies":"3 Darklings","floor":35,"turns":2},{"damage":9,"enemies":"Orb Walker","floor":36,"turns":3},{"damage":14,"enemies":"Writhing Mass","floor":38,"turns":3},{"damage":0,"enemies":"Sphere and 2 Shapes","floor":39,"turns":3},{"damage":19,"enemies":"Nemesis","floor":40,"turns":5},{"damage":0,"enemies":"Transient","floor":42,"turns":6},{"damage":4,"enemies":"Jaw Worm Horde","floor":45,"turns":3},{"damage":0,"enemies":"Spire Growth","floor":46,"turns":2},{"damage":28,"enemies":"Reptomancer","floor":47,"turns":4},{"damage":0,"enemies":"Transient","floor":48,"turns":3},{"damage":18,"enemies":"Awakened One","floor":50,"turns":3},{"damage":4,"enemies":"Donu and Deca","floor":51,"turns":2},{"damage":13,"enemies":"Shield and Spear","floor":55,"turns":2},{"damage":68,"enemies":"The Heart","floor":56,"turns":4}],"seed_played":"-4230499048223760049","potions_obtained":[{"floor":4.0,"key":"Poison Potion"},{"floor":5.0,"key":"Block Potion"},{"floor":10.0,"key":"GamblersBrew"},{"floor":16.0,"key":"Ancient Potion"},{"floor":31,"key":"PowerPotion"},{"floor":35,"key":"Energy Potion"}],"is_trial":false,"path_per_floor":["M","M","M","M","M","R","E","R","T","M","E","M","M","M","R","B",null,"M","$","M","M","M","E","M","E","T","M","M","M","M","E","R","B",null,"M","M","?","M","M","E","R","M","T","$","M","M","E","M","R","B","B",null,"R","$","E","B",null],"character_chosen":"DEFECT","items_purchased":["Mummified Hand","DollysMirror","Amplify"],"campfire_rested":0,"item_purchase_floors":[19,44,44],"current_hp_per_floor":[63,56,52,48,50,50,52,52,52,54,46,35,38,40,40,40,63,71,71,71,71,71,51,66,58,58,71,65,57,61,71,71,71,71,71,68,68,71,71,71,71,71,71,71,71,71,71,71,71,71,71,71,71,71,81,81],"gold":69,"neow_bonus":"ONE_RARE_RELIC","is_prod":false,"is_daily":false,"chose_seed":false,"campfire_upgraded":6,"win_rate":0,"timestamp":1556301376,"path_taken":["M","M","M","M","M","R","E","R","T","?","E","M","M","M","R","BOSS","M","$","M","M","M","E","M","E","T","M","M","M","?","E","R","BOSS","M","M","?","M","M","E","R","M","T","$","M","M","E","M","R","BOSS","BOSS","R","$","E","BOSS"],"build_version":"2019-01-23","purchased_purges":1,"victory":true,"max_hp_per_floor":[71,71,71,71,71,71,71,71,71,71,71,71,71,71,71,71,71,71,71,71,71,71,71,71,71,71,71,71,71,71,71,71,71,71,71,71,71,71,71,71,71,71,71,71,71,71,71,71,71,71,71,71,71,71,81,81],"card_choices":[{"not_picked":["Barrage","Rebound"],"picked":"Darkness","floor":1.0},{"not_picked":["Coolheaded","Compile Driver"],"picked":"Rip and Tear","floor":2.0},{"not_picked":["Blizzard","Streamline"],"picked":"Conserve Battery","floor":3.0},{"not_picked":["Streamline","Turbo"],"picked":"Electrodynamics","floor":4.0},{"not_picked":["Leap","Turbo"],"picked":"Hologram","floor":5.0},{"not_picked":["Steam","Cold Snap"],"picked":"Self Repair","floor":7.0},{"not_picked":["Doom and Gloom","Chaos","Turbo"],"picked":"SKIP","floor":10.0},{"not_picked":["Doom and Gloom","Chaos","Turbo"],"picked":"SKIP","floor":10.0},{"not_picked":["Sunder","Melter"],"picked":"Storm+1","floor":11.0},{"not_picked":["Steam","Stack","Tempest"],"picked":"SKIP","floor":12.0},{"not_picked":["Multi-Cast","Steam","Streamline"],"picked":"SKIP","floor":12.0},{"not_picked":["Ball Lightning","Go for the Eyes"],"picked":"Heatsinks+1","floor":13.0},{"not_picked":["Scrape","Barrage","Tempest"],"picked":"SKIP","floor":13.0},{"not_picked":["Reprogram","Sunder"],"picked":"Static Discharge+1","floor":14.0},{"not_picked":["Recycle","Doom and Gloom"],"picked":"Hello World+1","floor":14.0},{"not_picked":["All For One","Reboot"],"picked":"Biased Cognition+1","floor":16.0},{"not_picked":["Aggregate","Rebound"],"picked":"Force Field","floor":17.0},{"not_picked":["Reprogram","Gash"],"picked":"Heatsinks+1","floor":17.0},{"not_picked":["Sunder","Stack"],"picked":"Static Discharge+1","floor":18.0},{"not_picked":["Meteor Strike","Heatsinks+1"],"picked":"Static Discharge+1","floor":18.0},{"not_picked":["Auto Shields","Rebound"],"picked":"White Noise","floor":20},{"not_picked":["Beam Cell","Undo","Consume"],"picked":"SKIP","floor":20},{"not_picked":["Barrage","Rebound"],"picked":"Defragment+1","floor":21},{"not_picked":["Hologram","Doom and Gloom","Ball Lightning"],"picked":"SKIP","floor":21},{"not_picked":["Recycle","Undo"],"picked":"Heatsinks+1","floor":22},{"not_picked":["Reinforced Body","Streamline"],"picked":"Chill","floor":22},{"not_picked":["BootSequence","Gash"],"picked":"Turbo","floor":23},{"not_picked":["Chaos","Beam Cell"],"picked":"Static Discharge+1","floor":24},{"not_picked":["Rebound+1","Steam Power","Turbo"],"picked":"SKIP","floor":24},{"not_picked":["Gash+1","Beam Cell+1"],"picked":"Static Discharge+1","floor":25},{"not_picked":["Melter","Steam"],"picked":"Machine Learning+1","floor":27},{"not_picked":["Redo","Hologram"],"picked":"Turbo","floor":27},{"not_picked":["Stack","Darkness"],"picked":"Loop+1","floor":28},{"not_picked":["Cold Snap+1","Barrage"],"picked":"Force Field","floor":28},{"not_picked":["Stack","Cold Snap+1"],"picked":"Storm+1","floor":29},{"not_picked":["Compile Driver","Rebound","Coolheaded"],"picked":"SKIP","floor":29},{"not_picked":["Rebound","Ball Lightning"],"picked":"Buffer+1","floor":30},{"not_picked":["Go for the Eyes","Stack","Beam Cell+1"],"picked":"SKIP","floor":30},{"not_picked":["Fusion","Turbo"],"picked":"Self Repair+1","floor":31},{"not_picked":["Rainbow","Multi-Cast"],"picked":"Thunder Strike","floor":33},{"not_picked":["Rebound","Darkness"],"picked":"Chill+1","floor":35},{"not_picked":["Stack","Reinforced Body+1","Chaos"],"picked":"SKIP","floor":35},{"not_picked":["Double Energy","BootSequence"],"picked":"Self Repair+1","floor":36},{"not_picked":["Stack","Coolheaded","Steam"],"picked":"SKIP","floor":36},{"not_picked":["Darkness","Core Surge"],"picked":"Self Repair+1","floor":38},{"not_picked":["Hologram","Go for the Eyes","Steam"],"picked":"SKIP","floor":38},{"not_picked":["Steam Power+1","Hologram"],"picked":"Capacitor+1","floor":39},{"not_picked":["Doom and Gloom+1","Stack","Cold Snap"],"picked":"SKIP","floor":39},{"not_picked":["FTL+1","Redo"],"picked":"Hello World+1","floor":40},{"not_picked":["Gash","Auto Shields+1"],"picked":"Loop+1","floor":42},{"not_picked":["Sweeping Beam+1","Steam","Conserve Battery"],"picked":"SKIP","floor":42},{"not_picked":["Consume","Conserve Battery+1"],"picked":"Storm+1","floor":45},{"not_picked":["Core Surge+1","Rip and Tear+1"],"picked":"Turbo+1","floor":45},{"not_picked":["Coolheaded","Sweeping Beam+1","Lockon+1"],"picked":"SKIP","floor":46},{"not_picked":["Conserve Battery","Sunder+1","Genetic Algorithm"],"picked":"SKIP","floor":46},{"not_picked":["Rip and Tear+1","Leap"],"picked":"Recycle+1","floor":47},{"not_picked":["Go for the Eyes+1","Leap","Sweeping Beam+1"],"picked":"SKIP","floor":48},{"not_picked":["Compile Driver+1","Conserve Battery","Coolheaded"],"picked":"SKIP","floor":48},{"not_picked":["Ball Lightning+1","Darkness"],"picked":"White Noise","floor":55}],"player_experience":4857430,"relics_obtained":[{"floor":7.0,"key":"Shuriken"},{"floor":9.0,"key":"Frozen Egg 2"},{"floor":11.0,"key":"Prayer Wheel"},{"floor":23,"key":"Bottled Lightning"},{"floor":25,"key":"Lantern"},{"floor":31,"key":"Cables"},{"floor":40,"key":"Calipers"},{"floor":43,"key":"Molten Egg 2"},{"floor":47,"key":"Anchor"},{"floor":55,"key":"Pear"}],"event_choices":[{"cards_removed":["Strike_B"],"damage_healed":0,"gold_gain":0,"player_choice":"Purged","damage_taken":0,"max_hp_gain":0,"max_hp_loss":0,"event_name":"Purifier","floor":37,"gold_loss":0}],"is_beta":false,"boss_relics":[{"not_picked":["Inserter","White Beast Statue"],"picked":"Orrery"},{"not_picked":["Velvet Choker","Busted Crown"],"picked":"Lizard Tail"}],"items_purged_floors":[54],"is_endless":false,"potions_floor_spawned":[4,5,10,14,16,18,20,22,28,30,31,35,36,39,48],"ascension_level":20}