{"gold_per_floor":[111,129,142,142,155,155,167,195,195,211,245,245,270,287,287,359,359,372,30,50,65,77,77,108,108,108,108,121,121,155,171,171,242,242,253,9,9,1008,41,68,68,82,150,166,166,184,204,0,0,0,0],"floor_reached":52,"playtime":4149,"items_purged":["Strike_B","Normality"],"score":1867,"play_id":"57702e3b-2a47-42c9-b862-a05084f8223b","local_time":"20190303025321","is_ascension_mode":true,"campfire_choices":[{"floor":6.0,"key":"REST"},{"floor":12.0,"key":"REST"},{"floor":15.0,"key":"REST"},{"data":"Self Repair","floor":23.0,"key":"SMITH"},{"floor":29.0,"key":"DIG"},{"floor":32.0,"key":"DIG"},{"data":"Normality","floor":45,"key":"PURGE"},{"data":"Strike_B","floor":49,"key":"PURGE"}],"neow_cost":"TEN_PERCENT_HP_LOSS","seed_source_timestamp":1424107833017900,"circlet_count":0,"master_deck":["AscendersBane","Strike_B","Defend_B","Defend_B","Defend_B","Defend_B","Zap","Dualcast","Ball Lightning","FTL","Conserve Battery","Hologram","Melter","Rip and Tear","Self Repair+1","Ball Lightning","Coolheaded","Echo Form","Tempest","Hologram+1","Streamline+1","Self Repair","Turbo+1","Recycle","Glacier","Static Discharge","Biased Cognition","Recycle","Genetic Algorithm","Deep Breath+1","Echo Form","Defragment+1"],"special_seed":0,"relics":["Cracked Core","Torii","Blue Candle","Calipers","Pocketwatch","Dodecahedron","Coffee Dripper","Bird Faced Urn","Shovel","The Courier","Prayer Wheel","Bottled Tornado","Peace Pipe","Runic Pyramid","TheAbacus","Strawberry","Singing Bowl","Gambling Chip","Incense Burner","Meat on the Bone","Red Mask"],"potions_floor_usage":[50,51],"damage_taken":[{"damage":15.0,"enemies":"Small Slimes","floor":1.0,"turns":3.0},{"damage":7.0,"enemies":"Jaw Worm","floor":2.0,"turns":3.0},{"damage":0.0,"enemies":"2 Louse","floor":3.0,"turns":1.0},{"damage":13.0,"enemies":"Exordium Thugs","floor":5.0,"turns":5.0},{"damage":2.0,"enemies":"Looter","floor":7.0,"turns":3.0},{"damage":33.0,"enemies":"Gremlin Nob","floor":8.0,"turns":4.0},{"damage":0.0,"enemies":"Large Slime","floor":10.0,"turns":4.0},{"damage":2.0,"enemies":"Lagavulin","floor":11.0,"turns":7.0},{"damage":1.0,"enemies":"Gremlin Nob","floor":13.0,"turns":3.0},{"damage":2.0,"enemies":"Gremlin Gang","floor":14.0,"turns":4.0},{"damage":35.0,"enemies":"Slime Boss","floor":16.0,"turns":8.0},{"damage":9.0,"enemies":"2 Thieves","floor":18.0,"turns":4.0},{"damage":0.0,"enemies":"Spheric Guardian","floor":20.0,"turns":3.0},{"damage":7.0,"enemies":"Snecko","floor":21.0,"turns":5.0},{"damage":18.0,"enemies":"3 Cultists","floor":22.0,"turns":6.0},{"damage":44.0,"enemies":"Slavers","floor":24.0,"turns":6.0},{"damage":26.0,"enemies":"Snake Plant","floor":28.0,"turns":6.0},{"damage":31.0,"enemies":"Gremlin Leader","floor":30.0,"turns":7.0},{"damage":1.0,"enemies":"Snecko","floor":31.0,"turns":3.0},{"damage":60.0,"enemies":"Champ","floor":33.0,"turns":12.0},{"damage":16.0,"enemies":"Orb Walker","floor":35.0,"turns":4.0},{"damage":70,"enemies":"Giant Head","floor":40,"turns":14},{"damage":19,"enemies":"3 Shapes","floor":42,"turns":8},{"damage":0,"enemies":"Sphere and 2 Shapes","floor":44,"turns":6},{"damage":13,"enemies":"Writhing Mass","floor":46,"turns":6},{"damage":23,"enemies":"Transient","floor":47,"turns":6},{"damage":65,"enemies":"Awakened One","floor":50,"turns":25},{"damage":15,"enemies":"Donu and Deca","floor":51,"turns":17}],"seed_played":"5773693369445296698","potions_obtained":[{"floor":1.0,"key":"LiquidBronze"},{"floor":3.0,"key":"GamblersBrew"},{"floor":10.0,"key":"EssenceOfSteel"},{"floor":11.0,"key":"Swift Potion"},{"floor":16.0,"key":"Explosive Potion"},{"floor":21.0,"key":"SpeedPotion"},{"floor":28.0,"key":"Poison Potion"},{"floor":30.0,"key":"Swift Potion"},{"floor":42,"key":"Dexterity Potion"}],"is_trial":false,"path_per_floor":["M","M","M","?","M","R","M","E","T","M","E","R","E","M","R","B",null,"M","$","M","M","M","R","E","?","T","?","M","R","E","M","R","B",null,"M","$","?","?","$","E","?","M","T","M","R","M","M","?","R","B","B",null],"character_chosen":"DEFECT","items_purchased":["Bird Faced Urn","TheAbacus","Strawberry","Deep Breath","Singing Bowl","Gambling Chip","Incense Burner"],"campfire_rested":3,"item_purchase_floors":[19,36,39,39,39,39,39],"current_hp_per_floor":[49,42,42,35,22,41,39,6,6,6,4,23,22,20,39,11,51,42,42,62,64,64,64,44,44,44,64,64,64,64,64,64,50,61,64,64,61,61,68,25,25,70,70,76,76,80,74,74,74,69,82],"gold":0,"neow_bonus":"ONE_RARE_RELIC","is_prod":false,"is_daily":false,"chose_seed":false,"campfire_upgraded":1,"win_rate":0,"timestamp":1551549201,"path_taken":["M","M","M","?","M","R","M","E","T","M","E","R","E","M","R","BOSS","M","$","M","M","M","R","E","?","T","?","M","R","E","?","R","BOSS","M","$","?","?","$","E","?","?","T","M","R","M","M","?","R","BOSS","BOSS"],"build_version":"2019-01-23","purchased_purges":2,"victory":true,"max_hp_per_floor":[64,64,64,64,64,64,64,64,64,64,64,64,64,64,64,64,64,64,64,64,64,64,64,64,64,64,64,64,64,64,64,64,64,64,64,64,61,61,68,70,70,72,72,76,76,80,82,82,82,82,82],"card_choices":[{"not_picked":["Gash","Double Energy"],"picked":"Ball Lightning","floor":1.0},{"not_picked":["Coolheaded","Sweeping Beam"],"picked":"FTL","floor":2.0},{"not_picked":["Reinforced Body","Ball Lightning"],"picked":"Conserve Battery","floor":3.0},{"not_picked":["Chaos","Stack"],"picked":"Hologram","floor":5.0},{"not_picked":["Multi-Cast","Blizzard"],"picked":"Auto Shields","floor":7.0},{"not_picked":["Leap","Barrage"],"picked":"Melter","floor":8.0},{"not_picked":["Compile Driver","Gash"],"picked":"Rip and Tear","floor":10.0},{"not_picked":["Leap","Force Field"],"picked":"Self Repair","floor":11.0},{"not_picked":["Leap","Redo"],"picked":"Ball Lightning","floor":13.0},{"not_picked":["Leap","Sweeping Beam"],"picked":"Coolheaded","floor":14.0},{"not_picked":["All For One","Amplify"],"picked":"Echo Form","floor":16.0},{"not_picked":["Hello World","Rebound"],"picked":"Tempest","floor":18.0},{"not_picked":["Skim","Streamline"],"picked":"Hologram+1","floor":20.0},{"not_picked":["Ball Lightning","Go for the Eyes","Gash"],"picked":"SKIP","floor":21.0},{"not_picked":["Compile Driver","Sweeping Beam+1"],"picked":"Streamline+1","floor":22.0},{"not_picked":["Machine Learning","Auto Shields"],"picked":"Self Repair","floor":24.0},{"not_picked":["Hologram","Steam"],"picked":"Turbo+1","floor":28.0},{"not_picked":["Rebound","Heatsinks"],"picked":"Recycle","floor":30.0},{"not_picked":["Lockon","Go for the Eyes"],"picked":"Glacier","floor":31.0},{"not_picked":["Gash","Steam"],"picked":"Static Discharge","floor":31.0},{"not_picked":["Thunder Strike","Seek"],"picked":"Biased Cognition","floor":33.0},{"not_picked":["Leap","Steam"],"picked":"Recycle","floor":35.0},{"not_picked":["Reprogram+1","Barrage+1"],"picked":"Genetic Algorithm","floor":35.0},{"not_picked":["FTL","Ball Lightning+1","Leap"],"picked":"Singing Bowl","floor":40},{"not_picked":["Go for the Eyes","Turbo"],"picked":"Echo Form","floor":42},{"not_picked":["Turbo","Steam+1","Beam Cell"],"picked":"Singing Bowl","floor":42},{"not_picked":["Hologram","Chill","Lockon"],"picked":"Singing Bowl","floor":44},{"not_picked":["Heatsinks","Turbo","Compile Driver"],"picked":"Singing Bowl","floor":44},{"not_picked":["Sweeping Beam","Beam Cell+1","Conserve Battery"],"picked":"Singing Bowl","floor":46},{"not_picked":["Sweeping Beam+1","Rainbow","Steam"],"picked":"Singing Bowl","floor":46},{"not_picked":["Coolheaded","Hello World","Ball Lightning"],"picked":"Singing Bowl","floor":47},{"not_picked":["Doom and Gloom+1","Go for the Eyes+1"],"picked":"Defragment+1","floor":47}],"player_experience":4455258,"relics_obtained":[{"floor":8.0,"key":"Blue Candle"},{"floor":9.0,"key":"Calipers"},{"floor":11.0,"key":"Pocketwatch"},{"floor":13.0,"key":"Dodecahedron"},{"floor":24.0,"key":"Shovel"},{"floor":26.0,"key":"The Courier"},{"floor":29.0,"key":"Prayer Wheel"},{"floor":30.0,"key":"Bottled Tornado"},{"floor":32.0,"key":"Peace Pipe"},{"floor":40,"key":"Meat on the Bone"}],"event_choices":[{"cards_removed":["Strike_B"],"damage_healed":0.0,"max_hp_gain":0.0,"max_hp_loss":0.0,"gold_gain":0.0,"event_name":"Golden Wing","player_choice":"Card Removal","floor":4.0,"gold_loss":0.0,"damage_taken":7.0},{"damage_healed":0.0,"max_hp_gain":0.0,"max_hp_loss":0.0,"gold_gain":0.0,"event_name":"The Mausoleum","player_choice":"Ignored","floor":25.0,"gold_loss":0.0,"damage_taken":0.0},{"cards_removed":["Auto Shields"],"damage_healed":20.0,"max_hp_gain":0.0,"max_hp_loss":0.0,"gold_gain":0.0,"event_name":"Bonfire Elementals","player_choice":"Offered Uncommon","floor":27.0,"gold_loss":0.0,"damage_taken":0.0},{"damage_healed":0.0,"max_hp_gain":0.0,"max_hp_loss":3.0,"gold_gain":0.0,"event_name":"Winding Halls","player_choice":"Max HP","floor":37.0,"gold_loss":0.0,"damage_taken":0.0},{"damage_healed":0.0,"max_hp_gain":0.0,"max_hp_loss":0.0,"gold_gain":999.0,"event_name":"MindBloom","player_choice":"Gold","floor":38.0,"gold_loss":0.0,"damage_taken":0.0,"cards_obtained":["Normality","Normality"]},{"damage_healed":0,"gold_gain":0,"player_choice":"Forge","damage_taken":0,"max_hp_gain":0,"max_hp_loss":0,"event_name":"Accursed Blacksmith","floor":41,"gold_loss":0,"cards_upgraded":["Deep Breath"]},{"damage_healed":0,"gold_gain":0,"player_choice":"Paid","damage_taken":0,"relics_obtained":["Red Mask"],"max_hp_gain":0,"max_hp_loss":0,"event_name":"Tomb of Lord Red Mask","floor":48,"gold_loss":204}],"is_beta":false,"boss_relics":[{"not_picked":["Empty Cage","Calling Bell"],"picked":"Coffee Dripper"},{"not_picked":["Velvet Choker","Black Star"],"picked":"Runic Pyramid"}],"items_purged_floors":[36,39],"is_endless":false,"potions_floor_spawned":[1,3,10,11,16,21,28,30,31,42,44,46,47],"ascension_level":20}