{"gold_per_floor":[364,61,76,76,76,76,103,118,118,118,130,130,156,173,173,251,251,207,227,238,238],"floor_reached":21,"playtime":957,"items_purged":[],"score":353,"play_id":"c4dbf4df-58de-4b87-a176-38c8c957a892","local_time":"20190407224321","is_ascension_mode":true,"campfire_choices":[{"data":"Bash","floor":6.0,"key":"SMITH"},{"floor":10,"key":"REST"},{"floor":15,"key":"REST"}],"neow_cost":"PERCENT_DAMAGE","seed_source_timestamp":3361843312457013,"circlet_count":0,"master_deck":["AscendersBane","Strike_R","Strike_R","Strike_R","Strike_R","Strike_R","Defend_R+1","Defend_R","Defend_R","Defend_R+1","Bash+1","Headbutt","Evolve","Dropkick","Bludgeon+1","Spot Weakness+1","True Grit+1","Warcry+1","Shrug It Off+1","Feed+1","Thunderclap+1","Entrench+1","True Grit+1"],"special_seed":0,"relics":["Burning Blood","Toxic Egg 2","Molten Egg 2","War Paint","Bottled Flame","Bronze Scales","Black Star"],"potions_floor_usage":[20,21],"damage_taken":[{"damage":2.0,"enemies":"Cultist","floor":1.0,"turns":4.0},{"damage":9.0,"enemies":"Jaw Worm","floor":3.0,"turns":3.0},{"damage":45,"enemies":"Lagavulin","floor":7,"turns":6},{"damage":0,"enemies":"2 Louse","floor":8,"turns":3},{"damage":11,"enemies":"Large Slime","floor":11,"turns":4},{"damage":26,"enemies":"Gremlin Nob","floor":13,"turns":4},{"damage":5,"enemies":"Red Slaver","floor":14,"turns":4},{"damage":10,"enemies":"The Guardian","floor":16,"turns":12},{"damage":15,"enemies":"2 Thieves","floor":18,"turns":5},{"damage":32,"enemies":"Spheric Guardian","floor":19,"turns":7},{"damage":32,"enemies":"3 Cultists","floor":20,"turns":6},{"damage":0,"enemies":"Snake Plant","floor":21,"turns":1}],"seed_played":"-3378098582906288170","potions_obtained":[{"floor":7,"key":"SneckoOil"},{"floor":8,"key":"EssenceOfSteel"},{"floor":14,"key":"LiquidBronze"},{"floor":16,"key":"SteroidPotion"},{"floor":20,"key":"AttackPotion"}],"is_trial":false,"path_per_floor":["M","$","M","T","?","R","E","M","T","R","M","?","E","M","R","B",null,"M","M","M","M"],"character_chosen":"IRONCLAD","items_purchased":["Toxic Egg 2","Evolve"],"campfire_rested":2,"item_purchase_floors":[2,2],"current_hp_per_floor":[54,54,51,51,46,46,7,13,13,35,30,30,10,11,33,29,64,55,33,11,11],"gold":238,"neow_bonus":"TWO_FIFTY_GOLD","is_prod":false,"is_daily":false,"chose_seed":false,"campfire_upgraded":1,"win_rate":0,"timestamp":1554644601,"path_taken":["M","$","M","?","?","R","E","M","T","R","M","?","E","M","R","BOSS","M","M","M","M"],"build_version":"2019-04-04","purchased_purges":0,"victory":false,"max_hp_per_floor":[75,75,75,75,75,75,75,75,75,75,75,75,75,75,75,75,75,75,79,83,83],"card_choices":[{"not_picked":["Havoc","Hemokinesis"],"picked":"Headbutt","floor":1.0},{"not_picked":["Bloodletting+1","Armaments+1"],"picked":"Dropkick","floor":3.0},{"not_picked":["Spot Weakness+1","Corruption"],"picked":"Bludgeon+1","floor":7},{"not_picked":["Perfected Strike+1","Twin Strike+1"],"picked":"Spot Weakness+1","floor":8},{"not_picked":["Twin Strike+1","Thunderclap+1"],"picked":"True Grit+1","floor":11},{"not_picked":["Carnage+1","Perfected Strike+1"],"picked":"Warcry+1","floor":13},{"not_picked":["Burning Pact+1","Perfected Strike+1"],"picked":"Shrug It Off+1","floor":14},{"not_picked":["Impervious+1","Berserk"],"picked":"Feed+1","floor":16},{"not_picked":["Metallicize","Perfected Strike+1"],"picked":"Thunderclap+1","floor":18},{"not_picked":["Ghostly Armor+1","Reckless Charge+1"],"picked":"Entrench+1","floor":19},{"not_picked":["Burning Pact+1","Pommel Strike+1"],"picked":"True Grit+1","floor":20}],"player_experience":2840339,"relics_obtained":[{"floor":4.0,"key":"Molten Egg 2"},{"floor":7,"key":"Bottled Flame"},{"floor":13,"key":"Bronze Scales"}],"event_choices":[{"damage_healed":0.0,"max_hp_gain":0.0,"max_hp_loss":0.0,"gold_gain":0.0,"event_name":"Scrap Ooze","player_choice":"Success","floor":5.0,"gold_loss":0.0,"damage_taken":5.0,"relics_obtained":["War Paint"]},{"damage_healed":0,"gold_gain":0,"player_choice":"Ignored","damage_taken":0,"max_hp_gain":0,"max_hp_loss":0,"event_name":"Shining Light","floor":12,"gold_loss":0}],"is_beta":true,"boss_relics":[{"not_picked":["Snecko Eye","Eternal Feather"],"picked":"Black Star"}],"items_purged_floors":[],"is_endless":false,"potions_floor_spawned":[7,8,14,16,20],"killed_by":"Snake Plant","ascension_level":17}