{"gold_per_floor":[119,132,207,222,237,237,187,206,206,206,206],"floor_reached":11,"playtime":342,"items_purged":["Strike_G"],"score":130,"play_id":"d87dac29-f8c4-4298-ad49-f5b84f543927","local_time":"20190307104654","is_ascension_mode":true,"campfire_choices":[{"floor":6,"key":"REST"},{"data":"Neutralize","floor":10,"key":"SMITH"}],"neow_cost":"NONE","seed_source_timestamp":641255027400731,"circlet_count":0,"master_deck":["AscendersBane","Defend_G","Defend_G","Defend_G","Defend_G","Defend_G","Strike_G","Strike_G","Strike_G","Strike_G","Survivor","Neutralize+1","Acrobatics","Dash","Calculated Gamble","Blur"],"relics":["Ring of the Snake","Smiling Mask","The Specimen"],"potions_floor_usage":[],"damage_taken":[{"damage":2,"enemies":"2 Louse","floor":1,"turns":3},{"damage":0,"enemies":"Jaw Worm","floor":2,"turns":5},{"damage":9,"enemies":"Cultist","floor":4,"turns":5},{"damage":15,"enemies":"2 Fungi Beasts","floor":5,"turns":5},{"damage":0,"enemies":"Blue Slaver","floor":8,"turns":6},{"damage":0,"enemies":"Lagavulin","floor":11,"turns":4}],"seed_played":"-3372762394043437479","potions_obtained":[{"floor":1,"key":"Dexterity Potion"},{"floor":4,"key":"Dexterity Potion"}],"is_trial":false,"path_per_floor":["M","M","?","M","M","R","$","M","T","R","E"],"character_chosen":"THE_SILENT","items_purchased":[],"campfire_rested":1,"item_purchase_floors":[],"current_hp_per_floor":[57,57,46,37,22,41,41,41,41,41,41],"gold":206,"neow_bonus":"RANDOM_COMMON_RELIC","is_prod":false,"is_daily":false,"chose_seed":false,"campfire_upgraded":1,"win_rate":0,"timestamp":1551923214,"path_taken":["M","M","?","M","M","R","$","M","T","R","E"],"build_version":"2019-02-06","purchased_purges":1,"victory":false,"max_hp_per_floor":[66,66,66,66,66,66,66,66,66,66,66],"card_choices":[{"not_picked":["Concentrate","Underhanded Strike"],"picked":"Acrobatics","floor":1},{"not_picked":["Prepared","Acrobatics","Outmaneuver"],"picked":"SKIP","floor":2},{"not_picked":["Setup","Infinite Blades"],"picked":"Dash","floor":4},{"not_picked":["Dodge and Roll","Outmaneuver"],"picked":"Calculated Gamble","floor":5},{"not_picked":["Dagger Throw","Terror"],"picked":"Blur","floor":8}],"player_experience":2644771,"relics_obtained":[{"floor":9,"key":"The Specimen"}],"event_choices":[{"damage_healed":0,"gold_gain":75,"player_choice":"Gather Gold","damage_taken":11,"max_hp_gain":0,"max_hp_loss":0,"event_name":"World of Goop","floor":3,"gold_loss":0}],"is_beta":true,"boss_relics":[],"items_purged_floors":[7],"is_endless":false,"potions_floor_spawned":[1,4],"killed_by":"Lagavulin","ascension_level":20}