{"gold_per_floor":[111,111,36,36,53,64,64,96,96,110,110,260,287,212,212,284,284,295,295,307,320,320],"floor_reached":22,"playtime":1118,"items_purged":["Strike_G"],"score":438,"play_id":"279a528b-5644-4516-b3b8-1f7bba730d1f","local_time":"20190408144904","is_ascension_mode":true,"campfire_choices":[{"floor":7.0,"key":"REST"},{"data":"Catalyst","floor":11.0,"key":"SMITH"},{"data":"Leg Sweep","floor":15.0,"key":"SMITH"}],"neow_cost":"NONE","seed_source_timestamp":3419676183075218,"circlet_count":0,"master_deck":["AscendersBane","Defend_G","Defend_G","Defend_G+1","Defend_G","Defend_G","Strike_G","Strike_G","Strike_G","Survivor+1","Neutralize+1","Bouncing Flask+1","Leg Sweep+1","Catalyst+1","Calculated Gamble","Dodge and Roll","Doubt","Burst","Dagger Spray","Cloak And Dagger+1"],"special_seed":0,"relics":["Ring of the Snake","War Paint","Pear","Ginger","Smiling Mask","WingedGreaves","White Beast Statue"],"potions_floor_usage":[20,20,22],"damage_taken":[{"damage":4.0,"enemies":"Jaw Worm","floor":1.0,"turns":9.0},{"damage":1.0,"enemies":"Small Slimes","floor":5.0,"turns":6.0},{"damage":0.0,"enemies":"Cultist","floor":6.0,"turns":4.0},{"damage":0.0,"enemies":"Lagavulin","floor":8.0,"turns":5.0},{"damage":2.0,"enemies":"Blue Slaver","floor":10.0,"turns":4.0},{"damage":32.0,"enemies":"3 Sentries","floor":13.0,"turns":14.0},{"damage":2.0,"enemies":"The Guardian","floor":16.0,"turns":6.0},{"damage":0.0,"enemies":"Chosen","floor":18.0,"turns":2.0},{"damage":11,"enemies":"3 Byrds","floor":20,"turns":4},{"damage":18,"enemies":"Centurion and Healer","floor":21,"turns":6},{"damage":18,"enemies":"Cultist and Chosen","floor":22,"turns":3}],"seed_played":"-2286003661745420773","potions_obtained":[{"floor":6.0,"key":"EssenceOfSteel"},{"floor":8.0,"key":"Explosive Potion"},{"floor":13.0,"key":"LiquidBronze"},{"floor":18.0,"key":"GamblersBrew"},{"floor":20,"key":"LiquidBronze"},{"floor":21,"key":"LiquidBronze"}],"is_trial":false,"path_per_floor":["M","?","$","?","M","M","R","E","T","M","R","?","E","?","R","B",null,"M","?","M","M","M"],"character_chosen":"THE_SILENT","items_purchased":[],"campfire_rested":1,"item_purchase_floors":[],"current_hp_per_floor":[55,35,35,45,44,44,66,66,66,64,64,64,32,32,32,30,65,65,43,32,14,0],"gold":320,"neow_bonus":"RANDOM_COMMON_RELIC","is_prod":false,"is_daily":false,"chose_seed":false,"campfire_upgraded":2,"win_rate":0,"timestamp":1554702544,"path_taken":["M","?","?","?","M","?","R","E","T","M","R","?","E","?","R","BOSS","M","?","M","M","M"],"build_version":"2019-04-04","purchased_purges":1,"victory":false,"max_hp_per_floor":[66,66,66,76,76,76,76,76,76,76,76,76,76,76,76,76,76,76,81,81,81,81],"card_choices":[{"not_picked":["PiercingWail","Deadly Poison"],"picked":"Bouncing Flask","floor":1.0},{"not_picked":["Caltrops","Bane"],"picked":"Leg Sweep","floor":5.0},{"not_picked":["Underhanded Strike","Quick Slash"],"picked":"Catalyst","floor":6.0},{"not_picked":["Dash","Escape Plan"],"picked":"Calculated Gamble","floor":8.0},{"not_picked":["Cloak And Dagger","All Out Attack"],"picked":"Dodge and Roll","floor":10.0},{"not_picked":["Dagger Throw","Dodge and Roll","Prepared"],"picked":"SKIP","floor":13.0},{"not_picked":["Malaise","Venomology"],"picked":"Burst","floor":16.0},{"not_picked":["Finisher+1","Quick Slash"],"picked":"Dagger Spray","floor":18.0},{"not_picked":["Calculated Gamble","Endless Agony","Slice"],"picked":"SKIP","floor":20},{"not_picked":["Deadly Poison","Backflip"],"picked":"Cloak And Dagger+1","floor":21}],"player_experience":2847656,"relics_obtained":[{"floor":4.0,"key":"Pear"},{"floor":8.0,"key":"Ginger"},{"floor":9.0,"key":"Smiling Mask"},{"floor":13.0,"key":"WingedGreaves"}],"event_choices":[{"damage_healed":0.0,"max_hp_gain":0.0,"max_hp_loss":0.0,"gold_gain":0.0,"event_name":"Shining Light","player_choice":"Entered Light","floor":2.0,"gold_loss":0.0,"damage_taken":20.0,"cards_upgraded":["Neutralize","Bouncing Flask"]},{"damage_healed":0.0,"max_hp_gain":0.0,"max_hp_loss":0.0,"gold_gain":0.0,"event_name":"Wheel of Change","player_choice":"Relic","floor":4.0,"gold_loss":0.0,"damage_taken":0.0},{"damage_healed":0.0,"max_hp_gain":0.0,"max_hp_loss":0.0,"gold_gain":150.0,"event_name":"Liars Game","player_choice":"AGREE","floor":12.0,"gold_loss":0.0,"damage_taken":0.0,"cards_obtained":["Doubt"]},{"cards_removed":["Strike_G"],"damage_healed":0.0,"max_hp_gain":0.0,"max_hp_loss":0.0,"gold_gain":0.0,"event_name":"The Cleric","player_choice":"Card Removal","floor":14.0,"gold_loss":75.0,"damage_taken":0.0},{"damage_healed":0.0,"max_hp_gain":5.0,"max_hp_loss":0.0,"gold_gain":0.0,"event_name":"Forgotten Altar","player_choice":"Shed Blood","floor":19.0,"gold_loss":0.0,"damage_taken":27.0}],"is_beta":true,"boss_relics":[{"not_picked":["Pandora\u0027s Box","Coffee Dripper"],"picked":"White Beast Statue"}],"items_purged_floors":[3],"is_endless":false,"potions_floor_spawned":[6,8,13,18,20,21],"killed_by":"Cultist and Chosen","ascension_level":20}