{"gold_per_floor":[119,119,132,146,164,164,60,93,169,169,197,215,240,240,240,240],"floor_reached":16,"playtime":550,"items_purged":["Strike_B"],"score":220,"play_id":"9a752bc8-224e-40a2-9e3b-1d378beb0505","local_time":"20190323223347","is_ascension_mode":true,"campfire_choices":[{"data":"Zap","floor":6,"key":"SMITH"},{"floor":10,"key":"REST"},{"floor":15,"key":"REST"}],"neow_cost":"NONE","seed_source_timestamp":177730370233340,"circlet_count":0,"master_deck":["AscendersBane","Strike_B","Defend_B","Defend_B","Defend_B","Defend_B","Zap+1","Dualcast","Leap","Beam Cell","Cold Snap","Compile Driver","Sweeping Beam","Turbo","Hologram","Gash","Machine Learning","Auto Shields","Rip and Tear"],"relics":["Cracked Core","Prayer Wheel","Question Card","Odd Mushroom","Orichalcum"],"potions_floor_usage":[11,13],"damage_taken":[{"damage":1,"enemies":"2 Louse","floor":1,"turns":3},{"damage":0,"enemies":"Cultist","floor":3,"turns":3},{"damage":5,"enemies":"Small Slimes","floor":4,"turns":4},{"damage":11,"enemies":"Looter","floor":5,"turns":3},{"damage":28,"enemies":"Gremlin Nob","floor":8,"turns":4},{"damage":14,"enemies":"The Mushroom Lair","floor":11,"turns":3},{"damage":10,"enemies":"Blue Slaver","floor":12,"turns":3},{"damage":10,"enemies":"Lagavulin","floor":13,"turns":7},{"damage":30,"enemies":"The Guardian","floor":16,"turns":6}],"seed_played":"-6035764031946039145","potions_obtained":[{"floor":1,"key":"FocusPotion"},{"floor":5,"key":"SpeedPotion"},{"floor":13,"key":"SmokeBomb"}],"is_trial":false,"path_per_floor":["M","?","M","M","M","R","$","E","T","R","?","M","E","?","R","B"],"character_chosen":"DEFECT","items_purchased":["Turbo"],"campfire_rested":2,"item_purchase_floors":[7],"current_hp_per_floor":[63,63,63,58,47,47,47,19,19,40,26,16,6,6,27,0],"gold":240,"neow_bonus":"TRANSFORM_CARD","is_prod":false,"is_daily":false,"chose_seed":false,"campfire_upgraded":1,"win_rate":0,"timestamp":1553348027,"path_taken":["M","?","?","M","M","R","$","E","T","R","?","M","E","?","R","BOSS"],"build_version":"2019-01-23","purchased_purges":1,"victory":false,"max_hp_per_floor":[71,71,71,71,71,71,71,71,71,71,71,71,71,71,71,71],"card_choices":[{"not_picked":["Double Energy","Leap"],"picked":"Beam Cell","floor":1},{"not_picked":["Coolheaded","Recycle"],"picked":"Cold Snap","floor":3},{"not_picked":["BootSequence","Aggregate"],"picked":"Compile Driver","floor":4},{"not_picked":["Streamline","Static Discharge"],"picked":"Sweeping Beam","floor":5},{"not_picked":["Double Energy","Sweeping Beam"],"picked":"Hologram","floor":8},{"not_picked":["Leap","Conserve Battery","Turbo"],"picked":"Gash","floor":11},{"not_picked":["Leap","Steam","Rebound"],"picked":"Machine Learning","floor":12},{"not_picked":["Redo","Reinforced Body","Amplify"],"picked":"Auto Shields","floor":12},{"not_picked":["Double Energy","Coolheaded","Reprogram"],"picked":"Rip and Tear","floor":13}],"player_experience":757099,"relics_obtained":[{"floor":8,"key":"Prayer Wheel"},{"floor":9,"key":"Question Card"},{"floor":11,"key":"Odd Mushroom"},{"floor":13,"key":"Orichalcum"}],"event_choices":[{"cards_removed":["Strike_B"],"damage_healed":0,"gold_gain":0,"player_choice":"Purged","damage_taken":0,"max_hp_gain":0,"max_hp_loss":0,"event_name":"Purifier","floor":2,"gold_loss":0},{"damage_healed":0,"gold_gain":0,"player_choice":"Fought Mushrooms","damage_taken":0,"max_hp_gain":0,"max_hp_loss":0,"event_name":"Mushrooms","floor":11,"gold_loss":0},{"damage_healed":0,"gold_gain":0,"player_choice":"Ignored","damage_taken":0,"max_hp_gain":0,"max_hp_loss":0,"event_name":"Golden Idol","floor":14,"gold_loss":0}],"is_beta":false,"boss_relics":[],"items_purged_floors":[7],"is_endless":false,"potions_floor_spawned":[1,5,8,13],"killed_by":"The Guardian","ascension_level":20}