{"gold_per_floor":[119,119,294,310,310,310,23,38,62,62,87,103,134,134,134,232,232,251,266,266,284,284,318,318,335,359,192,210,223,98,23,23,23],"floor_reached":33,"playtime":2076,"items_purged":["Strike_G","Strike_G"],"score":275,"play_id":"0ea9d656-86c1-4054-aa32-c44606af4e25","local_time":"20181211223541","is_ascension_mode":false,"campfire_choices":[{"data":"Distraction","floor":6,"key":"SMITH"},{"data":"Neutralize","floor":10,"key":"SMITH"},{"data":"Cloak And Dagger","floor":15,"key":"SMITH"},{"floor":24,"key":"REST"},{"floor":32,"key":"REST"}],"neow_cost":"NONE","seed_source_timestamp":109109411938298,"circlet_count":0,"master_deck":["Defend_G","Defend_G","Defend_G","Defend_G+1","Strike_G+1","Survivor","Neutralize+1","Die Die Die","Flying Knee","Distraction+1","Blade Dance","Cloak And Dagger+1","Tactician","Backflip","Choke","Predator+1","Leg Sweep","Riddle With Holes","Blur","Decay","Dagger Throw+1","Deflect","Forethought","Prepared+1","Underhanded Strike"],"relics":["Ring of the Snake","Paper Crane","Boot","Orichalcum","Turnip","Sozu","Mummified Hand","Pen Nib"],"potions_floor_usage":[8,11,11,11,13,33],"damage_taken":[{"damage":0,"enemies":"2 Louse","floor":1,"turns":1},{"damage":2,"enemies":"Small Slimes","floor":4,"turns":4},{"damage":0,"enemies":"Cultist","floor":8,"turns":2},{"damage":4,"enemies":"Lagavulin","floor":11,"turns":7},{"damage":6,"enemies":"Exordium Wildlife","floor":12,"turns":2},{"damage":1,"enemies":"Gremlin Nob","floor":13,"turns":3},{"damage":26,"enemies":"Slime Boss","floor":16,"turns":14},{"damage":0,"enemies":"3 Byrds","floor":18,"turns":5},{"damage":14,"enemies":"Spheric Guardian","floor":19,"turns":4},{"damage":6,"enemies":"Cultist and Chosen","floor":21,"turns":5},{"damage":39,"enemies":"Gremlin Leader","floor":23,"turns":7},{"damage":24,"enemies":"Sentry and Sphere","floor":25,"turns":7},{"damage":3,"enemies":"Snake Plant","floor":28,"turns":4},{"damage":0,"enemies":"Snecko","floor":29,"turns":4},{"damage":36,"enemies":"Automaton","floor":33,"turns":6}],"seed_played":"-2978881328304225913","potions_obtained":[{"floor":1,"key":"EntropicBrew"},{"floor":8,"key":"Fruit Juice"},{"floor":11,"key":"FearPotion"},{"floor":12,"key":"SmokeBomb"}],"is_trial":false,"path_per_floor":["M","?","?","M","?","R","$","M","T","R","E","M","E","?","R","B",null,"M","M","?","M","?","E","R","M","T","$","M","M","$","?","R","B"],"character_chosen":"THE_SILENT","items_purchased":["Paper Crane","Blade Dance","Forethought","Underhanded Strike"],"campfire_rested":2,"item_purchase_floors":[7,7,27,30],"current_hp_per_floor":[70,56,56,54,47,47,47,52,52,52,63,57,56,49,49,23,75,75,61,61,55,55,16,38,14,14,14,11,11,11,11,33,0],"gold":23,"neow_bonus":"ONE_RANDOM_RARE_CARD","is_prod":false,"is_daily":false,"chose_seed":false,"campfire_upgraded":3,"win_rate":0,"timestamp":1544535341,"path_taken":["M","?","?","M","?","R","$","M","T","R","E","M","E","?","R","BOSS","M","?","?","M","?","E","R","M","T","$","M","?","$","?","R","BOSS"],"build_version":"2018-12-06","purchased_purges":2,"victory":false,"max_hp_per_floor":[70,70,70,70,70,70,70,75,75,75,75,75,75,75,75,75,75,75,75,75,75,75,75,75,75,75,75,75,75,75,75,75,75],"card_choices":[{"not_picked":["Predator","Underhanded Strike"],"picked":"Flying Knee","floor":1},{"not_picked":["Prepared","Noxious Fumes"],"picked":"Distraction","floor":4},{"not_picked":["Catalyst","Tactician"],"picked":"Cloak And Dagger","floor":8},{"not_picked":["Dagger Spray","Dagger Throw"],"picked":"Tactician","floor":11},{"not_picked":["Terror","Expertise"],"picked":"Backflip","floor":12},{"not_picked":["Deadly Poison","Masterful Stab"],"picked":"Choke","floor":13},{"not_picked":["Bane","Reflex","Poisoned Stab"],"picked":"SKIP","floor":18},{"not_picked":["Bane","Dagger Spray"],"picked":"Predator+1","floor":19},{"not_picked":["Caltrops+1","Tactician"],"picked":"Blur","floor":21},{"not_picked":["Quick Slash","Distraction"],"picked":"Dagger Throw+1","floor":23},{"not_picked":["Cloak And Dagger","Reflex"],"picked":"Deflect","floor":25},{"not_picked":["Riddle With Holes+1","Deflect"],"picked":"Prepared+1","floor":28},{"not_picked":["Expertise","Dagger Throw","Crippling Poison"],"picked":"SKIP","floor":29}],"player_experience":158408,"relics_obtained":[{"floor":9,"key":"Boot"},{"floor":11,"key":"Orichalcum"},{"floor":13,"key":"Turnip"},{"floor":23,"key":"Mummified Hand"},{"floor":26,"key":"Pen Nib"}],"event_choices":[{"damage_healed":0,"gold_gain":0,"player_choice":"Entered Light","damage_taken":14,"max_hp_gain":0,"max_hp_loss":0,"event_name":"Shining Light","floor":2,"gold_loss":0,"cards_upgraded":["Defend_G","Strike_G"]},{"damage_healed":0,"gold_gain":175,"player_choice":"AGREE","damage_taken":0,"max_hp_gain":0,"max_hp_loss":0,"event_name":"Liars Game","floor":3,"gold_loss":0,"cards_obtained":["Doubt"]},{"cards_removed":["Doubt"],"damage_healed":0,"gold_gain":0,"player_choice":"Card Removal","damage_taken":7,"max_hp_gain":0,"max_hp_loss":0,"event_name":"Golden Wing","floor":5,"gold_loss":0},{"damage_healed":0,"gold_gain":0,"player_choice":"Damaged","damage_taken":7,"max_hp_gain":0,"max_hp_loss":0,"event_name":"Wheel of Change","floor":14,"gold_loss":0},{"damage_healed":0,"gold_gain":0,"cards_transformed":["Strike_G","Defend_G"],"player_choice":"Became Test Subject","damage_taken":0,"max_hp_gain":0,"max_hp_loss":0,"event_name":"Drug Dealer","floor":20,"gold_loss":0,"cards_obtained":["Leg Sweep","Riddle With Holes"]},{"damage_healed":0,"gold_gain":0,"player_choice":"Cursed","damage_taken":0,"max_hp_gain":0,"max_hp_loss":0,"event_name":"Wheel of Change","floor":22,"gold_loss":0,"cards_obtained":["Decay"]},{"cards_removed":["Strike_G"],"damage_healed":0,"gold_gain":0,"player_choice":"Gave Gold","damage_taken":0,"max_hp_gain":0,"max_hp_loss":0,"event_name":"Beggar","floor":31,"gold_loss":75}],"is_beta":false,"boss_relics":[{"not_picked":["Tiny House","Lizard Tail"],"picked":"Sozu"}],"items_purged_floors":[27,30],"is_endless":false,"potions_floor_spawned":[1,8,11,12,19,21],"killed_by":"Automaton","ascension_level":0}