{"gold_per_floor":[125,137,168,192,217,229,266,278,290,321,333,363,415,444,456,547,559,561,216,226,246,261,261,287,287,364,364,364,397,13,32,32,32],"floor_reached":33,"playtime":1491,"items_purged":["Strike_R","Strike_R"],"score":508,"play_id":"2fdd1c07-5987-402e-9f79-69e880812505","local_time":"20190210132037","is_ascension_mode":true,"campfire_choices":[{"data":"Bash","floor":6.0,"key":"SMITH"},{"data":"Wild Strike","floor":8.0,"key":"SMITH"},{"data":"True Grit","floor":15,"key":"SMITH"},{"floor":23,"key":"REST"},{"data":"Armaments","floor":25,"key":"SMITH"},{"floor":28,"key":"REST"},{"data":"Whirlwind","floor":32,"key":"SMITH"}],"neow_cost":"NONE","seed_source_timestamp":2672193248686719,"circlet_count":0,"master_deck":["AscendersBane","Strike_R","Strike_R","Strike_R+1","Defend_R","Defend_R+1","Defend_R","Defend_R","Bash+1","Wild Strike+1","Shrug It Off","Cleave","Twin Strike","Headbutt","True Grit+1","Carnage","Pummel","Reaper","Armaments+1","Warcry+1","Disarm+1","Battle Trance","Seeing Red","Whirlwind+1","Dark Shackles"],"special_seed":0,"relics":["Burning Blood","MawBank","Bag of Preparation","Regal Pillow","Bottled Lightning","Mark of Pain","Toy Ornithopter","Bronze Scales","Meat on the Bone","Du-Vu Doll","Brimstone"],"potions_floor_usage":[20,22,22,33],"damage_taken":[{"damage":0.0,"enemies":"Small Slimes","floor":1.0,"turns":3.0},{"damage":14.0,"enemies":"2 Louse","floor":3.0,"turns":3.0},{"damage":1.0,"enemies":"Cultist","floor":4.0,"turns":3.0},{"damage":10.0,"enemies":"3 Louse","floor":5.0,"turns":4.0},{"damage":8.0,"enemies":"Gremlin Nob","floor":7.0,"turns":3.0},{"damage":0.0,"enemies":"2 Fungi Beasts","floor":10.0,"turns":4.0},{"damage":8.0,"enemies":"Blue Slaver","floor":12.0,"turns":4.0},{"damage":27.0,"enemies":"Lagavulin","floor":13.0,"turns":5.0},{"damage":3,"enemies":"Looter","floor":14,"turns":2},{"damage":24,"enemies":"Slime Boss","floor":16,"turns":9},{"damage":27,"enemies":"2 Thieves","floor":18,"turns":4},{"damage":23,"enemies":"3 Byrds","floor":20,"turns":6},{"damage":33,"enemies":"Snake Plant","floor":21,"turns":5},{"damage":34,"enemies":"Centurion and Healer","floor":22,"turns":12},{"damage":45,"enemies":"Gremlin Leader","floor":24,"turns":7},{"damage":32,"enemies":"Book of Stabbing","floor":29,"turns":6},{"damage":15,"enemies":"Snecko","floor":31,"turns":3},{"damage":68,"enemies":"Collector","floor":33,"turns":5}],"seed_played":"-7448446676947593648","potions_obtained":[{"floor":1.0,"key":"Block Potion"},{"floor":5.0,"key":"Fire Potion"},{"floor":12.0,"key":"Fruit Juice"},{"floor":13,"key":"Ancient Potion"},{"floor":20,"key":"GamblersBrew"},{"floor":22,"key":"Energy Potion"}],"is_trial":false,"path_per_floor":["M","?","M","M","M","R","E","R","T","M","?","M","E","M","R","B",null,"M","$","M","M","M","R","E","R","T","?","R","E","$","M","R","B"],"character_chosen":"IRONCLAD","items_purchased":["Regen Potion","Toy Ornithopter","Brimstone","Dark Shackles"],"campfire_rested":2,"item_purchase_floors":[19,19,30,30],"current_hp_per_floor":[74,74,66,71,67,67,65,65,65,71,56,59,38,41,41,23,66,55,55,60,40,30,69,41,41,41,26,66,52,52,55,55,0],"gold":32,"neow_bonus":"RANDOM_COMMON_RELIC","is_prod":false,"is_daily":false,"chose_seed":false,"campfire_upgraded":5,"win_rate":0,"timestamp":1549772437,"path_taken":["M","?","M","M","M","R","E","R","T","M","?","M","E","M","R","BOSS","M","$","M","M","M","R","E","R","T","?","R","E","$","M","R","BOSS"],"build_version":"2019-01-23","purchased_purges":2,"victory":false,"max_hp_per_floor":[75,75,75,75,75,75,75,75,75,75,75,80,80,80,80,80,80,80,80,80,80,80,80,80,80,80,85,85,85,85,85,85,85],"card_choices":[{"not_picked":["Thunderclap","Cleave"],"picked":"Wild Strike","floor":1.0},{"not_picked":["Perfected Strike","Clash","Burning Pact"],"picked":"SKIP","floor":3.0},{"not_picked":["Flex","Pommel Strike"],"picked":"Shrug It Off","floor":4.0},{"not_picked":["Heavy Blade","Corruption"],"picked":"Cleave","floor":5.0},{"not_picked":["Demon Form","Flex"],"picked":"Twin Strike","floor":7.0},{"not_picked":["Heavy Blade","Twin Strike"],"picked":"Headbutt","floor":10.0},{"not_picked":["Armaments","Clash"],"picked":"True Grit","floor":12.0},{"not_picked":["Cleave","Berserk"],"picked":"Carnage","floor":13},{"not_picked":["Headbutt","Burning Pact"],"picked":"Pummel","floor":14},{"not_picked":["Exhume","Fiend Fire"],"picked":"Reaper","floor":16},{"not_picked":["Thunderclap","Havoc"],"picked":"Armaments","floor":18},{"not_picked":["Heavy Blade","Anger"],"picked":"Warcry+1","floor":20},{"not_picked":["Blood for Blood","Rage"],"picked":"Disarm+1","floor":21},{"not_picked":["Cleave","Armaments+1"],"picked":"Battle Trance","floor":22},{"not_picked":["Demon Form","Twin Strike"],"picked":"Seeing Red","floor":24},{"not_picked":["Power Through","Rupture"],"picked":"Whirlwind","floor":29},{"not_picked":["Headbutt","Thunderclap","Infernal Blade"],"picked":"SKIP","floor":31}],"player_experience":599434,"relics_obtained":[{"floor":7.0,"key":"Bag of Preparation"},{"floor":9.0,"key":"Regal Pillow"},{"floor":13,"key":"Bottled Lightning"},{"floor":24,"key":"Bronze Scales"},{"floor":26,"key":"Meat on the Bone"},{"floor":29,"key":"Du-Vu Doll"}],"event_choices":[{"damage_healed":0.0,"max_hp_gain":0.0,"max_hp_loss":0.0,"gold_gain":0.0,"event_name":"Liars Game","player_choice":"Ignored","floor":2.0,"gold_loss":0.0,"damage_taken":0.0},{"damage_healed":0.0,"max_hp_gain":0.0,"max_hp_loss":0.0,"gold_gain":0.0,"event_name":"Shining Light","player_choice":"Entered Light","floor":11.0,"gold_loss":0.0,"damage_taken":15.0,"cards_upgraded":["Defend_R","Strike_R"]},{"damage_healed":0,"gold_gain":0,"player_choice":"Shed Blood","damage_taken":20,"max_hp_gain":5,"max_hp_loss":0,"event_name":"Forgotten Altar","floor":27,"gold_loss":0}],"is_beta":false,"boss_relics":[{"not_picked":["Cursed Key","Empty Cage"],"picked":"Mark of Pain"}],"items_purged_floors":[19,30],"is_endless":false,"potions_floor_spawned":[1,5,12,13,20,22],"killed_by":"Collector","ascension_level":14}