{"gold_per_floor":[114,132,142,32,52,52,77,77,77,77,89,101,3,18,18,120,120,137,137,37,52,52,52,79,79,79,98,124,124,156,166,166,266,266,286,686,700,343,343,377,377,388,388,388,402,161,178,195,195,195],"floor_reached":51,"playtime":3596,"items_purged":["Strike_R","Strike_R","Strike_R"],"score":1017,"play_id":"3a7b568e-f4d3-4cbd-ab4e-7ccd8430aa8d","local_time":"20190118234324","is_ascension_mode":true,"campfire_choices":[{"data":"Body Slam","floor":6.0,"key":"SMITH"},{"data":"Bash","floor":8.0,"key":"SMITH"},{"data":"Second Wind","floor":10.0,"key":"SMITH"},{"data":"Rupture","floor":15.0,"key":"SMITH"},{"data":"True Grit","floor":23,"key":"SMITH"},{"floor":25,"key":"REST"},{"floor":29,"key":"REST"},{"data":"Dark Embrace","floor":32,"key":"SMITH"},{"floor":41,"key":"REST"},{"data":"Juggernaut","floor":44,"key":"SMITH"},{"data":"Havoc","floor":49,"key":"SMITH"}],"neow_cost":"NONE","seed_source_timestamp":720238546737072,"circlet_count":0,"master_deck":["Defend_R","Defend_R","Defend_R","Defend_R","Bash+1","Immolate","Body Slam+1","Seeing Red","Second Wind+1","Feel No Pain","Hemokinesis","Reaper","Battle Trance","Rage","Rupture+1","Shrug It Off","Clothesline","Juggernaut+1","Dual Wield","Offering","True Grit+1","Pummel+1","Clash+1","Dark Embrace+1","Havoc+1","Offering","Shockwave+1","Warcry","Warcry+1","Evolve","Dark Shackles","Flame Barrier+1"],"special_seed":0,"relics":["Burning Blood","Thread and Needle","Pocketwatch","Mark of Pain","Gambling Chip","Self Forming Clay","Bronze Scales","Ornamental Fan","Empty Cage","Old Coin","Vajra","PreservedInsect","Dead Branch","Sundial"],"potions_floor_usage":[27,30,40,45,45,50],"damage_taken":[{"damage":0.0,"enemies":"2 Louse","floor":1.0,"turns":2.0},{"damage":1.0,"enemies":"Cultist","floor":2.0,"turns":3.0},{"damage":2.0,"enemies":"Jaw Worm","floor":3.0,"turns":3.0},{"damage":11.0,"enemies":"Looter","floor":5.0,"turns":2.0},{"damage":33.0,"enemies":"Lagavulin","floor":7.0,"turns":5.0},{"damage":11.0,"enemies":"Exordium Thugs","floor":11.0,"turns":3.0},{"damage":7.0,"enemies":"Blue Slaver","floor":12.0,"turns":3.0},{"damage":5.0,"enemies":"Lots of Slimes","floor":14.0,"turns":3.0},{"damage":44,"enemies":"Slime Boss","floor":16,"turns":8},{"damage":9,"enemies":"Spheric Guardian","floor":18,"turns":5},{"damage":23,"enemies":"Shell Parasite","floor":21,"turns":5},{"damage":53,"enemies":"Slavers","floor":24,"turns":5},{"damage":9,"enemies":"Snake Plant","floor":27,"turns":3},{"damage":9,"enemies":"Book of Stabbing","floor":30,"turns":4},{"damage":9,"enemies":"Snecko","floor":31,"turns":3},{"damage":44,"enemies":"Collector","floor":33,"turns":9},{"damage":12,"enemies":"3 Darklings","floor":35,"turns":3},{"damage":18,"enemies":"Mind Bloom Boss Battle","floor":36,"turns":4},{"damage":9,"enemies":"Orb Walker","floor":37,"turns":3},{"damage":47,"enemies":"Giant Head","floor":40,"turns":7},{"damage":15,"enemies":"Spire Growth","floor":42,"turns":4},{"damage":12,"enemies":"Jaw Worm Horde","floor":45,"turns":2},{"damage":24,"enemies":"4 Shapes","floor":47,"turns":5},{"damage":9,"enemies":"Writhing Mass","floor":48,"turns":3},{"damage":31,"enemies":"Donu and Deca","floor":50,"turns":7}],"seed_played":"-967239902532421562","potions_obtained":[{"floor":2.0,"key":"SpeedPotion"},{"floor":3.0,"key":"FairyPotion"},{"floor":5.0,"key":"SkillPotion"},{"floor":24,"key":"Poison Potion"},{"floor":27,"key":"Weak Potion"},{"floor":33,"key":"Dexterity Potion"},{"floor":37,"key":"PowerPotion"},{"floor":42,"key":"Strength Potion"},{"floor":48,"key":"Regen Potion"}],"is_trial":false,"path_per_floor":["M","M","M","$","M","R","E","R","T","R","M","M","$","M","R","B",null,"M","?","$","M","$","R","E","R","T","M","T","R","E","M","R","B",null,"M","?","M","$","?","E","R","M","T","R","M","$","M","M","R","B",null],"character_chosen":"IRONCLAD","items_purchased":["Feel No Pain","Rupture","Shrug It Off","Evolve","Vajra","Sundial"],"campfire_rested":3,"item_purchase_floors":[4,13,13,38,38,46],"current_hp_per_floor":[78,80,80,80,75,75,48,48,48,48,43,46,46,56,56,26,67,64,64,64,52,52,52,14,38,38,35,35,59,56,53,53,22,66,72,60,57,57,57,26,50,50,50,50,71,71,53,61,61,63],"gold":195,"neow_bonus":"ONE_RANDOM_RARE_CARD","is_prod":false,"is_daily":false,"chose_seed":false,"campfire_upgraded":8,"win_rate":0,"timestamp":1547822604,"path_taken":["M","M","M","$","M","R","E","R","T","R","M","M","$","M","R","BOSS","M","?","?","M","$","R","E","R","T","?","?","R","E","M","R","BOSS","M","?","M","?","?","E","R","?","T","R","M","$","M","M","R","BOSS"],"build_version":"2019-01-17v2","purchased_purges":3,"victory":true,"max_hp_per_floor":[80,80,80,80,80,80,80,80,80,80,80,80,80,80,80,80,80,80,80,80,80,80,80,80,80,80,80,80,80,80,80,80,80,80,80,80,80,80,80,80,80,80,80,80,80,80,80,80,80,80],"card_choices":[{"not_picked":["Inflame","Feel No Pain"],"picked":"Body Slam","floor":1.0},{"not_picked":["Cleave","Headbutt"],"picked":"Seeing Red","floor":2.0},{"not_picked":["Body Slam","Wild Strike"],"picked":"Second Wind","floor":3.0},{"not_picked":["Twin Strike","Pommel Strike"],"picked":"Hemokinesis","floor":5.0},{"not_picked":["Heavy Blade","Feel No Pain"],"picked":"Reaper","floor":7.0},{"not_picked":["Searing Blow","Havoc"],"picked":"Battle Trance","floor":11.0},{"not_picked":["Iron Wave","Corruption"],"picked":"Rage","floor":12.0},{"not_picked":["Pommel Strike","Havoc"],"picked":"Clothesline","floor":14.0},{"not_picked":["Exhume","Brutality"],"picked":"Juggernaut","floor":16},{"not_picked":["Sentinel","Perfected Strike+1"],"picked":"Dual Wield","floor":18},{"not_picked":["Twin Strike","Headbutt"],"picked":"True Grit","floor":21},{"not_picked":["Heavy Blade","Rampage"],"picked":"Pummel+1","floor":24},{"not_picked":["Immolate","Pummel"],"picked":"Clash+1","floor":27},{"not_picked":["Body Slam","Perfected Strike"],"picked":"Dark Embrace","floor":30},{"not_picked":["True Grit","Sever Soul"],"picked":"Havoc","floor":31},{"not_picked":["Feed","Bludgeon"],"picked":"Offering","floor":33},{"not_picked":["Cleave","Searing Blow+1"],"picked":"Shockwave+1","floor":35},{"not_picked":["Perfected Strike","Flex"],"picked":"Warcry","floor":36},{"not_picked":["Anger+1","Armaments+1"],"picked":"Warcry+1","floor":37},{"not_picked":["Swift Strike","Metamorphosis"],"picked":"Dark Shackles","floor":39},{"not_picked":["Armaments+1","Body Slam+1"],"picked":"Flame Barrier+1","floor":40},{"not_picked":["Rage","Cleave","Fire Breathing+1"],"picked":"SKIP","floor":42},{"not_picked":["Fire Breathing","Thunderclap+1","Blood for Blood"],"picked":"SKIP","floor":45},{"not_picked":["True Grit","Sever Soul+1","Pummel+1"],"picked":"SKIP","floor":47},{"not_picked":["Sword Boomerang+1","Armaments","Brutality"],"picked":"SKIP","floor":48}],"player_experience":395349,"relics_obtained":[{"floor":7.0,"key":"Thread and Needle"},{"floor":9.0,"key":"Pocketwatch"},{"floor":24,"key":"Gambling Chip"},{"floor":26,"key":"Self Forming Clay"},{"floor":28,"key":"Bronze Scales"},{"floor":30,"key":"Ornamental Fan"},{"floor":36,"key":"Old Coin"},{"floor":40,"key":"PreservedInsect"},{"floor":43,"key":"Dead Branch"}],"event_choices":[{"damage_healed":0,"gold_gain":0,"player_choice":"1 cards matched","damage_taken":0,"max_hp_gain":0,"max_hp_loss":0,"event_name":"Match and Keep!","floor":19,"gold_loss":0,"cards_obtained":["Offering"]},{"damage_healed":0,"gold_gain":0,"player_choice":"Fight","damage_taken":0,"max_hp_gain":0,"max_hp_loss":0,"event_name":"MindBloom","floor":36,"gold_loss":0},{"damage_healed":0,"gold_gain":0,"player_choice":"Memory 1","damage_taken":0,"max_hp_gain":0,"max_hp_loss":0,"event_name":"SensoryStone","floor":39,"gold_loss":0}],"is_beta":false,"boss_relics":[{"not_picked":["Calling Bell","Black Star"],"picked":"Mark of Pain"},{"not_picked":["Runic Dome","Eternal Feather"],"picked":"Empty Cage"}],"items_purged_floors":[4,20,38],"is_endless":false,"potions_floor_spawned":[2,3,5,24,27,33,37,42,48],"ascension_level":6}