{"gold_per_floor":[112,124,124,124,23,49,49,60,60,73,87,87,120,183,183,288,288,302,290,323,323],"floor_reached":21,"playtime":1036,"items_purged":["Strike_B"],"score":356,"play_id":"97993722-7491-4768-b3a7-b82be5f40a80","local_time":"20190113160235","is_ascension_mode":true,"campfire_choices":[{"floor":7.0,"key":"REST"},{"floor":12.0,"key":"REST"},{"data":"Streamline","floor":15,"key":"SMITH"}],"neow_cost":"NONE","seed_source_timestamp":263196984414718,"circlet_count":0,"master_deck":["Strike_B+1","Defend_B","Defend_B","Defend_B","Defend_B","Zap","Dualcast","White Noise+1","Redo","Loop","Fusion","Streamline+1","BootSequence","Ball Lightning","Auto Shields","Coolheaded","Sweeping Beam","Creative AI","Melter"],"special_seed":0,"relics":["Cracked Core","Du-Vu Doll","Pocketwatch","Blue Candle","Nuclear Battery","Red Mask"],"potions_floor_usage":[13,20,20],"damage_taken":[{"damage":10.0,"enemies":"Small Slimes","floor":1.0,"turns":3.0},{"damage":9.0,"enemies":"2 Louse","floor":2.0,"turns":2.0},{"damage":32.0,"enemies":"Gremlin Nob","floor":6.0,"turns":5.0},{"damage":2.0,"enemies":"Jaw Worm","floor":8.0,"turns":4.0},{"damage":0.0,"enemies":"Exordium Wildlife","floor":10.0,"turns":3.0},{"damage":8.0,"enemies":"Blue Slaver","floor":11.0,"turns":3.0},{"damage":0,"enemies":"3 Sentries","floor":13,"turns":5},{"damage":0,"enemies":"Slime Boss","floor":16,"turns":9},{"damage":2,"enemies":"Chosen","floor":18,"turns":4},{"damage":13,"enemies":"2 Thieves","floor":19,"turns":4},{"damage":41,"enemies":"Masked Bandits","floor":20,"turns":6},{"damage":18,"enemies":"Colosseum Slavers","floor":21,"turns":3}],"seed_played":"-464653382248541649","potions_obtained":[{"floor":2.0,"key":"Weak Potion"},{"floor":11.0,"key":"Block Potion"},{"floor":18,"key":"EssenceOfSteel"},{"floor":19,"key":"Block Potion"}],"is_trial":false,"path_per_floor":["M","M","?","?","$","E","R","M","T","M","M","R","E","?","R","B",null,"M","M","?","?"],"character_chosen":"DEFECT","items_purchased":["Streamline"],"campfire_rested":2,"item_purchase_floors":[5],"current_hp_per_floor":[58,49,49,34,34,2,24,22,22,22,14,36,36,36,36,36,65,63,50,9,0],"gold":323,"neow_bonus":"TRANSFORM_CARD","is_prod":false,"is_daily":false,"chose_seed":false,"campfire_upgraded":1,"win_rate":0,"timestamp":1547362955,"path_taken":["M","M","?","?","$","E","R","M","T","M","M","R","E","?","R","BOSS","M","M","?","?"],"build_version":"2019-01-10","purchased_purges":1,"victory":false,"max_hp_per_floor":[75,75,75,75,75,75,75,75,75,75,75,75,75,75,75,75,75,75,75,75,75],"card_choices":[{"not_picked":["Leap","Hologram"],"picked":"Redo","floor":1.0},{"not_picked":["Scrape","Rebound"],"picked":"Loop","floor":2.0},{"not_picked":["Leap","Doom and Gloom"],"picked":"BootSequence","floor":6.0},{"not_picked":["Tempest","Darkness"],"picked":"Ball Lightning","floor":8.0},{"not_picked":["Biased Cognition","Aggregate"],"picked":"Auto Shields","floor":10.0},{"not_picked":["Beam Cell","Scrape"],"picked":"Coolheaded","floor":11.0},{"not_picked":["Rebound","Storm"],"picked":"Sweeping Beam","floor":13},{"not_picked":["Echo Form","Reboot"],"picked":"Creative AI","floor":16},{"not_picked":["Gash","Steam"],"picked":"Melter","floor":18},{"not_picked":["Gash+1","Turbo","Conserve Battery"],"picked":"SKIP","floor":19}],"player_experience":358891,"relics_obtained":[{"floor":6.0,"key":"Du-Vu Doll"},{"floor":9.0,"key":"Pocketwatch"},{"floor":13,"key":"Blue Candle"},{"floor":20,"key":"Red Mask"}],"event_choices":[{"damage_healed":0.0,"max_hp_gain":0.0,"max_hp_loss":0.0,"gold_gain":0.0,"cards_transformed":["Strike_B"],"event_name":"Living Wall","player_choice":"Change","floor":3.0,"gold_loss":0.0,"damage_taken":0.0,"cards_obtained":["Fusion"]},{"damage_healed":0.0,"max_hp_gain":0.0,"max_hp_loss":0.0,"gold_gain":0.0,"event_name":"Shining Light","player_choice":"Entered Light","floor":4.0,"gold_loss":0.0,"damage_taken":15.0,"cards_upgraded":["Strike_B","White Noise"]},{"damage_healed":0,"gold_gain":63,"player_choice":"Gained Gold","damage_taken":0,"max_hp_gain":0,"max_hp_loss":0,"event_name":"Golden Wing","floor":14,"gold_loss":0},{"damage_healed":0,"gold_gain":0,"player_choice":"Fought Bandits","damage_taken":0,"max_hp_gain":0,"max_hp_loss":0,"event_name":"Masked Bandits","floor":20,"gold_loss":0},{"damage_healed":0,"gold_gain":0,"player_choice":"Fight","damage_taken":0,"max_hp_gain":0,"max_hp_loss":0,"event_name":"Colosseum","floor":21,"gold_loss":0}],"is_beta":false,"boss_relics":[{"not_picked":["Cursed Key","Calling Bell"],"picked":"Nuclear Battery"}],"items_purged_floors":[5],"is_endless":false,"potions_floor_spawned":[2,11,18,19],"killed_by":"Colosseum Slavers","ascension_level":7}