{"gold_per_floor":[404,404,429,458,491,491,106,106,138,172,203,203,3,3,30,58,89,89],"floor_reached":18,"playtime":581,"items_purged":["Strike_B","Strike_B","Strike_B+1"],"score":510,"play_id":"0cf56ea4-f7a9-4caa-8beb-1d2034d69974","local_time":"20190403000405","daily_mods":["Uncertain Future"],"is_ascension_mode":true,"campfire_choices":[{"data":"Zap","floor":2,"key":"SMITH"},{"data":"Turbo","floor":8,"key":"SMITH"},{"data":"White Noise","floor":14,"key":"SMITH"}],"neow_cost":"","seed_source_timestamp":0,"circlet_count":0,"master_deck":["AscendersBane","Defend_B+1","Defend_B+1","Zap+1","Dualcast","Storm","Meteor Strike","Compile Driver","Streamline+1","Turbo+1","Electrodynamics","Gash+1","Rebound+1","Undo+1","Cold Snap","White Noise+1","Conserve Battery","Heatsinks"],"relics":["Cracked Core","Black Star","Sling","PreservedInsect","Potion Belt","Cables","Whetstone","Strawberry","Centennial Puzzle","Blood Vial","Calipers","Astrolabe","Toy Ornithopter","Mummified Hand","War Paint","Bag of Marbles","Ginger","Emotion Chip","Du-Vu Doll","White Beast Statue","Boot","Bottled Tornado","Meat on the Bone","Turnip","Smiling Mask","Regal Pillow"],"potions_floor_usage":[3,15,16,17,17,18,18],"damage_taken":[{"damage":11,"enemies":"Gremlin Nob","floor":3,"turns":3},{"damage":10,"enemies":"3 Sentries","floor":4,"turns":4},{"damage":5,"enemies":"Lagavulin","floor":5,"turns":5},{"damage":2,"enemies":"Gremlin Leader","floor":9,"turns":4},{"damage":5,"enemies":"Book of Stabbing","floor":10,"turns":3},{"damage":0,"enemies":"Slavers","floor":11,"turns":2},{"damage":49,"enemies":"Nemesis","floor":15,"turns":5},{"damage":0,"enemies":"Reptomancer","floor":16,"turns":2},{"damage":3,"enemies":"Giant Head","floor":17,"turns":6},{"damage":47,"enemies":"Shield and Spear","floor":18,"turns":2}],"seed_played":"5327397928993438585","potions_obtained":[{"floor":9,"key":"PowerPotion"},{"floor":11,"key":"FearPotion"},{"floor":15,"key":"AttackPotion"},{"floor":16,"key":"FocusPotion"},{"floor":17,"key":"FocusPotion"}],"is_trial":true,"path_per_floor":["$","R","E","E","E","T","$","R","E","E","E","T","$","R","E","E","E","E"],"character_chosen":"DEFECT","items_purchased":["Storm","Meteor Strike","Compile Driver","AttackPotion","Ancient Potion","Potion Belt","Toy Ornithopter","AttackPotion","White Noise"],"campfire_rested":0,"item_purchase_floors":[1,1,1,1,1,1,7,7,13],"current_hp_per_floor":[64,64,53,50,45,45,45,45,45,42,44,44,44,44,2,9,30,0],"gold":89,"neow_bonus":"","is_prod":false,"is_daily":false,"chose_seed":false,"campfire_upgraded":3,"win_rate":0,"timestamp":1554217445,"path_taken":["$","R","E","E","E","T","$","R","E","E","E","T","$","R","E","E","E","E"],"build_version":"2019-01-23","purchased_purges":3,"victory":false,"max_hp_per_floor":[71,71,71,78,78,78,78,78,78,78,78,78,78,78,78,78,78,78],"card_choices":[{"not_picked":["Chaos","Sweeping Beam"],"picked":"Streamline","floor":3},{"not_picked":["Tempest","Machine Learning"],"picked":"Turbo","floor":4},{"not_picked":["Sweeping Beam","Redo"],"picked":"Electrodynamics","floor":5},{"not_picked":["Gash","Turbo"],"picked":"Cold Snap","floor":9},{"not_picked":["Stack","Cold Snap","Steam"],"picked":"SKIP","floor":10},{"not_picked":["Turbo","Steam","Rainbow"],"picked":"SKIP","floor":11},{"not_picked":["Recycle","Turbo"],"picked":"Conserve Battery","floor":15},{"not_picked":["Genetic Algorithm","Barrage","Steam"],"picked":"SKIP","floor":16},{"not_picked":["Steam Power","Chaos"],"picked":"Heatsinks","floor":17}],"player_experience":4688095,"relics_obtained":[{"floor":3,"key":"Cables"},{"floor":3,"key":"Whetstone"},{"floor":4,"key":"Strawberry"},{"floor":4,"key":"Centennial Puzzle"},{"floor":5,"key":"Blood Vial"},{"floor":5,"key":"Calipers"},{"floor":9,"key":"Mummified Hand"},{"floor":9,"key":"War Paint"},{"floor":10,"key":"Bag of Marbles"},{"floor":10,"key":"Ginger"},{"floor":11,"key":"Emotion Chip"},{"floor":11,"key":"Du-Vu Doll"},{"floor":15,"key":"Boot"},{"floor":15,"key":"Bottled Tornado"},{"floor":16,"key":"Meat on the Bone"},{"floor":16,"key":"Turnip"},{"floor":17,"key":"Smiling Mask"},{"floor":17,"key":"Regal Pillow"}],"event_choices":[],"is_beta":false,"boss_relics":[{"not_picked":["Philosopher\u0027s Stone","Velvet Choker"],"picked":"Astrolabe"},{"not_picked":["Sozu","Nuclear Battery"],"picked":"White Beast Statue"}],"items_purged_floors":[1,7,13],"is_endless":false,"potions_floor_spawned":[9,11,15,16,17],"killed_by":"Shield and Spear","ascension_level":20}