{"gold_per_floor":[111,7,17,29,41,41,59,59,59,71,96,111,111,128,128,202,202,213,224,243,10,26,55,55,74,74,74,74,99,99,112,112,188,188,201,221,0,14,26,26,26,26,26,5,5,25,40,68,68,68,68,68,23,53,53],"floor_reached":55,"playtime":4946,"items_purged":["Strike_G","Strike_G"],"score":1321,"play_id":"13dcec7d-a57e-4d5c-8322-380c0019ac59","local_time":"20190529182042","is_ascension_mode":true,"campfire_choices":[{"data":"Bouncing Flask","floor":6.0,"key":"SMITH"},{"data":"Cloak And Dagger","floor":8.0,"key":"SMITH"},{"data":"Noxious Fumes","floor":15.0,"key":"SMITH"},{"data":"Well Laid Plans","floor":24.0,"key":"SMITH"},{"data":"Sucker Punch","floor":27.0,"key":"SMITH"},{"data":"A Thousand Cuts","floor":30.0,"key":"SMITH"},{"floor":32.0,"key":"REST"},{"data":"Cloak And Dagger","floor":40.0,"key":"SMITH"},{"data":"Tools of the Trade","floor":42.0,"key":"SMITH"},{"data":"Cloak And Dagger","floor":45.0,"key":"SMITH"},{"floor":49.0,"key":"RECALL"},{"data":"PiercingWail","floor":52.0,"key":"SMITH"}],"neow_cost":"NONE","seed_source_timestamp":895856993257039,"circlet_count":0,"master_deck":["AscendersBane","Strike_G","Strike_G","Strike_G","Defend_G","Defend_G","Defend_G","Defend_G","Defend_G","Survivor","Neutralize+1","Bouncing Flask+1","Deadly Poison","Sucker Punch+1","Flying Knee","Cloak And Dagger+1","PiercingWail+1","Noxious Fumes+1","Die Die Die","Well Laid Plans+1","PiercingWail","Heel Hook","Deflect","Leg Sweep+1","A Thousand Cuts+1","Tools of the Trade+1","Leg Sweep","PiercingWail+1","Backflip","Cloak And Dagger+1","Cloak And Dagger+1","Footwork"],"special_seed":0,"relics":["Ring of the Snake","Meat on the Bone","The Courier","Lizard Tail","Regal Pillow","Kunai","MutagenicStrength","Paper Crane","Cursed Key","Red Mask","Mango","Sundial"],"potions_floor_usage":[54,55],"damage_taken":[{"damage":0.0,"enemies":"Cultist","floor":1.0,"turns":5.0},{"damage":4.0,"enemies":"2 Louse","floor":3.0,"turns":3.0},{"damage":1.0,"enemies":"Small Slimes","floor":4.0,"turns":5.0},{"damage":6.0,"enemies":"2 Fungi Beasts","floor":5.0,"turns":3.0},{"damage":7.0,"enemies":"Blue Slaver","floor":7.0,"turns":4.0},{"damage":15.0,"enemies":"Exordium Wildlife","floor":10.0,"turns":6.0},{"damage":14.0,"enemies":"Lagavulin","floor":11.0,"turns":5.0},{"damage":4.0,"enemies":"Looter","floor":12.0,"turns":4.0},{"damage":1.0,"enemies":"3 Louse","floor":14.0,"turns":4.0},{"damage":13.0,"enemies":"Hexaghost","floor":16.0,"turns":8.0},{"damage":4.0,"enemies":"3 Byrds","floor":18.0,"turns":4.0},{"damage":3.0,"enemies":"Spheric Guardian","floor":19.0,"turns":5.0},{"damage":20.0,"enemies":"Centurion and Healer","floor":20.0,"turns":8.0},{"damage":26.0,"enemies":"Shelled Parasite and Fungi","floor":22.0,"turns":7.0},{"damage":9.0,"enemies":"Gremlin Leader","floor":23.0,"turns":7.0},{"damage":6.0,"enemies":"Cultist and Chosen","floor":25.0,"turns":7.0},{"damage":36.0,"enemies":"Book of Stabbing","floor":29.0,"turns":8.0},{"damage":16.0,"enemies":"Snecko","floor":31.0,"turns":9.0},{"damage":44.0,"enemies":"Collector","floor":33.0,"turns":11.0},{"damage":21.0,"enemies":"3 Darklings","floor":35.0,"turns":7.0},{"damage":4.0,"enemies":"Orb Walker","floor":36.0,"turns":5.0},{"damage":8.0,"enemies":"3 Darklings","floor":38.0,"turns":8.0},{"damage":4.0,"enemies":"Jaw Worm Horde","floor":39.0,"turns":7.0},{"damage":11.0,"enemies":"Transient","floor":46.0,"turns":6.0},{"damage":0.0,"enemies":"Writhing Mass","floor":47.0,"turns":9.0},{"damage":17.0,"enemies":"Giant Head","floor":48.0,"turns":12.0},{"damage":35.0,"enemies":"Donu and Deca","floor":50.0,"turns":18.0},{"damage":28,"enemies":"Shield and Spear","floor":54,"turns":14},{"damage":38,"enemies":"The Heart","floor":55,"turns":6}],"seed_played":"6919288836513622325","potions_obtained":[{"floor":1.0,"key":"PowerPotion"},{"floor":4.0,"key":"GamblersBrew"},{"floor":13.0,"key":"SkillPotion"},{"floor":18.0,"key":"Regen Potion"},{"floor":20.0,"key":"GhostInAJar"},{"floor":31.0,"key":"SkillPotion"},{"floor":33.0,"key":"GhostInAJar"},{"floor":38.0,"key":"Fire Potion"},{"floor":39.0,"key":"SkillPotion"},{"floor":46.0,"key":"Dexterity Potion"}],"is_trial":false,"path_per_floor":["M","$","M","M","M","R","M","R","T","M","E","M","?","M","R","B",null,"M","M","M","$","M","E","R","M","T","R","?","E","R","M","R","B",null,"M","M","?","M","M","R","?","R","T","$","R","M","M","E","R","B",null,"R","$","E","B"],"character_chosen":"THE_SILENT","items_purchased":["Deadly Poison","PiercingWail","Regal Pillow","Cloak And Dagger","Dexterity Potion"],"campfire_rested":1,"item_purchase_floors":[2,21,21,44,53],"current_hp_per_floor":[59,59,55,54,48,48,41,41,41,38,36,44,44,43,43,42,60,56,53,45,45,34,37,37,43,43,43,43,19,19,15,49,17,54,45,41,41,45,41,41,41,41,41,41,41,42,42,51,51,28,67,67,67,51,13],"gold":53,"neow_bonus":"UPGRADE_CARD","is_prod":false,"is_daily":false,"chose_seed":false,"campfire_upgraded":10,"win_rate":0,"timestamp":1559121642,"path_taken":["M","$","M","M","M","R","M","R","T","M","E","?","?","M","R","BOSS","M","?","M","$","M","E","R","M","T","R","?","E","R","M","R","BOSS","M","M","?","M","M","R","?","R","T","?","R","M","M","E","R","BOSS","R","$","E","BOSS"],"build_version":"2019-05-26","purchased_purges":2,"victory":false,"max_hp_per_floor":[66,66,66,66,66,66,66,66,66,66,66,66,66,66,66,66,66,66,66,66,66,66,66,66,66,66,66,66,66,66,66,66,66,66,66,66,66,66,66,66,66,66,66,66,66,66,66,80,80,80,80,80,80,80,80],"card_choices":[{"not_picked":["Deflect","Backflip"],"picked":"Bouncing Flask","floor":1.0},{"not_picked":["Quick Slash","Slice","Accuracy"],"picked":"SKIP","floor":3.0},{"not_picked":["Quick Slash","Masterful Stab"],"picked":"Sucker Punch","floor":4.0},{"not_picked":["Blade Dance","Phantasmal Killer"],"picked":"Flying Knee","floor":5.0},{"not_picked":["Slice","Riddle With Holes"],"picked":"Cloak And Dagger","floor":7.0},{"not_picked":["Outmaneuver","Riddle With Holes","Quick Slash"],"picked":"SKIP","floor":10.0},{"not_picked":["Underhanded Strike","Cloak And Dagger"],"picked":"PiercingWail","floor":11.0},{"not_picked":["Dodge and Roll","Heel Hook"],"picked":"Noxious Fumes","floor":12.0},{"not_picked":["Dagger Throw","Bane","Deflect"],"picked":"SKIP","floor":14.0},{"not_picked":["Unload","Glass Knife"],"picked":"Die Die Die","floor":16.0},{"not_picked":["Bane","Choke","Riddle With Holes"],"picked":"SKIP","floor":18.0},{"not_picked":["Acrobatics","Dagger Throw","Deflect"],"picked":"SKIP","floor":19.0},{"not_picked":["Acrobatics","Leg Sweep"],"picked":"Well Laid Plans","floor":20.0},{"not_picked":["Outmaneuver","Quick Slash"],"picked":"Heel Hook","floor":22.0},{"not_picked":["Poisoned Stab","Acrobatics"],"picked":"Deflect","floor":23.0},{"not_picked":["Flying Knee","Setup"],"picked":"Leg Sweep+1","floor":25.0},{"not_picked":["Deflect","Underhanded Strike"],"picked":"A Thousand Cuts","floor":29.0},{"not_picked":["Blade Dance","Riddle With Holes","Dagger Spray"],"picked":"SKIP","floor":31.0},{"not_picked":["Unload","Die Die Die"],"picked":"Tools of the Trade","floor":33.0},{"not_picked":["Dodge and Roll","Tactician"],"picked":"Leg Sweep","floor":35.0},{"not_picked":["Accuracy","Slice"],"picked":"PiercingWail+1","floor":36.0},{"not_picked":["Poisoned Stab","Calculated Gamble"],"picked":"Backflip","floor":38.0},{"not_picked":["Concentrate","Quick Slash"],"picked":"Cloak And Dagger","floor":39.0},{"not_picked":["Cloak And Dagger","Dodge and Roll"],"picked":"Footwork","floor":46.0},{"not_picked":["Expertise+1","Bane","Flying Knee+1"],"picked":"SKIP","floor":47.0},{"not_picked":["Doppelganger","Predator","Dash"],"picked":"SKIP","floor":48.0},{"not_picked":["Envenom","Well Laid Plans","Quick Slash"],"picked":"SKIP","floor":54}],"player_experience":3366134,"relics_obtained":[{"floor":9.0,"key":"Meat on the Bone"},{"floor":11.0,"key":"The Courier"},{"floor":23.0,"key":"Kunai"},{"floor":29.0,"key":"Paper Crane"},{"floor":48.0,"key":"Mango"},{"floor":54,"key":"Sundial"}],"event_choices":[{"damage_healed":0.0,"max_hp_gain":0.0,"max_hp_loss":0.0,"gold_gain":0.0,"event_name":"Lab","player_choice":"Got Potions","floor":13.0,"gold_loss":0.0,"damage_taken":0.0},{"damage_healed":0.0,"max_hp_gain":0.0,"max_hp_loss":0.0,"gold_gain":0.0,"event_name":"Drug Dealer","player_choice":"Inject Mutagens","floor":28.0,"gold_loss":0.0,"damage_taken":0.0,"relics_obtained":["MutagenicStrength"]},{"damage_healed":0.0,"max_hp_gain":0.0,"max_hp_loss":0.0,"gold_gain":0.0,"event_name":"Tomb of Lord Red Mask","player_choice":"Paid","floor":37.0,"gold_loss":221.0,"damage_taken":0.0,"relics_obtained":["Red Mask"]},{"damage_healed":0.0,"max_hp_gain":0.0,"max_hp_loss":0.0,"gold_gain":0.0,"event_name":"SensoryStone","player_choice":"Memory 1","floor":41.0,"gold_loss":0.0,"damage_taken":0.0}],"is_beta":true,"boss_relics":[{"not_picked":["Runic Dome","Fusion Hammer"],"picked":"Lizard Tail"},{"not_picked":["Tiny House","Philosopher\u0027s Stone"],"picked":"Cursed Key"}],"items_purged_floors":[2,21],"is_endless":false,"potions_floor_spawned":[1,4,16,18,20,31,33,38,39,46],"killed_by":"The Heart","ascension_level":18}