{"gold_per_floor":[119,132,142,155,155,155,188,188,213,233,233,267,284,313,313,386,386,396,396,413,426,439,439,439,439,439,439,278,278,278,288,288,365,365,382,77,92,35,50,66,100,100,127,160,160,179,179,193,193,193,193,193,33,66,66],"floor_reached":56,"playtime":7844,"items_purged":["Strike_G"],"score":2086,"play_id":"7833dee8-e4c1-4585-909c-aa01f1c215c3","local_time":"20190426004643","is_ascension_mode":true,"campfire_choices":[{"data":"Dagger Spray","floor":6.0,"key":"SMITH"},{"data":"Dagger Spray","floor":8.0,"key":"SMITH"},{"data":"Leg Sweep","floor":11.0,"key":"SMITH"},{"floor":15.0,"key":"REST"},{"floor":23.0,"key":"REST"},{"data":"Noxious Fumes","floor":25.0,"key":"SMITH"},{"data":"Malaise","floor":27.0,"key":"SMITH"},{"data":"Well Laid Plans","floor":29,"key":"SMITH"},{"data":"Acrobatics","floor":32,"key":"SMITH"},{"data":"Burst","floor":45,"key":"SMITH"},{"floor":49,"key":"RECALL"},{"data":"Footwork","floor":52,"key":"SMITH"}],"neow_cost":"NONE","seed_source_timestamp":1147508806690113,"circlet_count":0,"master_deck":["AscendersBane","Survivor","Neutralize","Leg Sweep+1","Dagger Spray+1","Blur","Backflip","Dagger Spray+1","Corpse Explosion","Crippling Poison","Noxious Fumes+1","Flying Knee","Malaise+1","Acrobatics+1","Distraction","Storm of Steel","Crippling Poison","PiercingWail+1","Well Laid Plans+1","Writhe","Night Terror","Dodge and Roll","Phantasmal Killer","Setup","Skewer","Night Terror","Dagger Throw","Burst+1","Cloak And Dagger+1","Footwork+1","Deflect","Backflip","Predator+1","Calculated Gamble","PiercingWail+1"],"special_seed":0,"relics":["Black Star","Happy Flower","Lantern","Pen Nib","Juzu Bracelet","Whetstone","Letter Opener","PreservedInsect","Snecko Eye","Incense Burner","FossilizedHelix","Du-Vu Doll","Pandora\u0027s Box","OrangePellets","Omamori","Smiling Mask","Centennial Puzzle","Ginger","Bronze Scales","Mummified Hand","Bag of Preparation"],"potions_floor_usage":[37,55,55],"damage_taken":[{"damage":7.0,"enemies":"2 Louse","floor":1.0,"turns":5.0},{"damage":0.0,"enemies":"Jaw Worm","floor":2.0,"turns":7.0},{"damage":3.0,"enemies":"Cultist","floor":3.0,"turns":4.0},{"damage":5.0,"enemies":"Large Slime","floor":4.0,"turns":9.0},{"damage":4.0,"enemies":"3 Sentries","floor":7.0,"turns":6.0},{"damage":19.0,"enemies":"Exordium Wildlife","floor":10.0,"turns":5.0},{"damage":7.0,"enemies":"Lagavulin","floor":12.0,"turns":7.0},{"damage":9.0,"enemies":"3 Louse","floor":13.0,"turns":2.0},{"damage":17.0,"enemies":"Gremlin Nob","floor":14.0,"turns":5.0},{"damage":13.0,"enemies":"Hexaghost","floor":16.0,"turns":10.0},{"damage":19.0,"enemies":"Chosen","floor":18.0,"turns":10.0},{"damage":2.0,"enemies":"Spheric Guardian","floor":20.0,"turns":5.0},{"damage":9.0,"enemies":"Shelled Parasite and Fungi","floor":21.0,"turns":4.0},{"damage":0.0,"enemies":"Snecko","floor":22.0,"turns":5.0},{"damage":0,"enemies":"Snake Plant","floor":31,"turns":3},{"damage":6,"enemies":"Collector","floor":33,"turns":9},{"damage":0,"enemies":"Orb Walker","floor":35,"turns":2},{"damage":0,"enemies":"3 Shapes","floor":37,"turns":2},{"damage":26,"enemies":"3 Darklings","floor":39,"turns":4},{"damage":1,"enemies":"Jaw Worm Horde","floor":40,"turns":3},{"damage":0,"enemies":"Giant Head","floor":41,"turns":11},{"damage":0,"enemies":"Reptomancer","floor":44,"turns":6},{"damage":0,"enemies":"Maw","floor":46,"turns":12},{"damage":0,"enemies":"Transient","floor":48,"turns":6},{"damage":33,"enemies":"Time Eater","floor":50,"turns":19},{"damage":28,"enemies":"Shield and Spear","floor":54,"turns":4},{"damage":2,"enemies":"The Heart","floor":55,"turns":18}],"seed_played":"2399429942186445450","potions_obtained":[{"floor":3.0,"key":"SteroidPotion"},{"floor":4.0,"key":"SteroidPotion"},{"floor":10.0,"key":"GhostInAJar"},{"floor":13.0,"key":"AttackPotion"},{"floor":14.0,"key":"GhostInAJar"},{"floor":20.0,"key":"LiquidBronze"},{"floor":31,"key":"LiquidBronze"},{"floor":33,"key":"Swift Potion"},{"floor":37,"key":"SkillPotion"}],"is_trial":false,"path_per_floor":["M","M","M","M","?","R","E","R","T","M","R","E","M","E","R","B",null,"M","?","M","M","M","R","?","R","T","R","$","R","?","M","R","B",null,"M","$","M","$","M","M","E","?","T","E","R","M","?","M","R","B",null,"R","$","E","B",null],"character_chosen":"THE_SILENT","items_purchased":["Well Laid Plans","OrangePellets","Footwork","Dexterity Potion","Bronze Scales"],"campfire_rested":2,"item_purchase_floors":[28,36,36,38,53],"current_hp_per_floor":[52,52,49,44,66,66,62,62,62,43,43,36,27,10,29,16,54,35,35,33,24,24,43,43,43,43,43,43,43,43,43,43,37,59,59,59,59,59,33,32,32,32,32,32,32,32,54,54,54,21,46,46,46,18,16],"gold":66,"neow_bonus":"BOSS_RELIC","is_prod":false,"is_daily":false,"chose_seed":false,"campfire_upgraded":9,"win_rate":0,"timestamp":1556207203,"path_taken":["M","M","M","M","?","R","E","R","T","M","R","E","M","E","R","BOSS","M","?","M","M","M","R","?","R","T","R","$","R","?","M","R","BOSS","M","$","M","$","M","M","E","?","T","E","R","M","?","M","R","BOSS","R","$","E","BOSS"],"build_version":"2019-04-23","purchased_purges":1,"victory":true,"max_hp_per_floor":[66,66,66,66,66,66,66,66,66,66,66,66,66,66,66,66,66,66,66,66,66,66,66,66,66,66,66,66,66,66,66,66,66,66,66,66,66,66,66,66,66,66,66,66,66,66,54,54,54,54,54,54,54,54,54],"card_choices":[{"not_picked":["PiercingWail","Acrobatics"],"picked":"Leg Sweep","floor":1.0},{"not_picked":["Bane","Underhanded Strike"],"picked":"Dagger Spray","floor":2.0},{"not_picked":["Prepared","All Out Attack"],"picked":"Blur","floor":3.0},{"not_picked":["Infinite Blades","Slice"],"picked":"Backflip","floor":4.0},{"not_picked":["Backflip","Accuracy"],"picked":"Dagger Spray","floor":7.0},{"not_picked":["Deadly Poison","Expertise"],"picked":"Corpse Explosion","floor":10.0},{"not_picked":["Infinite Blades","Underhanded Strike"],"picked":"Crippling Poison","floor":12.0},{"not_picked":["Blade Dance","Poisoned Stab"],"picked":"Noxious Fumes","floor":13.0},{"not_picked":["Riddle With Holes","Dodge and Roll"],"picked":"Flying Knee","floor":14.0},{"not_picked":["Die Die Die","Unload"],"picked":"Malaise","floor":16.0},{"not_picked":["Distraction","Escape Plan"],"picked":"Acrobatics","floor":18.0},{"not_picked":["Backflip","Acrobatics"],"picked":"Crippling Poison","floor":20.0},{"not_picked":["Leg Sweep","Cloak And Dagger"],"picked":"PiercingWail+1","floor":21.0},{"not_picked":["Flying Knee","Dodge and Roll","Sucker Punch"],"picked":"SKIP","floor":22.0},{"not_picked":["Outmaneuver","Blade Dance","Prepared"],"picked":"SKIP","floor":31},{"not_picked":["Tools of the Trade","Malaise"],"picked":"Night Terror","floor":33},{"not_picked":["Bane+1","Heel Hook+1"],"picked":"Cloak And Dagger+1","floor":35},{"not_picked":["Eviscerate","Poisoned Stab"],"picked":"Deflect","floor":37},{"not_picked":["Underhanded Strike","Setup+1"],"picked":"Backflip","floor":39},{"not_picked":["Choke","Dagger Spray+1"],"picked":"Predator+1","floor":40},{"not_picked":["Poisoned Stab+1","Quick Slash"],"picked":"Calculated Gamble","floor":41},{"not_picked":["Underhanded Strike","Backflip","Escape Plan"],"picked":"SKIP","floor":44},{"not_picked":["Unload","Bane+1","Blade Dance"],"picked":"SKIP","floor":46},{"not_picked":["Backstab","Blade Dance","Flechettes"],"picked":"SKIP","floor":48},{"not_picked":["Catalyst","Deflect+1"],"picked":"PiercingWail+1","floor":54}],"player_experience":3057475,"relics_obtained":[{"floor":7.0,"key":"Happy Flower"},{"floor":7.0,"key":"Lantern"},{"floor":9.0,"key":"Pen Nib"},{"floor":12.0,"key":"Juzu Bracelet"},{"floor":12.0,"key":"Whetstone"},{"floor":14.0,"key":"Letter Opener"},{"floor":14.0,"key":"PreservedInsect"},{"floor":26.0,"key":"FossilizedHelix"},{"floor":41,"key":"Omamori"},{"floor":41,"key":"Smiling Mask"},{"floor":44,"key":"Centennial Puzzle"},{"floor":44,"key":"Ginger"},{"floor":54,"key":"Mummified Hand"},{"floor":54,"key":"Bag of Preparation"}],"event_choices":[{"damage_healed":22.0,"max_hp_gain":0.0,"max_hp_loss":0.0,"gold_gain":0.0,"event_name":"Big Fish","player_choice":"Banana","floor":5.0,"gold_loss":0.0,"damage_taken":0.0},{"damage_healed":0.0,"max_hp_gain":0.0,"max_hp_loss":0.0,"gold_gain":0.0,"cards_transformed":["Strike_G","Strike_G"],"event_name":"Drug Dealer","player_choice":"Became Test Subject","floor":19.0,"gold_loss":0.0,"damage_taken":0.0,"cards_obtained":["Distraction","Storm of Steel"]},{"damage_healed":0.0,"max_hp_gain":0.0,"max_hp_loss":0.0,"gold_gain":0.0,"event_name":"WeMeetAgain","player_choice":"Gave Potion","floor":24.0,"gold_loss":0.0,"damage_taken":0.0,"relics_obtained":["Incense Burner"]},{"damage_healed":0,"gold_gain":0,"player_choice":"Opened","damage_taken":0,"relics_obtained":["Du-Vu Doll"],"max_hp_gain":0,"max_hp_loss":0,"event_name":"The Mausoleum","floor":30,"gold_loss":0,"cards_obtained":["Writhe"]},{"damage_healed":0,"gold_gain":0,"player_choice":"Memory 1","damage_taken":0,"max_hp_gain":0,"max_hp_loss":0,"event_name":"SensoryStone","floor":42,"gold_loss":0},{"damage_healed":54,"gold_gain":0,"player_choice":"Heal","damage_taken":0,"max_hp_gain":0,"max_hp_loss":12,"event_name":"The Moai Head","floor":47,"gold_loss":0}],"is_beta":true,"boss_relics":[{"not_picked":["Astrolabe","Tiny House"],"picked":"Snecko Eye"},{"not_picked":["Busted Crown","Philosopher\u0027s Stone"],"picked":"Pandora\u0027s Box"}],"items_purged_floors":[28],"is_endless":false,"potions_floor_spawned":[3,4,10,13,14,20,31,33,35,37,44,48],"ascension_level":17}