{"gold_per_floor":[119,119,131,149,149,149,479,479,479,479,479,509,509,526,526,602,602,621,116,128,128],"floor_reached":21,"playtime":755,"items_purged":["Strike_B"],"score":374,"play_id":"ebfc985a-0537-41d6-b5c3-277dd8563f3c","local_time":"20190105191036","is_ascension_mode":true,"campfire_choices":[{"data":"Zap","floor":6,"key":"SMITH"},{"data":"Hologram","floor":8,"key":"SMITH"},{"data":"Dualcast","floor":11,"key":"SMITH"},{"data":"Conserve Battery","floor":13,"key":"SMITH"},{"data":"Hyperbeam","floor":15,"key":"SMITH"}],"neow_cost":"NONE","seed_source_timestamp":264808916174691,"circlet_count":0,"master_deck":["AscendersBane","Strike_B","Strike_B","Defend_B","Defend_B","Defend_B","Defend_B","Zap+1","Dualcast+1","Conserve Battery+1","Turbo","Hyperbeam+1","Ball Lightning","Hologram+1","FTL","Recycle","Machine Learning","Echo Form","Hologram","Capacitor"],"relics":["Cracked Core","NeowsBlessing","Old Coin","Mummified Hand","Nuclear Battery","Bird Faced Urn"],"potions_floor_usage":[7,16,20],"damage_taken":[{"damage":0,"enemies":"Jaw Worm","floor":1,"turns":1},{"damage":0,"enemies":"Cultist","floor":3,"turns":1},{"damage":0,"enemies":"2 Louse","floor":4,"turns":1},{"damage":8,"enemies":"Gremlin Nob","floor":7,"turns":3},{"damage":16,"enemies":"Lagavulin","floor":12,"turns":7},{"damage":4,"enemies":"2 Fungi Beasts","floor":14,"turns":2},{"damage":35,"enemies":"Slime Boss","floor":16,"turns":7},{"damage":30,"enemies":"Shell Parasite","floor":18,"turns":5},{"damage":12,"enemies":"3 Byrds","floor":20,"turns":4},{"damage":37,"enemies":"Snecko","floor":21,"turns":4}],"seed_played":"5211877297751875628","potions_obtained":[{"floor":4,"key":"Ancient Potion"},{"floor":14,"key":"Fire Potion"},{"floor":16,"key":"SpeedPotion"},{"floor":20,"key":"SpeedPotion"}],"is_trial":false,"path_per_floor":["M","?","M","M","?","R","E","R","T","?","R","E","R","M","R","B",null,"M","$","M","M"],"character_chosen":"DEFECT","items_purchased":["Bird Faced Urn","Capacitor"],"campfire_rested":0,"item_purchase_floors":[19,19],"current_hp_per_floor":[64,64,64,64,64,64,56,56,56,56,56,40,40,36,36,1,54,24,24,18,0],"gold":128,"neow_bonus":"THREE_ENEMY_KILL","is_prod":false,"is_daily":false,"chose_seed":false,"campfire_upgraded":5,"win_rate":0,"timestamp":1546683036,"path_taken":["M","?","?","M","?","R","E","R","T","?","R","E","R","M","R","BOSS","M","$","M","M"],"build_version":"2019-01-03v4","purchased_purges":1,"victory":false,"max_hp_per_floor":[71,71,71,71,71,71,71,71,71,71,71,71,71,71,71,71,71,71,71,71,71],"card_choices":[{"not_picked":["Leap","Double Energy"],"picked":"Conserve Battery","floor":1},{"not_picked":["Stack","Fusion"],"picked":"Ball Lightning","floor":3},{"not_picked":["Doom and Gloom","Rebound"],"picked":"Hologram","floor":4},{"not_picked":["Skim","Tempest"],"picked":"FTL","floor":7},{"not_picked":["Tempest","Barrage"],"picked":"Recycle","floor":12},{"not_picked":["Beam Cell","Redo"],"picked":"Machine Learning","floor":14},{"not_picked":["Reboot","Creative AI"],"picked":"Echo Form","floor":16},{"not_picked":["Gash","Compile Driver"],"picked":"Hologram","floor":18},{"not_picked":["Beam Cell","Blizzard","Steam"],"picked":"SKIP","floor":20}],"player_experience":2613929,"relics_obtained":[{"floor":7,"key":"Old Coin"},{"floor":12,"key":"Mummified Hand"}],"event_choices":[{"damage_healed":0,"gold_gain":0,"player_choice":"2 cards matched","damage_taken":0,"max_hp_gain":0,"max_hp_loss":0,"event_name":"Match and Keep!","floor":2,"gold_loss":0,"cards_obtained":["Turbo","Hyperbeam"]},{"damage_healed":0,"gold_gain":0,"player_choice":"Ignored","damage_taken":0,"max_hp_gain":0,"max_hp_loss":0,"event_name":"Liars Game","floor":5,"gold_loss":0},{"cards_removed":["Strike_B"],"damage_healed":0,"gold_gain":0,"player_choice":"Forget","damage_taken":0,"max_hp_gain":0,"max_hp_loss":0,"event_name":"Living Wall","floor":10,"gold_loss":0}],"is_beta":true,"boss_relics":[{"not_picked":["Tiny House","Runic Pyramid"],"picked":"Nuclear Battery"}],"items_purged_floors":[19],"is_endless":false,"potions_floor_spawned":[4,14,16,20],"killed_by":"Snecko","ascension_level":20}