{"gold_per_floor":[112,112,37,37,50,78,78,111,135,146,165,165,340,340,340,444,444,461,461,112,112,144,144,174,189,216,229,229,229,229,25,25,127,127,143,143,143,155,255,255,290,290,313,84,103,325,359,369,369,369],"floor_reached":51,"playtime":2774,"items_purged":["Strike_R","Defend_R","Defend_R"],"score":785,"play_id":"9a281cfc-97c0-4dc5-a83c-769cd11205bd","local_time":"20181224230507","is_ascension_mode":true,"campfire_choices":[{"data":"Spot Weakness","floor":7,"key":"SMITH"},{"data":"Pommel Strike","floor":12,"key":"SMITH"},{"data":"Pummel","floor":15,"key":"SMITH"},{"data":"Heavy Blade","floor":23,"key":"SMITH"},{"data":"Flex","floor":30,"key":"SMITH"},{"data":"Shrug It Off","floor":32,"key":"SMITH"},{"data":"Feed","floor":40,"key":"SMITH"},{"data":"Impervious","floor":42,"key":"SMITH"},{"floor":49,"key":"REST"}],"neow_cost":"NONE","seed_source_timestamp":176726688130537,"circlet_count":0,"master_deck":["Defend_R+1","Defend_R+1","Bash+1","Sword Boomerang+1","Pommel Strike+1","Spot Weakness+1","Impervious+1","Pummel+1","Reaper","Heavy Blade+1","Shrug It Off+1","Bite","Bite","Bite","Bite","Bite","Flex+1","Sword Boomerang+1","True Grit+1","Offering","Feed+1","Havoc+1","Rupture+1"],"relics":["Burning Blood","Oddly Smooth Stone","Juzu Bracelet","Bag of Preparation","Bronze Scales","Velvet Choker","Bag of Marbles","Red Mask","Pear","War Paint","Spirit Poop","MutagenicStrength","Busted Crown","Incense Burner","Dream Catcher","MawBank","Singing Bowl","Anchor"],"potions_floor_usage":[10,16,16,33,33,50,50,50],"damage_taken":[{"damage":0,"enemies":"2 Louse","floor":1,"turns":3},{"damage":0,"enemies":"Small Slimes","floor":5,"turns":3},{"damage":26,"enemies":"Gremlin Nob","floor":6,"turns":5},{"damage":27,"enemies":"3 Sentries","floor":8,"turns":5},{"damage":0,"enemies":"Cultist","floor":10,"turns":2},{"damage":11,"enemies":"Exordium Wildlife","floor":11,"turns":3},{"damage":27,"enemies":"Hexaghost","floor":16,"turns":10},{"damage":0,"enemies":"Chosen","floor":18,"turns":3},{"damage":12,"enemies":"Masked Bandits","floor":22,"turns":4},{"damage":11,"enemies":"Book of Stabbing","floor":24,"turns":3},{"damage":7,"enemies":"Shell Parasite","floor":25,"turns":3},{"damage":6,"enemies":"Cultist and Chosen","floor":27,"turns":2},{"damage":31,"enemies":"Automaton","floor":33,"turns":6},{"damage":29,"enemies":"3 Shapes","floor":35,"turns":5},{"damage":7,"enemies":"Orb Walker","floor":38,"turns":2},{"damage":0,"enemies":"Mind Bloom Boss Battle","floor":39,"turns":4},{"damage":9,"enemies":"Reptomancer","floor":41,"turns":5},{"damage":0,"enemies":"Transient","floor":45,"turns":5},{"damage":48,"enemies":"Giant Head","floor":47,"turns":8},{"damage":7,"enemies":"Sphere and 2 Shapes","floor":48,"turns":3},{"damage":79,"enemies":"Donu and Deca","floor":50,"turns":8}],"seed_played":"8179568432874128344","potions_obtained":[{"floor":1,"key":"EssenceOfSteel"},{"floor":5,"key":"Weak Potion"},{"floor":10,"key":"Fruit Juice"},{"floor":16,"key":"Energy Potion"},{"floor":22,"key":"BloodPotion"},{"floor":24,"key":"Strength Potion"},{"floor":38,"key":"SkillPotion"},{"floor":39,"key":"Explosive Potion"},{"floor":41,"key":"PowerPotion"},{"floor":45,"key":"BloodPotion"}],"is_trial":false,"path_per_floor":["M","?","$","?","M","E","R","E","T","M","M","R","?","?","R","B",null,"M","?","$","?","?","R","E","M","T","M","?","?","R","$","R","B",null,"M","?","$","M","?","R","E","R","T","$","M","?","E","M","R","B",null],"character_chosen":"IRONCLAD","items_purchased":["Heavy Blade","Shrug It Off","Bag of Marbles","Offering","Singing Bowl"],"campfire_rested":1,"item_purchase_floors":[20,20,20,31,44],"current_hp_per_floor":[80,80,80,80,80,60,60,39,39,50,45,45,45,38,38,17,85,85,85,85,59,55,55,62,67,67,69,69,69,69,69,69,58,69,58,58,58,65,72,72,72,72,72,72,74,74,43,66,82,37],"gold":369,"neow_bonus":"RANDOM_COMMON_RELIC","is_prod":false,"is_daily":false,"chose_seed":false,"campfire_upgraded":8,"win_rate":0,"timestamp":1545660307,"path_taken":["M","?","$","?","M","E","R","E","T","M","M","R","?","?","R","BOSS","M","?","$","?","?","R","E","M","T","M","?","?","R","$","R","BOSS","M","?","$","M","?","R","E","R","T","?","M","?","E","M","R","BOSS"],"build_version":"2018-12-20","purchased_purges":3,"victory":true,"max_hp_per_floor":[80,80,80,80,80,80,80,80,80,85,85,85,85,85,85,85,85,85,85,85,59,59,59,69,69,69,69,69,69,69,69,69,69,69,72,72,72,72,72,72,72,72,72,72,74,74,76,82,82,82],"card_choices":[{"not_picked":["Entrench","Body Slam"],"picked":"Sword Boomerang","floor":1},{"not_picked":["Dropkick","Body Slam"],"picked":"Pommel Strike","floor":5},{"not_picked":["Evolve","Warcry"],"picked":"Spot Weakness","floor":6},{"not_picked":["Disarm","Iron Wave"],"picked":"Twin Strike","floor":8},{"not_picked":["Havoc","Entrench"],"picked":"Impervious","floor":10},{"not_picked":["Pommel Strike","Rampage"],"picked":"Pummel","floor":11},{"not_picked":["Exhume","Limit Break"],"picked":"Reaper","floor":16},{"not_picked":["Sever Soul","Combust","Havoc"],"picked":"SKIP","floor":18},{"not_picked":["Anger","Power Through"],"picked":"Flex","floor":22},{"not_picked":["Corruption","Infernal Blade"],"picked":"Sword Boomerang+1","floor":24},{"not_picked":["Headbutt","Sword Boomerang","Disarm"],"picked":"SKIP","floor":25},{"not_picked":["Rampage","Sword Boomerang"],"picked":"True Grit+1","floor":27},{"not_picked":["Offering","Brutality"],"picked":"Feed","floor":33},{"not_picked":[],"picked":"Havoc+1","floor":35},{"not_picked":["Searing Blow"],"picked":"SKIP","floor":38},{"not_picked":["Wild Strike"],"picked":"SKIP","floor":41},{"not_picked":["Wild Strike"],"picked":"SKIP","floor":41},{"not_picked":["Thunderclap+1"],"picked":"Singing Bowl","floor":45},{"not_picked":["Headbutt"],"picked":"Singing Bowl","floor":47},{"not_picked":["Iron Wave"],"picked":"Singing Bowl","floor":48},{"not_picked":[],"picked":"Rupture+1","floor":49}],"player_experience":186995,"relics_obtained":[{"floor":6,"key":"Juzu Bracelet"},{"floor":8,"key":"Bag of Preparation"},{"floor":9,"key":"Bronze Scales"},{"floor":22,"key":"Red Mask"},{"floor":24,"key":"Pear"},{"floor":26,"key":"War Paint"},{"floor":39,"key":"Incense Burner"},{"floor":41,"key":"Dream Catcher"},{"floor":43,"key":"MawBank"},{"floor":47,"key":"Anchor"}],"event_choices":[{"damage_healed":0,"gold_gain":0,"player_choice":"Grow","damage_taken":0,"max_hp_gain":0,"max_hp_loss":0,"event_name":"Living Wall","floor":2,"gold_loss":0,"cards_upgraded":["Sword Boomerang"]},{"damage_healed":0,"gold_gain":0,"player_choice":"Leave","damage_taken":0,"max_hp_gain":0,"max_hp_loss":0,"event_name":"The Cleric","floor":4,"gold_loss":0},{"damage_healed":0,"gold_gain":175,"player_choice":"AGREE","damage_taken":0,"max_hp_gain":0,"max_hp_loss":0,"event_name":"Liars Game","floor":13,"gold_loss":0,"cards_obtained":["Doubt"]},{"cards_removed":["Strike_R"],"damage_healed":0,"gold_gain":0,"player_choice":"Card Removal","damage_taken":7,"max_hp_gain":0,"max_hp_loss":0,"event_name":"Golden Wing","floor":14,"gold_loss":0},{"damage_healed":0,"gold_gain":0,"player_choice":"Forge","damage_taken":0,"max_hp_gain":0,"max_hp_loss":0,"event_name":"Accursed Blacksmith","floor":19,"gold_loss":0,"cards_upgraded":["Bash"]},{"damage_healed":0,"gold_gain":0,"player_choice":"Became a vampire","damage_taken":0,"max_hp_gain":0,"max_hp_loss":26,"event_name":"Vampires","floor":21,"gold_loss":0,"cards_obtained":["Bite","Bite","Bite","Bite","Bite"]},{"damage_healed":0,"gold_gain":0,"player_choice":"Fought Bandits","damage_taken":0,"max_hp_gain":0,"max_hp_loss":0,"event_name":"Masked Bandits","floor":22,"gold_loss":0},{"cards_removed":["Doubt"],"damage_healed":0,"gold_gain":0,"player_choice":"Offered Curse","damage_taken":0,"relics_obtained":["Spirit Poop"],"max_hp_gain":0,"max_hp_loss":0,"event_name":"Bonfire Elementals","floor":28,"gold_loss":0},{"damage_healed":0,"gold_gain":0,"player_choice":"Inject Mutagens","damage_taken":0,"relics_obtained":["MutagenicStrength"],"max_hp_gain":0,"max_hp_loss":0,"event_name":"Drug Dealer","floor":29,"gold_loss":0},{"cards_removed":["Twin Strike"],"damage_healed":0,"gold_gain":0,"player_choice":"Removed Attack","damage_taken":0,"max_hp_gain":0,"max_hp_loss":0,"event_name":"Falling","floor":36,"gold_loss":0},{"damage_healed":0,"gold_gain":0,"player_choice":"Fight","damage_taken":0,"max_hp_gain":0,"max_hp_loss":0,"event_name":"MindBloom","floor":39,"gold_loss":0},{"damage_healed":0,"gold_gain":222,"player_choice":"Wore Mask","damage_taken":0,"max_hp_gain":0,"max_hp_loss":0,"event_name":"Tomb of Lord Red Mask","floor":46,"gold_loss":0}],"is_beta":false,"boss_relics":[{"not_picked":["Runic Cube","Runic Pyramid"],"picked":"Velvet Choker"},{"not_picked":["Sozu","Snecko Eye"],"picked":"Busted Crown"}],"items_purged_floors":[3,20,31],"is_endless":false,"potions_floor_spawned":[1,5,10,16,22,24,27,38,39,41,45],"ascension_level":1}