{"gold_per_floor":[113,113,126,126,141,141,18,29,29,29,29,104,69,81,81,179,179,195,195,59,45,45,45,61,61,143,155,80,80,0,0,0,0],"floor_reached":33,"playtime":4203,"items_purged":["Strike_B","Strike_B"],"score":340,"play_id":"f34ff49c-10d2-471a-98b8-8c9e2b3b2863","local_time":"20190110232912","is_ascension_mode":true,"campfire_choices":[{"data":"Zap","floor":6,"key":"SMITH"},{"data":"Chaos","floor":10,"key":"SMITH"},{"data":"Dualcast","floor":15,"key":"SMITH"},{"data":"Multi-Cast","floor":23,"key":"SMITH"},{"floor":25,"key":"REST"},{"floor":32,"key":"REST"}],"neow_cost":"NONE","seed_source_timestamp":27626401117915,"circlet_count":0,"master_deck":["Defend_B","Defend_B","Defend_B+1","Defend_B","Zap+1","Dualcast+1","Auto Shields","Buffer","Turbo","Chaos+1","Genetic Algorithm","Conserve Battery","Ball Lightning","Multi-Cast+1","Cold Snap+1","Leap","Go for the Eyes","Cold Snap","Purity","Beam Cell+1","Redo+1","Bite","Bite","Bite","Bite","Bite"],"relics":["Cracked Core","Juzu Bracelet","The Courier","Sundial","Inserter","Symbiotic Virus"],"potions_floor_usage":[16,27],"damage_taken":[{"damage":0,"enemies":"Small Slimes","floor":1,"turns":3},{"damage":2,"enemies":"Jaw Worm","floor":3,"turns":4},{"damage":0,"enemies":"Cultist","floor":5,"turns":4},{"damage":0,"enemies":"Looter","floor":8,"turns":4},{"damage":0,"enemies":"2 Fungi Beasts","floor":14,"turns":4},{"damage":2,"enemies":"The Guardian","floor":16,"turns":13},{"damage":38,"enemies":"Chosen","floor":18,"turns":7},{"damage":12,"enemies":"2 Thieves","floor":21,"turns":5},{"damage":26,"enemies":"Sentry and Sphere","floor":24,"turns":8},{"damage":28,"enemies":"Snake Plant","floor":27,"turns":5},{"damage":31,"enemies":"Collector","floor":33,"turns":3}],"seed_played":"4983443930916537122","potions_obtained":[{"floor":1,"key":"Dexterity Potion"},{"floor":8,"key":"SteroidPotion"},{"floor":18,"key":"Ancient Potion"},{"floor":24,"key":"EssenceOfSteel"}],"is_trial":false,"path_per_floor":["M","?","M","?","M","R","$","M","T","R","?","?","?","M","R","B",null,"M","?","$","M","?","R","M","R","T","M","?","?","?","$","R","B"],"character_chosen":"DEFECT","items_purchased":["Genetic Algorithm","Leap","Go for the Eyes"],"campfire_rested":2,"item_purchase_floors":[7,20,20],"current_hp_per_floor":[68,68,66,59,59,59,59,59,59,59,44,33,51,51,51,49,69,31,56,56,44,44,44,18,40,40,12,12,12,12,12,27,0],"gold":0,"neow_bonus":"RANDOM_COMMON_RELIC","is_prod":false,"is_daily":false,"chose_seed":false,"campfire_upgraded":4,"win_rate":0,"timestamp":1547130552,"path_taken":["M","?","M","?","M","R","$","M","T","R","?","?","?","M","R","BOSS","M","?","$","M","?","R","M","R","T","M","?","?","?","?","R","BOSS"],"build_version":"2019-01-03v4","purchased_purges":2,"victory":false,"max_hp_per_floor":[75,75,75,75,75,75,75,75,75,75,75,75,75,75,75,75,75,75,75,75,75,75,75,75,75,75,75,75,52,52,52,52,52],"card_choices":[{"not_picked":["Heatsinks","Redo"],"picked":"Auto Shields","floor":1},{"not_picked":["Streamline","Gash"],"picked":"Turbo","floor":3},{"not_picked":["Turbo","BootSequence"],"picked":"Chaos","floor":5},{"not_picked":["Rebound","Leap"],"picked":"Conserve Battery","floor":8},{"not_picked":["Auto Shields","Coolheaded"],"picked":"Ball Lightning","floor":14},{"not_picked":["All For One","Core Surge"],"picked":"Multi-Cast","floor":16},{"not_picked":["Coolheaded","Reprogram"],"picked":"Cold Snap+1","floor":18},{"not_picked":["Leap","Skim","Rip and Tear"],"picked":"SKIP","floor":21},{"not_picked":["Redo","Gash"],"picked":"Beam Cell+1","floor":24},{"not_picked":["Stack","Sweeping Beam"],"picked":"Redo+1","floor":27}],"player_experience":336952,"relics_obtained":[{"floor":9,"key":"Sundial"},{"floor":26,"key":"Symbiotic Virus"}],"event_choices":[{"damage_healed":0,"gold_gain":0,"cards_transformed":["Strike_B"],"player_choice":"Change","damage_taken":0,"max_hp_gain":0,"max_hp_loss":0,"event_name":"Living Wall","floor":2,"gold_loss":0,"cards_obtained":["Buffer"]},{"damage_healed":0,"gold_gain":0,"player_choice":"Success","damage_taken":7,"relics_obtained":["The Courier"],"max_hp_gain":0,"max_hp_loss":0,"event_name":"Scrap Ooze","floor":4,"gold_loss":0},{"damage_healed":0,"gold_gain":0,"player_choice":"Entered Light","damage_taken":15,"max_hp_gain":0,"max_hp_loss":0,"event_name":"Shining Light","floor":11,"gold_loss":0,"cards_upgraded":["Defend_B","Strike_B"]},{"damage_healed":0,"gold_gain":75,"player_choice":"Gather Gold","damage_taken":11,"max_hp_gain":0,"max_hp_loss":0,"event_name":"World of Goop","floor":12,"gold_loss":0},{"damage_healed":18,"gold_gain":0,"player_choice":"Healed","damage_taken":0,"max_hp_gain":0,"max_hp_loss":0,"event_name":"The Cleric","floor":13,"gold_loss":35},{"damage_healed":25,"gold_gain":0,"player_choice":"Heal","damage_taken":0,"max_hp_gain":0,"max_hp_loss":0,"event_name":"The Library","floor":19,"gold_loss":0},{"damage_healed":0,"gold_gain":0,"player_choice":"2 cards matched","damage_taken":0,"max_hp_gain":0,"max_hp_loss":0,"event_name":"Match and Keep!","floor":22,"gold_loss":0,"cards_obtained":["Cold Snap","Purity"]},{"cards_removed":["Strike_B"],"damage_healed":0,"gold_gain":0,"player_choice":"Gave Gold","damage_taken":0,"max_hp_gain":0,"max_hp_loss":0,"event_name":"Beggar","floor":28,"gold_loss":75},{"damage_healed":0,"gold_gain":0,"player_choice":"Became a vampire","damage_taken":0,"max_hp_gain":0,"max_hp_loss":23,"event_name":"Vampires","floor":29,"gold_loss":0,"cards_obtained":["Bite","Bite","Bite","Bite","Bite"]},{"damage_healed":0,"gold_gain":0,"player_choice":"Paid Fearfully","damage_taken":0,"max_hp_gain":0,"max_hp_loss":0,"event_name":"Masked Bandits","floor":30,"gold_loss":80}],"is_beta":false,"boss_relics":[{"not_picked":["Calling Bell","Busted Crown"],"picked":"Inserter"}],"items_purged_floors":[7,20],"is_endless":false,"potions_floor_spawned":[1,8,18,24],"killed_by":"Collector","ascension_level":7}