{"gold_per_floor":[113,125,225,94,107,126,140,140,140,175,175,203,214,224,224,224],"floor_reached":16,"playtime":556,"items_purged":["Strike_B"],"score":228,"play_id":"af556ba2-5c60-4d96-8577-e05923dcb19e","local_time":"20190411005434","is_ascension_mode":true,"campfire_choices":[{"data":"Conserve Battery","floor":8,"key":"SMITH"},{"data":"Rip and Tear","floor":11,"key":"SMITH"},{"floor":15,"key":"REST"}],"neow_cost":"NONE","seed_source_timestamp":714439132229700,"circlet_count":0,"master_deck":["AscendersBane","Strike_B","Strike_B","Defend_B","Defend_B","Defend_B","Defend_B","Zap","Dualcast","Scrape","FTL","Chill","Streamline","Conserve Battery+1","Rip and Tear+1","Beam Cell","Undo"],"relics":["Cracked Core","Anchor","Smiling Mask","The Courier"],"potions_floor_usage":[7,12,16],"damage_taken":[{"damage":7,"enemies":"Jaw Worm","floor":1,"turns":3},{"damage":1,"enemies":"Cultist","floor":2,"turns":3},{"damage":5,"enemies":"Small Slimes","floor":5,"turns":3},{"damage":1,"enemies":"Blue Slaver","floor":6,"turns":4},{"damage":0,"enemies":"Lots of Slimes","floor":7,"turns":3},{"damage":15,"enemies":"3 Sentries","floor":10,"turns":15},{"damage":23,"enemies":"Gremlin Nob","floor":12,"turns":4},{"damage":0,"enemies":"2 Fungi Beasts","floor":13,"turns":3},{"damage":0,"enemies":"Blue Slaver","floor":14,"turns":3},{"damage":50,"enemies":"Slime Boss","floor":16,"turns":8}],"seed_played":"-9054216775370292025","potions_obtained":[{"floor":5,"key":"Energy Potion"},{"floor":7,"key":"Swift Potion"}],"is_trial":false,"path_per_floor":["M","M","?","$","M","M","M","R","T","E","R","E","M","M","R","B"],"character_chosen":"DEFECT","items_purchased":["AttackPotion"],"campfire_rested":1,"item_purchase_floors":[4],"current_hp_per_floor":[57,56,56,56,51,50,50,50,50,35,35,12,12,12,33,0],"gold":224,"neow_bonus":"TRANSFORM_CARD","is_prod":false,"is_daily":false,"chose_seed":false,"campfire_upgraded":2,"win_rate":0,"timestamp":1554911674,"path_taken":["M","M","?","?","M","M","M","R","T","E","R","E","M","?","R","BOSS"],"build_version":"2019-01-23","purchased_purges":1,"victory":false,"max_hp_per_floor":[71,71,71,71,71,71,71,71,71,71,71,71,71,71,71,71],"card_choices":[{"not_picked":["Steam","Reprogram"],"picked":"FTL","floor":1},{"not_picked":["Conserve Battery","Barrage"],"picked":"Chill","floor":2},{"not_picked":["Conserve Battery","Loop","Static Discharge"],"picked":"SKIP","floor":5},{"not_picked":["Conserve Battery","Coolheaded"],"picked":"Streamline","floor":6},{"not_picked":["Turbo","Heatsinks"],"picked":"Conserve Battery","floor":7},{"not_picked":["Coolheaded","Self Repair"],"picked":"Rip and Tear","floor":10},{"not_picked":["Darkness","Scrape"],"picked":"Beam Cell","floor":12},{"not_picked":["Aggregate","Conserve Battery","Double Energy"],"picked":"SKIP","floor":13},{"not_picked":["Go for the Eyes","Leap"],"picked":"Undo","floor":14}],"player_experience":4749514,"relics_obtained":[{"floor":9,"key":"Anchor"},{"floor":10,"key":"Smiling Mask"},{"floor":12,"key":"The Courier"}],"event_choices":[{"damage_healed":0,"gold_gain":100,"player_choice":"Gold","damage_taken":0,"max_hp_gain":0,"max_hp_loss":0,"event_name":"Wheel of Change","floor":3,"gold_loss":0}],"is_beta":false,"boss_relics":[],"items_purged_floors":[4],"is_endless":false,"potions_floor_spawned":[5,7,10],"killed_by":"Slime Boss","ascension_level":20}