{"gold_per_floor":[363,375,33,33,33,33,33,33,115,128,146,146,165,190,190,266,266,279,298,309,309,309,309,46,62,88,88,100,112,21,41,41,118,118,137,155,1,17,33,64,0,27,27,27,41,41,67,67,67,67],"floor_reached":51,"playtime":4220,"items_purged":[],"score":1619,"play_id":"fa4b873f-d39b-42a6-a62e-8bf76280a646","local_time":"20190526211019","is_ascension_mode":true,"campfire_choices":[{"data":"Shrug It Off","floor":6.0,"key":"SMITH"},{"data":"Burning Pact","floor":12.0,"key":"SMITH"},{"data":"Warcry","floor":15.0,"key":"SMITH"},{"floor":23.0,"key":"REST"},{"floor":32.0,"key":"REST"},{"floor":44,"key":"REST"},{"floor":49,"key":"REST"}],"neow_cost":"TEN_PERCENT_HP_LOSS","seed_source_timestamp":19749597254118,"circlet_count":0,"master_deck":["AscendersBane","Strike_R+1","Strike_R+1","Strike_R+1","Strike_R+1","Strike_R+1","Defend_R+1","Defend_R+1","Defend_R+1","Defend_R+1","Bash","Shrug It Off+1","Dual Wield","Shockwave","Burning Pact+1","Warcry+1","Second Wind","Exhume","True Grit","Seeing Red","Shrug It Off","Havoc","Magnetism","Disarm","Corruption","Havoc","Armaments+1","Purity","Seeing Red","Fiend Fire","Feel No Pain","Warcry","Exhume","Second Wind+1","Second Wind+1","Disarm","Disarm","Madness","Madness"],"special_seed":0,"relics":["Burning Blood","Dead Branch","Blood Vial","Bottled Flame","Ice Cream","Fusion Hammer","Orichalcum","Sozu","Bottled Tornado","Red Mask","Lantern","Dodecahedron","Meat on the Bone"],"potions_floor_usage":[38,50],"damage_taken":[{"damage":6.0,"enemies":"Jaw Worm","floor":1.0,"turns":6.0},{"damage":14.0,"enemies":"Small Slimes","floor":2.0,"turns":5.0},{"damage":6.0,"enemies":"Cultist","floor":10.0,"turns":3.0},{"damage":5.0,"enemies":"2 Fungi Beasts","floor":11.0,"turns":4.0},{"damage":1.0,"enemies":"Looter","floor":13.0,"turns":2.0},{"damage":0.0,"enemies":"Gremlin Nob","floor":14.0,"turns":3.0},{"damage":56.0,"enemies":"Slime Boss","floor":16.0,"turns":13.0},{"damage":34.0,"enemies":"Shell Parasite","floor":18.0,"turns":7.0},{"damage":2.0,"enemies":"Chosen","floor":19.0,"turns":6.0},{"damage":13.0,"enemies":"Snake Plant","floor":20.0,"turns":4.0},{"damage":0.0,"enemies":"Snecko","floor":25.0,"turns":8.0},{"damage":5.0,"enemies":"Sentry and Sphere","floor":28.0,"turns":5.0},{"damage":0.0,"enemies":"Snake Plant","floor":29.0,"turns":3.0},{"damage":0.0,"enemies":"Chosen and Byrds","floor":31.0,"turns":4.0},{"damage":6.0,"enemies":"Collector","floor":33.0,"turns":4.0},{"damage":0,"enemies":"Orb Walker","floor":35,"turns":2},{"damage":0,"enemies":"3 Shapes","floor":36,"turns":4},{"damage":18,"enemies":"Writhing Mass","floor":38,"turns":7},{"damage":6,"enemies":"3 Darklings","floor":39,"turns":4},{"damage":2,"enemies":"Reptomancer","floor":40,"turns":3},{"damage":9,"enemies":"Nemesis","floor":42,"turns":5},{"damage":4,"enemies":"Maw","floor":45,"turns":5},{"damage":0,"enemies":"Giant Head","floor":47,"turns":2},{"damage":18,"enemies":"Time Eater","floor":50,"turns":4}],"seed_played":"-4050011326476675671","potions_obtained":[{"floor":11.0,"key":"Poison Potion"},{"floor":13.0,"key":"FearPotion"},{"floor":14.0,"key":"SpeedPotion"},{"floor":16.0,"key":"Energy Potion"},{"floor":19.0,"key":"BloodPotion"},{"floor":25.0,"key":"Energy Potion"},{"floor":29.0,"key":"PowerPotion"},{"floor":33.0,"key":"Regen Potion"}],"is_trial":false,"path_per_floor":["M","M","$","?","?","R","$","?","T","M","M","R","M","E","R","B",null,"M","M","M","?","?","R","$","M","T","?","M","M","$","M","R","B",null,"M","M","$","M","M","E","?","E","T","R","M","$","E","?","R","B",null],"character_chosen":"IRONCLAD","items_purchased":["Dead Branch","Magnetism","Disarm","Purity","Exhume"],"campfire_rested":4,"item_purchase_floors":[3,24,24,30,37],"current_hp_per_floor":[68,60,60,49,68,68,68,68,68,68,68,68,68,68,68,18,56,30,36,37,37,37,57,57,65,65,65,68,68,68,68,68,68,68,68,68,68,68,68,68,68,65,65,68,68,68,68,56,68,56],"gold":67,"neow_bonus":"TWO_FIFTY_GOLD","is_prod":false,"is_daily":false,"chose_seed":false,"campfire_upgraded":3,"win_rate":0,"timestamp":1558894219,"path_taken":["M","M","$","?","?","R","$","?","T","M","M","R","M","E","R","BOSS","M","?","M","?","?","R","$","M","T","?","M","M","$","M","R","BOSS","M","M","$","M","M","E","?","E","T","R","M","$","E","?","R","BOSS"],"build_version":"2019-01-23","purchased_purges":0,"victory":true,"max_hp_per_floor":[68,68,68,68,68,68,68,68,68,68,68,68,68,68,68,68,68,68,68,68,68,68,68,68,68,68,68,68,68,68,68,68,68,68,68,68,68,68,68,68,68,68,68,68,68,68,68,68,68,68],"card_choices":[{"not_picked":["Iron Wave","Clothesline"],"picked":"Shrug It Off","floor":1.0},{"not_picked":["Sword Boomerang","Iron Wave"],"picked":"Dual Wield","floor":2.0},{"not_picked":["Thunderclap","Twin Strike"],"picked":"Shockwave","floor":10.0},{"not_picked":["Feel No Pain","Body Slam"],"picked":"Burning Pact","floor":11.0},{"not_picked":["Dual Wield","Pommel Strike"],"picked":"Warcry","floor":13.0},{"not_picked":["Iron Wave","Heavy Blade"],"picked":"Second Wind","floor":14.0},{"not_picked":["Offering","Fiend Fire"],"picked":"Exhume","floor":16.0},{"not_picked":["Evolve","Shockwave"],"picked":"True Grit","floor":18.0},{"not_picked":["Heavy Blade+1","Spot Weakness"],"picked":"Seeing Red","floor":19.0},{"not_picked":["Metallicize+1","Clash"],"picked":"Shrug It Off","floor":20.0},{"not_picked":["Flex","Thunderclap"],"picked":"Corruption","floor":25.0},{"not_picked":["Combust","Whirlwind"],"picked":"Havoc","floor":28.0},{"not_picked":["True Grit","Clash"],"picked":"Armaments+1","floor":29.0},{"not_picked":["Uppercut","Cleave"],"picked":"Seeing Red","floor":31.0},{"not_picked":["Berserk","Demon Form"],"picked":"Fiend Fire","floor":33.0},{"not_picked":["Thunderclap+1","Flex+1"],"picked":"Feel No Pain","floor":35},{"not_picked":["Inflame","Combust+1"],"picked":"Warcry","floor":36},{"not_picked":["Carnage","Rupture","Blood for Blood+1"],"picked":"SKIP","floor":38},{"not_picked":["Sword Boomerang","Clothesline"],"picked":"Second Wind+1","floor":39},{"not_picked":["Immolate","Perfected Strike+1"],"picked":"Second Wind+1","floor":40},{"not_picked":["Cleave","Clothesline+1","Clash"],"picked":"SKIP","floor":42},{"not_picked":["Clothesline+1","Iron Wave"],"picked":"Disarm","floor":45},{"not_picked":["Perfected Strike+1","Battle Trance+1"],"picked":"Disarm","floor":47}],"player_experience":1413035,"relics_obtained":[{"floor":9.0,"key":"Bottled Flame"},{"floor":14.0,"key":"Ice Cream"},{"floor":26.0,"key":"Orichalcum"},{"floor":40,"key":"Bottled Tornado"},{"floor":42,"key":"Lantern"},{"floor":43,"key":"Dodecahedron"},{"floor":47,"key":"Meat on the Bone"}],"event_choices":[{"damage_healed":0.0,"max_hp_gain":0.0,"max_hp_loss":0.0,"gold_gain":0.0,"event_name":"Scrap Ooze","player_choice":"Success","floor":4.0,"gold_loss":0.0,"damage_taken":11.0,"relics_obtained":["Blood Vial"]},{"damage_healed":22.0,"max_hp_gain":0.0,"max_hp_loss":0.0,"gold_gain":0.0,"event_name":"Big Fish","player_choice":"Banana","floor":5.0,"gold_loss":0.0,"damage_taken":0.0},{"damage_healed":0.0,"max_hp_gain":0.0,"max_hp_loss":0.0,"gold_gain":0.0,"event_name":"Match and Keep!","player_choice":"0 cards matched","floor":8.0,"gold_loss":0.0,"damage_taken":0.0,"cards_obtained":[]},{"damage_healed":0.0,"max_hp_gain":0.0,"max_hp_loss":0.0,"gold_gain":0.0,"event_name":"Back to Basics","player_choice":"Simplicity","floor":21.0,"gold_loss":0.0,"damage_taken":0.0,"cards_upgraded":["Strike_R","Strike_R","Strike_R","Strike_R","Strike_R","Defend_R","Defend_R","Defend_R","Defend_R"]},{"damage_healed":0.0,"max_hp_gain":0.0,"max_hp_loss":0.0,"gold_gain":0.0,"event_name":"The Library","player_choice":"Read","floor":22.0,"gold_loss":0.0,"damage_taken":0.0,"cards_obtained":["Havoc"]},{"damage_healed":0.0,"max_hp_gain":0.0,"max_hp_loss":0.0,"gold_gain":0.0,"event_name":"Match and Keep!","player_choice":"0 cards matched","floor":27.0,"gold_loss":0.0,"damage_taken":0.0,"cards_obtained":[]},{"damage_healed":0,"gold_gain":0,"player_choice":"Paid","damage_taken":0,"relics_obtained":["Red Mask"],"max_hp_gain":0,"max_hp_loss":0,"event_name":"Tomb of Lord Red Mask","floor":41,"gold_loss":64},{"damage_healed":0,"gold_gain":0,"player_choice":"Embrace Madness","damage_taken":12,"max_hp_gain":0,"max_hp_loss":0,"event_name":"Winding Halls","floor":48,"gold_loss":0,"cards_obtained":["Madness","Madness"]}],"is_beta":false,"boss_relics":[{"not_picked":["Snecko Eye","Black Star"],"picked":"Fusion Hammer"},{"not_picked":["Cursed Key","Eternal Feather"],"picked":"Sozu"}],"items_purged_floors":[],"is_endless":false,"potions_floor_spawned":[11,13,14,16,19,25,29,33,35,38,39,47],"ascension_level":18}