{"gold_per_floor":[116,136,211,211,4,4,4,4,4,14,26,26,26,45,45,45],"floor_reached":16,"playtime":1090,"items_purged":[],"score":90,"play_id":"7d7a6aca-e842-4b17-80b9-949a2b3786e4","local_time":"20181126180658","is_ascension_mode":false,"campfire_choices":[{"data":"Transmutation","floor":6,"key":"SMITH"},{"data":"White Noise","floor":12,"key":"SMITH"},{"floor":15,"key":"REST"}],"neow_cost":"NONE","seed_source_timestamp":950684756329358,"circlet_count":0,"master_deck":["Strike_B","Strike_B","Strike_B","Defend_B","Defend_B","Defend_B","Defend_B","Zap","Dualcast","Coolheaded","White Noise+1","Transmutation+1","Melter","Ball Lightning","Streamline","Stack+1"],"relics":["Cracked Core","Oddly Smooth Stone","Toxic Egg 2"],"potions_floor_usage":[16,16],"damage_taken":[{"damage":1,"enemies":"Cultist","floor":1,"turns":3},{"damage":0,"enemies":"2 Louse","floor":2,"turns":2},{"damage":3,"enemies":"Jaw Worm","floor":10,"turns":3},{"damage":4,"enemies":"Looter","floor":11,"turns":4},{"damage":42,"enemies":"Gremlin Gang","floor":14,"turns":5},{"damage":43,"enemies":"The Guardian","floor":16,"turns":7}],"seed_played":"-4640437006256301403","potions_obtained":[{"floor":10,"key":"AttackPotion"},{"floor":11,"key":"Weak Potion"},{"floor":14,"key":"Strength Potion"}],"is_trial":false,"path_per_floor":["M","M","?","?","$","R","$","$","T","M","M","R","?","M","R","B"],"character_chosen":"DEFECT","items_purchased":["Transmutation","Melter"],"campfire_rested":1,"item_purchase_floors":[5,5],"current_hp_per_floor":[74,74,63,68,68,68,68,68,68,65,61,61,61,19,43,0],"gold":45,"neow_bonus":"REMOVE_CARD","is_prod":false,"is_daily":false,"chose_seed":false,"campfire_upgraded":2,"win_rate":0.0,"timestamp":1543223218,"path_taken":["M","?","?","?","$","R","?","$","T","M","M","R","?","M","R","BOSS"],"build_version":"2018-11-15","purchased_purges":0,"victory":false,"max_hp_per_floor":[75,75,75,80,80,80,80,80,80,80,80,80,80,80,80,80],"card_choices":[{"not_picked":["Rip and Tear","Sweeping Beam"],"picked":"Coolheaded","floor":1},{"not_picked":["Streamline","Sweeping Beam"],"picked":"White Noise","floor":2},{"not_picked":["Tempest","Chaos"],"picked":"Ball Lightning","floor":10},{"not_picked":["Steam Power","Stack"],"picked":"Streamline","floor":11},{"not_picked":["Sweeping Beam","Blizzard"],"picked":"Stack+1","floor":14}],"player_experience":20946,"relics_obtained":[{"floor":9,"key":"Oddly Smooth Stone"}],"event_choices":[{"damage_healed":0,"gold_gain":75,"player_choice":"Gather Gold","damage_taken":11,"max_hp_gain":0,"max_hp_loss":0,"event_name":"World of Goop","floor":3,"gold_loss":0},{"damage_healed":0,"gold_gain":0,"player_choice":"Donut","damage_taken":0,"max_hp_gain":5,"max_hp_loss":0,"event_name":"Big Fish","floor":4,"gold_loss":0},{"damage_healed":0,"gold_gain":0,"player_choice":"Gave Potion","damage_taken":0,"relics_obtained":["Toxic Egg 2"],"max_hp_gain":0,"max_hp_loss":0,"event_name":"WeMeetAgain","floor":13,"gold_loss":0}],"is_beta":false,"boss_relics":[],"items_purged_floors":[],"is_endless":false,"potions_floor_spawned":[10,11,14],"killed_by":"The Guardian","ascension_level":0}