{"gold_per_floor":[111,121,196,196,212,212,240,252,287,299],"floor_reached":10,"playtime":367,"items_purged":[],"score":112,"play_id":"bc363a86-986b-490a-a43c-44e65c6a1a3b","local_time":"20190509175304","is_ascension_mode":true,"campfire_choices":[{"floor":6,"key":"REST"},{"floor":8,"key":"REST"}],"neow_cost":"PERCENT_DAMAGE","seed_source_timestamp":2420556686760996,"circlet_count":0,"master_deck":["AscendersBane","Strike_R","Strike_R","Strike_R","Strike_R","Strike_R","Defend_R","Defend_R","Defend_R","Defend_R","Bash","Feel No Pain+1","Havoc","Burning Pact"],"special_seed":0,"relics":["Burning Blood","FossilizedHelix","MawBank","Bag of Preparation"],"potions_floor_usage":[5,10,10],"damage_taken":[{"damage":2.0,"enemies":"2 Louse","floor":1.0,"turns":3.0},{"damage":0.0,"enemies":"Small Slimes","floor":2.0,"turns":3.0},{"damage":0,"enemies":"Cultist","floor":5,"turns":4},{"damage":53,"enemies":"Gremlin Nob","floor":7,"turns":6},{"damage":10,"enemies":"Gremlin Gang","floor":10,"turns":3}],"seed_played":"-9025412822643668687","potions_obtained":[{"floor":1.0,"key":"LiquidBronze"},{"floor":2.0,"key":"Weak Potion"},{"floor":7,"key":"SpeedPotion"}],"is_trial":false,"path_per_floor":["M","M","?","?","M","R","E","R","T","M"],"character_chosen":"IRONCLAD","items_purchased":[],"campfire_rested":2,"item_purchase_floors":[],"current_hp_per_floor":[54,60,49,49,55,75,28,50,50,40],"gold":299,"neow_bonus":"ONE_RARE_RELIC","is_prod":false,"is_daily":false,"chose_seed":false,"campfire_upgraded":0,"win_rate":0,"timestamp":1557413584,"path_taken":["M","M","?","?","?","R","E","R","T","M"],"build_version":"2019-01-23","purchased_purges":0,"victory":false,"max_hp_per_floor":[75,75,75,75,75,75,75,75,75,75],"card_choices":[{"not_picked":["Whirlwind","Twin Strike"],"picked":"Feel No Pain","floor":1.0},{"not_picked":["Body Slam","Thunderclap","Fire Breathing"],"picked":"SKIP","floor":2.0},{"not_picked":["Cleave","Wild Strike"],"picked":"Havoc","floor":5},{"not_picked":["Feed","Iron Wave"],"picked":"Burning Pact","floor":7}],"player_experience":1319206,"relics_obtained":[{"floor":7,"key":"MawBank"},{"floor":9,"key":"Bag of Preparation"}],"event_choices":[{"damage_healed":0.0,"max_hp_gain":0.0,"max_hp_loss":0.0,"gold_gain":75.0,"event_name":"World of Goop","player_choice":"Gather Gold","floor":3.0,"gold_loss":0.0,"damage_taken":11.0},{"damage_healed":0.0,"max_hp_gain":0.0,"max_hp_loss":0.0,"gold_gain":0.0,"event_name":"Upgrade Shrine","player_choice":"Upgraded","floor":4.0,"gold_loss":0.0,"damage_taken":0.0,"cards_upgraded":["Feel No Pain"]}],"is_beta":false,"boss_relics":[],"items_purged_floors":[],"is_endless":false,"potions_floor_spawned":[1,2,7],"killed_by":"Gremlin Gang","ascension_level":14}