{"gold_per_floor":[116,132,82,82,6,21,21,41,41,57,57,7,7,24,24,103,103,114,134,32,51,70,70,102,102,102,102,27,27,27,27,27,98,98,110,210,210,120,140,166,118,118,118,149,192,204,228,250,262,274],"floor_reached":51,"playtime":2328,"items_purged":["Strike_B","Strike_B","Strike_B","Defend_B"],"score":1291,"play_id":"6bfe3d66-b8e8-4bbd-9c48-bd6e791bc12d","local_time":"20190209082109","is_ascension_mode":true,"campfire_choices":[{"data":"Dualcast","floor":7,"key":"SMITH"},{"data":"Coolheaded","floor":11,"key":"SMITH"},{"floor":15,"key":"REST"},{"floor":23,"key":"REST"},{"data":"Biased Cognition","floor":25,"key":"SMITH"},{"floor":27,"key":"REST"},{"data":"Tempest","floor":30,"key":"SMITH"},{"data":"Thunder Strike","floor":32,"key":"SMITH"},{"floor":42,"key":"REST"},{"data":"Ball Lightning","floor":46,"key":"SMITH"},{"data":"Cold Snap","floor":49,"key":"SMITH"}],"neow_cost":"NONE","seed_source_timestamp":2567053154847348,"circlet_count":0,"master_deck":["AscendersBane","Strike_B+1","Zap+1","Dualcast+1","Coolheaded+1","Tempest+1","Ball Lightning+1","Gash","Cold Snap+1","Chaos+1","Core Surge+1","Biased Cognition+1","Hologram+1","Coolheaded+1","Coolheaded+1","Conserve Battery+1","Thunder Strike+1","Coolheaded+1","Conserve Battery+1","Conserve Battery+1","Glacier+1"],"relics":["Cracked Core","Smiling Mask","Toxic Egg 2","Busted Crown","Regal Pillow","Darkstone Periapt","Sozu","FossilizedHelix","Kunai","MawBank","Pantograph"],"potions_floor_usage":[14,18,33],"damage_taken":[{"damage":7,"enemies":"Jaw Worm","floor":1,"turns":4},{"damage":6,"enemies":"2 Louse","floor":2,"turns":4},{"damage":0,"enemies":"Cultist","floor":6,"turns":3},{"damage":2,"enemies":"2 Fungi Beasts","floor":8,"turns":3},{"damage":9,"enemies":"Looter","floor":10,"turns":2},{"damage":1,"enemies":"Lots of Slimes","floor":14,"turns":3},{"damage":17,"enemies":"Slime Boss","floor":16,"turns":9},{"damage":5,"enemies":"Shell Parasite","floor":18,"turns":3},{"damage":0,"enemies":"Spheric Guardian","floor":19,"turns":3},{"damage":0,"enemies":"Cultist and Chosen","floor":21,"turns":4},{"damage":13,"enemies":"Snake Plant","floor":22,"turns":3},{"damage":18,"enemies":"Gremlin Leader","floor":24,"turns":7},{"damage":6,"enemies":"Automaton","floor":33,"turns":6},{"damage":10,"enemies":"3 Darklings","floor":35,"turns":4},{"damage":0,"enemies":"Mind Bloom Boss Battle","floor":36,"turns":4},{"damage":18,"enemies":"3 Shapes","floor":39,"turns":3},{"damage":0,"enemies":"Giant Head","floor":40,"turns":7},{"damage":0,"enemies":"Spire Growth","floor":44,"turns":4},{"damage":0,"enemies":"Nemesis","floor":45,"turns":5},{"damage":0,"enemies":"Writhing Mass","floor":47,"turns":6},{"damage":0,"enemies":"Maw","floor":48,"turns":6},{"damage":11,"enemies":"Awakened One","floor":50,"turns":14}],"seed_played":"2486670723101817576","potions_obtained":[{"floor":1,"key":"SteroidPotion"},{"floor":8,"key":"Block Potion"},{"floor":16,"key":"SkillPotion"},{"floor":18,"key":"SteroidPotion"},{"floor":33,"key":"AttackPotion"}],"is_trial":false,"path_per_floor":["M","M","$","?","$","M","R","M","T","M","R","$","?","M","R","B",null,"M","M","$","M","M","R","E","R","T","R","?","?","R","?","R","B",null,"M","?","?","?","M","E","$","R","T","M","E","R","M","M","R","B",null],"character_chosen":"DEFECT","items_purchased":["Ball Lightning","Coolheaded+1","Conserve Battery+1"],"campfire_rested":4,"item_purchase_floors":[5,20,41],"current_hp_per_floor":[57,51,51,37,37,37,37,35,35,26,26,26,19,18,39,22,59,54,54,54,54,41,62,44,44,44,71,71,71,71,71,71,65,70,60,60,77,77,59,59,59,77,77,77,77,77,77,77,77,66],"gold":286,"neow_bonus":"RANDOM_COMMON_RELIC","is_prod":false,"is_daily":false,"chose_seed":false,"campfire_upgraded":7,"win_rate":0,"timestamp":1549668069,"path_taken":["M","M","$","?","$","M","R","M","T","M","R","$","?","M","R","BOSS","M","M","$","M","M","R","E","R","T","R","?","?","R","?","R","BOSS","M","?","?","?","M","E","$","R","T","M","E","R","?","M","R","BOSS"],"build_version":"2019-01-23","purchased_purges":4,"victory":true,"max_hp_per_floor":[71,71,71,71,71,71,71,71,71,71,71,71,71,71,71,71,71,71,71,71,71,71,71,71,71,71,71,71,71,71,71,71,71,71,71,71,77,77,77,77,77,77,77,77,77,77,77,77,77,77],"card_choices":[{"not_picked":["Blizzard","Go for the Eyes"],"picked":"Coolheaded","floor":1},{"not_picked":["Stack","Turbo"],"picked":"Tempest","floor":2},{"not_picked":["Double Energy","Sweeping Beam"],"picked":"Gash","floor":6},{"not_picked":["Blizzard","Stack"],"picked":"Cold Snap","floor":8},{"not_picked":["Beam Cell","Fusion+1"],"picked":"Chaos+1","floor":10},{"not_picked":["Chill+1","Steam Power+1"],"picked":"Core Surge","floor":14},{"not_picked":["Machine Learning","Buffer"],"picked":"Biased Cognition","floor":16},{"not_picked":[],"picked":"Hologram+1","floor":18},{"not_picked":["Loop"],"picked":"SKIP","floor":19},{"not_picked":["Streamline"],"picked":"SKIP","floor":21},{"not_picked":[],"picked":"Coolheaded+1","floor":22},{"not_picked":["Rip and Tear+1"],"picked":"SKIP","floor":24},{"not_picked":["Go for the Eyes"],"picked":"SKIP","floor":35},{"not_picked":[],"picked":"Coolheaded+1","floor":39},{"not_picked":["Barrage+1"],"picked":"SKIP","floor":40},{"not_picked":[],"picked":"Conserve Battery+1","floor":44},{"not_picked":["Reboot+1"],"picked":"SKIP","floor":45},{"not_picked":["Steam+1"],"picked":"SKIP","floor":47},{"not_picked":[],"picked":"Glacier+1","floor":48}],"player_experience":582167,"relics_obtained":[{"floor":9,"key":"Toxic Egg 2"},{"floor":24,"key":"Regal Pillow"},{"floor":26,"key":"Darkstone Periapt"},{"floor":36,"key":"FossilizedHelix"},{"floor":40,"key":"Kunai"},{"floor":43,"key":"MawBank"},{"floor":45,"key":"Pantograph"}],"event_choices":[{"damage_healed":0,"gold_gain":0,"player_choice":"Entered Light","damage_taken":14,"max_hp_gain":0,"max_hp_loss":0,"event_name":"Shining Light","floor":4,"gold_loss":0,"cards_upgraded":["Strike_B","Zap"]},{"cards_removed":["Defend_B"],"damage_healed":0,"gold_gain":0,"player_choice":"Card Removal","damage_taken":7,"max_hp_gain":0,"max_hp_loss":0,"event_name":"Golden Wing","floor":13,"gold_loss":0},{"cards_removed":["Defend_B"],"damage_healed":0,"gold_gain":0,"player_choice":"Gave Gold","damage_taken":0,"max_hp_gain":0,"max_hp_loss":0,"event_name":"Beggar","floor":28,"gold_loss":75},{"damage_healed":0,"gold_gain":0,"player_choice":"Read","damage_taken":0,"max_hp_gain":0,"max_hp_loss":0,"event_name":"The Library","floor":29,"gold_loss":0,"cards_obtained":["Conserve Battery"]},{"damage_healed":0,"gold_gain":0,"cards_transformed":["Defend_B"],"player_choice":"Transformed","damage_taken":0,"max_hp_gain":0,"max_hp_loss":0,"event_name":"Transmorgrifier","floor":31,"gold_loss":0,"cards_obtained":["Thunder Strike"]},{"damage_healed":0,"gold_gain":0,"player_choice":"Fight","damage_taken":0,"max_hp_gain":0,"max_hp_loss":0,"event_name":"MindBloom","floor":36,"gold_loss":0},{"damage_healed":18,"gold_gain":0,"player_choice":"Writhe","damage_taken":0,"max_hp_gain":0,"max_hp_loss":0,"event_name":"Winding Halls","floor":37,"gold_loss":0,"cards_obtained":["Writhe"]},{"cards_removed":["Writhe"],"damage_healed":0,"gold_gain":0,"player_choice":"Upgrade and Remove","damage_taken":0,"max_hp_gain":0,"max_hp_loss":0,"event_name":"Designer","floor":38,"gold_loss":90,"cards_upgraded":["Core Surge"]}],"is_beta":false,"boss_relics":[{"not_picked":["Calling Bell","Empty Cage"],"picked":"Busted Crown"},{"not_picked":["Coffee Dripper","Cursed Key"],"picked":"Sozu"}],"items_purged_floors":[3,5,12,20],"is_endless":false,"potions_floor_spawned":[1,8,16,18,24,33,36,39,40],"ascension_level":14}