{"gold_per_floor":[115,115,115,40,51,51,80,155,155,155,166,166,195,211,211,287,287,298,221,22,35,48,48,80,80,80,80],"floor_reached":27,"playtime":1105,"items_purged":["Regret","Strike_R"],"score":581,"play_id":"e8674db7-d5ca-42e2-bb0a-a1492552cf35","local_time":"20190330162444","is_ascension_mode":true,"campfire_choices":[{"data":"Bash","floor":6.0,"key":"SMITH"},{"data":"Rage","floor":10.0,"key":"SMITH"},{"data":"Iron Wave","floor":12.0,"key":"SMITH"},{"data":"Flex","floor":15.0,"key":"SMITH"},{"floor":23.0,"key":"REST"},{"data":"Offering","floor":25,"key":"SMITH"}],"neow_cost":"NONE","seed_source_timestamp":2647760161904725,"circlet_count":0,"master_deck":["AscendersBane","Strike_R","Strike_R","Strike_R","Strike_R","Defend_R","Defend_R","Defend_R","Defend_R","Bash+1","Iron Wave+1","Rage+1","Headbutt","Dropkick","Flex+1","Dropkick","Offering+1","Second Wind","Madness","Thunderclap","Feel No Pain+1"],"special_seed":0,"relics":["Burning Blood","NeowsBlessing","Potion Belt","Pen Nib","Incense Burner","Mango","Mark of Pain","Ancient Tea Set","Thread and Needle","Self Forming Clay"],"potions_floor_usage":[24,24,24],"damage_taken":[{"damage":0.0,"enemies":"2 Louse","floor":1.0,"turns":1.0},{"damage":0.0,"enemies":"Small Slimes","floor":5.0,"turns":1.0},{"damage":0.0,"enemies":"Gremlin Nob","floor":7.0,"turns":1.0},{"damage":2.0,"enemies":"Cultist","floor":11.0,"turns":4.0},{"damage":23.0,"enemies":"3 Sentries","floor":13.0,"turns":9.0},{"damage":5.0,"enemies":"3 Louse","floor":14.0,"turns":3.0},{"damage":0.0,"enemies":"Slime Boss","floor":16.0,"turns":6.0},{"damage":24.0,"enemies":"3 Byrds","floor":18.0,"turns":7.0},{"damage":14.0,"enemies":"Chosen","floor":21.0,"turns":4.0},{"damage":53.0,"enemies":"3 Cultists","floor":22.0,"turns":7.0},{"damage":31,"enemies":"Gremlin Leader","floor":24,"turns":7},{"damage":17,"enemies":"Sentry and Sphere","floor":27,"turns":4}],"seed_played":"-3307441347550514215","potions_obtained":[{"floor":3.0,"key":"Energy Potion"},{"floor":3.0,"key":"Weak Potion"},{"floor":5.0,"key":"Strength Potion"},{"floor":7.0,"key":"Strength Potion"},{"floor":16.0,"key":"FearPotion"},{"floor":22.0,"key":"Fire Potion"}],"is_trial":false,"path_per_floor":["M","?","?","$","M","R","E","?","T","R","M","R","E","M","R","B",null,"M","?","$","M","M","R","E","R","T","M"],"character_chosen":"IRONCLAD","items_purchased":["Madness"],"campfire_rested":1,"item_purchase_floors":[20],"current_hp_per_floor":[74,74,74,74,75,75,75,64,64,64,68,68,65,66,66,72,85,67,67,67,59,12,38,13,13,13,0],"gold":80,"neow_bonus":"THREE_ENEMY_KILL","is_prod":false,"is_daily":false,"chose_seed":false,"campfire_upgraded":5,"win_rate":0,"timestamp":1553930684,"path_taken":["M","?","?","$","?","R","E","?","T","R","M","R","E","M","R","BOSS","M","?","$","M","M","R","E","R","T","?"],"build_version":"2019-03-15","purchased_purges":2,"victory":false,"max_hp_per_floor":[75,75,75,75,75,75,75,75,75,75,75,75,89,89,89,89,89,89,89,89,89,89,89,89,89,89,89],"card_choices":[{"not_picked":["Armaments","Havoc"],"picked":"Iron Wave","floor":1.0},{"not_picked":["Thunderclap","Sentinel"],"picked":"Rage","floor":5.0},{"not_picked":["Dual Wield","Clash"],"picked":"Headbutt","floor":7.0},{"not_picked":["Sever Soul","Metallicize"],"picked":"Dropkick","floor":11.0},{"not_picked":["Heavy Blade","Shrug It Off"],"picked":"Flex","floor":13.0},{"not_picked":["Body Slam","Clothesline"],"picked":"Dropkick","floor":14.0},{"not_picked":["Immolate","Brutality"],"picked":"Offering","floor":16.0},{"not_picked":["Sword Boomerang","Clothesline"],"picked":"Second Wind","floor":18.0},{"not_picked":["Flex","Heavy Blade"],"picked":"Thunderclap","floor":21.0},{"not_picked":["Rupture","Hemokinesis","Cleave"],"picked":"SKIP","floor":22.0},{"not_picked":["Cleave","True Grit"],"picked":"Feel No Pain+1","floor":24}],"player_experience":2765420,"relics_obtained":[{"floor":7.0,"key":"Pen Nib"},{"floor":9.0,"key":"Incense Burner"},{"floor":13.0,"key":"Mango"},{"floor":24,"key":"Thread and Needle"},{"floor":26,"key":"Self Forming Clay"}],"event_choices":[{"damage_healed":0.0,"max_hp_gain":0.0,"max_hp_loss":0.0,"gold_gain":0.0,"event_name":"Big Fish","player_choice":"Box","floor":2.0,"gold_loss":0.0,"damage_taken":0.0,"relics_obtained":["Potion Belt"],"cards_obtained":["Regret"]},{"damage_healed":0.0,"max_hp_gain":0.0,"max_hp_loss":0.0,"gold_gain":0.0,"event_name":"Lab","player_choice":"Got Potions","floor":3.0,"gold_loss":0.0,"damage_taken":0.0},{"damage_healed":0.0,"max_hp_gain":0.0,"max_hp_loss":0.0,"gold_gain":75.0,"event_name":"World of Goop","player_choice":"Gather Gold","floor":8.0,"gold_loss":0.0,"damage_taken":11.0},{"damage_healed":0.0,"max_hp_gain":0.0,"max_hp_loss":0.0,"gold_gain":0.0,"event_name":"WeMeetAgain","player_choice":"Paid Gold","floor":19.0,"gold_loss":77.0,"damage_taken":0.0,"relics_obtained":["Ancient Tea Set"]}],"is_beta":true,"boss_relics":[{"not_picked":["Ectoplasm","Philosopher\u0027s Stone"],"picked":"Mark of Pain"}],"items_purged_floors":[4,20],"is_endless":false,"potions_floor_spawned":[5,7,16,18,22],"killed_by":"Sentry and Sphere","ascension_level":17}