{"gold_per_floor":[111,127,127,127,144,144,159,185,185,196,196,206,131,163,163,238,238,250,250],"floor_reached":19,"playtime":932,"items_purged":["Strike_B"],"score":331,"play_id":"553c5c74-cfdb-4f7c-88d0-2a7fba385780","local_time":"20190422204709","is_ascension_mode":true,"campfire_choices":[{"floor":6.0,"key":"REST"},{"floor":11,"key":"REST"},{"data":"Doom and Gloom","floor":15,"key":"SMITH"}],"neow_cost":"TEN_PERCENT_HP_LOSS","seed_source_timestamp":881152925982541,"circlet_count":0,"master_deck":["AscendersBane","Defend_B","Defend_B","Defend_B+1","Zap","Dualcast","Streamline+1","Doom and Gloom+1","Cold Snap","Gash","Compile Driver","Conserve Battery","Undo","Reboot","Conserve Battery","Buffer","Creative AI"],"special_seed":0,"relics":["Cracked Core","Pen Nib","Darkstone Periapt","Blood Vial","Regal Pillow","Empty Cage"],"potions_floor_usage":[14,16],"damage_taken":[{"damage":0.0,"enemies":"Small Slimes","floor":1.0,"turns":2.0},{"damage":2.0,"enemies":"Jaw Worm","floor":2.0,"turns":3.0},{"damage":0.0,"enemies":"2 Louse","floor":5.0,"turns":3.0},{"damage":1.0,"enemies":"Exordium Wildlife","floor":7.0,"turns":3.0},{"damage":8,"enemies":"3 Sentries","floor":8,"turns":5},{"damage":4,"enemies":"Red Slaver","floor":10,"turns":3},{"damage":0,"enemies":"3 Louse","floor":12,"turns":3},{"damage":8,"enemies":"Lagavulin","floor":14,"turns":7},{"damage":37,"enemies":"Hexaghost","floor":16,"turns":11},{"damage":34,"enemies":"Chosen","floor":18,"turns":9},{"damage":16,"enemies":"Shell Parasite","floor":19,"turns":3}],"seed_played":"-576913591824588853","potions_obtained":[{"floor":10,"key":"Dexterity Potion"},{"floor":12,"key":"EssenceOfSteel"},{"floor":14,"key":"Strength Potion"},{"floor":18,"key":"PowerPotion"}],"is_trial":false,"path_per_floor":["M","M","?","?","M","R","M","E","T","M","R","M","$","E","R","B",null,"M","M"],"character_chosen":"DEFECT","items_purchased":[],"campfire_rested":2,"item_purchase_floors":[],"current_hp_per_floor":[64,62,44,25,25,44,43,35,35,33,52,54,54,48,48,13,51,19,5],"gold":250,"neow_bonus":"TRANSFORM_TWO_CARDS","is_prod":false,"is_daily":false,"chose_seed":false,"campfire_upgraded":1,"win_rate":0,"timestamp":1555933629,"path_taken":["M","M","?","?","M","R","M","E","T","M","R","M","$","E","R","BOSS","M","M"],"build_version":"2019-04-21","purchased_purges":1,"victory":false,"max_hp_per_floor":[64,64,64,64,64,64,64,64,64,64,64,64,64,64,64,64,64,64,64],"card_choices":[{"not_picked":["Steam","Barrage"],"picked":"Cold Snap","floor":1.0},{"not_picked":["Steam","Capacitor"],"picked":"Gash","floor":2.0},{"not_picked":["Rip and Tear","Aggregate"],"picked":"Compile Driver","floor":5.0},{"not_picked":["Consume","Leap"],"picked":"Conserve Battery","floor":7.0},{"not_picked":["FTL","Double Energy"],"picked":"Undo","floor":8},{"not_picked":["Heatsinks","White Noise"],"picked":"Reboot","floor":10},{"not_picked":["Stack","Reprogram"],"picked":"Conserve Battery","floor":12},{"not_picked":["Sweeping Beam","Self Repair"],"picked":"Buffer","floor":14},{"not_picked":["Core Surge","Machine Learning"],"picked":"Creative AI","floor":16},{"not_picked":["Chaos","Sweeping Beam","Ball Lightning"],"picked":"SKIP","floor":18}],"player_experience":3012847,"relics_obtained":[{"floor":8,"key":"Darkstone Periapt"},{"floor":9,"key":"Blood Vial"},{"floor":14,"key":"Regal Pillow"}],"event_choices":[{"damage_healed":0.0,"max_hp_gain":0.0,"max_hp_loss":0.0,"gold_gain":0.0,"event_name":"Scrap Ooze","player_choice":"Success","floor":3.0,"gold_loss":0.0,"damage_taken":18.0,"relics_obtained":["Pen Nib"]},{"damage_healed":0.0,"max_hp_gain":0.0,"max_hp_loss":0.0,"gold_gain":0.0,"event_name":"Shining Light","player_choice":"Entered Light","floor":4.0,"gold_loss":0.0,"damage_taken":19.0,"cards_upgraded":["Defend_B","Streamline"]}],"is_beta":true,"boss_relics":[{"not_picked":["Orrery","Tiny House"],"picked":"Empty Cage"}],"items_purged_floors":[13],"is_endless":false,"potions_floor_spawned":[10,12,14,18],"killed_by":"Shell Parasite","ascension_level":17}