{"gold_per_floor":[115,115,40,53,2,2,34,34,59,91,91,91,91,91,91,162,162,177,177,192,220,220,220,234,234,234,248,283,283,283,296,296,296],"floor_reached":33,"playtime":1822,"items_purged":[],"score":471,"play_id":"fc2d3ede-00be-4a3b-bc16-233e05588487","local_time":"20181208234827","is_ascension_mode":true,"campfire_choices":[{"data":"Armaments","floor":6.0,"key":"SMITH"},{"data":"Pommel Strike","floor":8.0,"key":"SMITH"},{"data":"Blood for Blood","floor":11.0,"key":"SMITH"},{"data":"Bash","floor":13.0,"key":"SMITH"},{"floor":15.0,"key":"REST"},{"floor":23,"key":"REST"},{"floor":25,"key":"REST"},{"floor":29,"key":"REST"},{"floor":32,"key":"REST"}],"neow_cost":"NONE","seed_source_timestamp":429737088345394,"circlet_count":0,"master_deck":["AscendersBane","Strike_R","Strike_R","Strike_R","Defend_R","Defend_R","Defend_R","Defend_R","Bash+1","Armaments+1","Pommel Strike+1","Body Slam","Hemokinesis","Blood for Blood+1","Searing Blow","Brutality","Cleave","Deep Breath","Deep Breath","Battle Trance","Iron Wave+1","Shockwave","Spot Weakness+1","Flame Barrier","Seeing Red","Whirlwind+1","Cleave+1","Sever Soul+1","Body Slam+1"],"special_seed":0,"relics":["Burning Blood","Self Forming Clay","Anchor","Centennial Puzzle","Dream Catcher","Runic Pyramid","Red Mask","Bottled Lightning","Molten Egg 2","Toxic Egg 2"],"potions_floor_usage":[21,27],"damage_taken":[{"damage":9.0,"enemies":"Small Slimes","floor":1.0,"turns":5.0},{"damage":2.0,"enemies":"2 Louse","floor":4.0,"turns":3.0},{"damage":28.0,"enemies":"Gremlin Nob","floor":7.0,"turns":4.0},{"damage":8.0,"enemies":"3 Sentries","floor":10.0,"turns":8.0},{"damage":51.0,"enemies":"Slime Boss","floor":16.0,"turns":10.0},{"damage":8.0,"enemies":"Spheric Guardian","floor":18.0,"turns":5.0},{"damage":17.0,"enemies":"3 Byrds","floor":20.0,"turns":5.0},{"damage":6,"enemies":"Masked Bandits","floor":21,"turns":5},{"damage":15,"enemies":"Snake Plant","floor":24,"turns":4},{"damage":17,"enemies":"3 Cultists","floor":27,"turns":6},{"damage":32,"enemies":"Slavers","floor":28,"turns":5},{"damage":9,"enemies":"Shelled Parasite and Fungi","floor":31,"turns":3},{"damage":78,"enemies":"Automaton","floor":33,"turns":8}],"seed_played":"-282905532266039010","potions_obtained":[{"floor":4.0,"key":"PowerPotion"},{"floor":16.0,"key":"Ancient Potion"},{"floor":24,"key":"Fire Potion"},{"floor":31,"key":"Ancient Potion"}],"is_trial":false,"path_per_floor":["M","?","?","M","$","R","E","R","T","E","R","?","R","?","R","B",null,"M","?","M","?","T","R","M","R","T","M","E","R","?","M","R","B"],"character_chosen":"IRONCLAD","items_purchased":["Body Slam"],"campfire_rested":5,"item_purchase_floors":[5],"current_hp_per_floor":[65,65,65,69,69,69,47,47,47,45,45,50,50,45,69,24,66,64,40,29,29,29,53,44,68,68,57,31,55,55,52,76,0],"gold":296,"neow_bonus":"REMOVE_CARD","is_prod":false,"is_daily":false,"chose_seed":false,"campfire_upgraded":4,"win_rate":0,"timestamp":1544280507,"path_taken":["M","?","?","M","?","R","E","R","T","E","R","?","R","?","R","BOSS","M","?","?","?","?","R","M","R","T","?","E","R","?","M","R","BOSS"],"build_version":"2018-12-06","purchased_purges":0,"victory":false,"max_hp_per_floor":[75,75,75,75,75,75,75,75,75,75,75,80,80,80,80,80,80,80,80,80,80,80,80,80,80,80,80,80,80,80,80,80,80],"card_choices":[{"not_picked":["Clash","Ghostly Armor"],"picked":"Armaments","floor":1.0},{"not_picked":["Thunderclap","Heavy Blade"],"picked":"Pommel Strike","floor":4.0},{"not_picked":["Warcry","Heavy Blade"],"picked":"Hemokinesis","floor":7.0},{"not_picked":["Clash","Searing Blow"],"picked":"Blood for Blood","floor":10.0},{"not_picked":["Disarm","Sentinel"],"picked":"Searing Blow","floor":15.0},{"not_picked":["Berserk","Juggernaut"],"picked":"Brutality","floor":16.0},{"not_picked":["Dual Wield","Anger"],"picked":"Cleave","floor":18.0},{"not_picked":["Sever Soul","Wild Strike"],"picked":"Battle Trance","floor":20.0},{"not_picked":["Corruption","Clash+1"],"picked":"Iron Wave+1","floor":21},{"not_picked":["Clash+1","Headbutt"],"picked":"Shockwave","floor":23},{"not_picked":["Shrug It Off","Anger"],"picked":"Spot Weakness+1","floor":24},{"not_picked":["Havoc","Headbutt"],"picked":"Flame Barrier","floor":25},{"not_picked":["Reckless Charge+1","Ghostly Armor"],"picked":"Seeing Red","floor":27},{"not_picked":["Perfected Strike+1","Power Through"],"picked":"Whirlwind+1","floor":28},{"not_picked":["Pummel+1","Perfected Strike+1"],"picked":"Cleave+1","floor":29},{"not_picked":["Berserk","Anger+1"],"picked":"Sever Soul+1","floor":31},{"not_picked":["Rampage+1","Heavy Blade+1"],"picked":"Body Slam+1","floor":32}],"player_experience":2531319,"relics_obtained":[{"floor":7.0,"key":"Self Forming Clay"},{"floor":9.0,"key":"Anchor"},{"floor":10.0,"key":"Centennial Puzzle"},{"floor":21,"key":"Red Mask"},{"floor":22,"key":"Bottled Lightning"},{"floor":26,"key":"Molten Egg 2"},{"floor":28,"key":"Toxic Egg 2"}],"event_choices":[{"damage_healed":0.0,"max_hp_gain":0.0,"max_hp_loss":0.0,"gold_gain":0.0,"event_name":"Liars Game","player_choice":"Ignored","floor":2.0,"gold_loss":0.0,"damage_taken":0.0},{"cards_removed":["Strike_R"],"damage_healed":0.0,"max_hp_gain":0.0,"max_hp_loss":0.0,"gold_gain":0.0,"event_name":"The Cleric","player_choice":"Card Removal","floor":3.0,"gold_loss":75.0,"damage_taken":0.0},{"damage_healed":0.0,"max_hp_gain":5.0,"max_hp_loss":0.0,"gold_gain":0.0,"event_name":"Big Fish","player_choice":"Donut","floor":12.0,"gold_loss":0.0,"damage_taken":0.0},{"damage_healed":0.0,"max_hp_gain":0.0,"max_hp_loss":0.0,"gold_gain":0.0,"event_name":"Scrap Ooze","player_choice":"Success","floor":14.0,"gold_loss":0.0,"damage_taken":5.0,"relics_obtained":["Dream Catcher"]},{"damage_healed":0.0,"max_hp_gain":0.0,"max_hp_loss":0.0,"gold_gain":0.0,"event_name":"Knowing Skull","player_choice":"CARD CARD ","floor":19.0,"potions_obtained":[],"gold_loss":0.0,"damage_taken":24.0,"cards_obtained":["Deep Breath","Deep Breath"]},{"damage_healed":0,"gold_gain":0,"player_choice":"Fought Bandits","damage_taken":0,"max_hp_gain":0,"max_hp_loss":0,"event_name":"Masked Bandits","floor":21,"gold_loss":0},{"damage_healed":0,"gold_gain":0,"player_choice":"Ignored","damage_taken":0,"max_hp_gain":0,"max_hp_loss":0,"event_name":"The Mausoleum","floor":30,"gold_loss":0}],"is_beta":true,"boss_relics":[{"not_picked":["Tiny House","Philosopher\u0027s Stone"],"picked":"Runic Pyramid"}],"items_purged_floors":[],"is_endless":false,"potions_floor_spawned":[4,16,24,31],"killed_by":"Automaton","ascension_level":15}