{"gold_per_floor":[117,192,192,192,192,228,228,267,267,267,288,322,343,343,343,436,436,459,29,0,19,42,42,76,97,97,97,97,111,111,129,129,129],"floor_reached":33,"playtime":1604,"items_purged":["Strike_G"],"score":666,"play_id":"fe55c252-77ae-4dbe-b939-d0d1801a0661","local_time":"20190308143849","is_ascension_mode":true,"campfire_choices":[{"data":"Well Laid Plans","floor":7.0,"key":"SMITH"},{"data":"Backflip","floor":10.0,"key":"SMITH"},{"data":"Predator","floor":15.0,"key":"SMITH"},{"floor":23,"key":"REST"},{"floor":27,"key":"REST"},{"floor":30,"key":"RECALL"},{"floor":32,"key":"REST"}],"neow_cost":"NONE","seed_source_timestamp":740225718198546,"circlet_count":0,"master_deck":["AscendersBane","Defend_G","Defend_G","Defend_G","Defend_G","Defend_G","Strike_G","Strike_G","Survivor","Neutralize+1","Well Laid Plans+1","Backflip+1","Predator+1","Grand Finale","Footwork+1","Well Laid Plans+1","Noxious Fumes+1","Footwork+1","Flechettes"],"special_seed":0,"relics":["Ring of the Snake","NeowsBlessing","Golden Idol","WingedGreaves","Du-Vu Doll","Frozen Egg 2","Strawberry","Empty Cage","Mummified Hand","Sundial"],"potions_floor_usage":[21,22,24],"damage_taken":[{"damage":0.0,"enemies":"Jaw Worm","floor":1.0,"turns":1.0},{"damage":0.0,"enemies":"Gremlin Nob","floor":6.0,"turns":1.0},{"damage":0.0,"enemies":"Lagavulin","floor":8.0,"turns":1.0},{"damage":1.0,"enemies":"2 Louse","floor":11.0,"turns":3.0},{"damage":17.0,"enemies":"3 Sentries","floor":12.0,"turns":9.0},{"damage":0.0,"enemies":"Small Slimes","floor":13.0,"turns":2.0},{"damage":29.0,"enemies":"The Guardian","floor":16.0,"turns":17.0},{"damage":10.0,"enemies":"Shell Parasite","floor":18.0,"turns":8.0},{"damage":3,"enemies":"2 Thieves","floor":21,"turns":4},{"damage":13,"enemies":"Chosen and Byrds","floor":22,"turns":11},{"damage":12,"enemies":"Slavers","floor":24,"turns":4},{"damage":4,"enemies":"Shelled Parasite and Fungi","floor":25,"turns":6},{"damage":8,"enemies":"3 Cultists","floor":29,"turns":3},{"damage":16,"enemies":"Snake Plant","floor":31,"turns":5},{"damage":21,"enemies":"Collector","floor":33,"turns":6}],"seed_played":"3987074770628176119","potions_obtained":[{"floor":1.0,"key":"PowerPotion"},{"floor":6.0,"key":"Block Potion"},{"floor":16.0,"key":"LiquidBronze"},{"floor":18.0,"key":"Poison Potion"},{"floor":21,"key":"Ancient Potion"},{"floor":22,"key":"Explosive Potion"},{"floor":29,"key":"Weak Potion"}],"is_trial":false,"path_per_floor":["M","?","?","?","$","E","R","E","T","R","M","E","M","?","R","B",null,"M","$","?","M","M","R","E","M","T","R","?","M","R","M","R","B"],"character_chosen":"THE_SILENT","items_purchased":["Mummified Hand","Footwork+1"],"campfire_rested":3,"item_purchase_floors":[19,19],"current_hp_per_floor":[59,48,48,48,48,48,48,48,48,48,47,37,37,42,42,13,57,47,47,47,44,31,52,40,36,36,57,57,49,49,33,54,33],"gold":129,"neow_bonus":"THREE_ENEMY_KILL","is_prod":false,"is_daily":false,"chose_seed":false,"campfire_upgraded":3,"win_rate":0,"timestamp":1552023529,"path_taken":["M","?","?","?","$","E","R","E","T","R","M","E","M","?","R","BOSS","M","$","?","M","M","R","E","M","T","R","?","M","R","M","R","BOSS"],"build_version":"2019-02-06","purchased_purges":1,"victory":false,"max_hp_per_floor":[66,66,60,60,60,60,60,60,60,60,60,67,67,72,72,72,72,72,72,72,72,72,72,72,72,72,72,72,72,72,72,72,72],"card_choices":[{"not_picked":["Endless Agony","Poisoned Stab"],"picked":"Well Laid Plans","floor":1.0},{"not_picked":["Deflect","Masterful Stab","Riddle With Holes"],"picked":"SKIP","floor":6.0},{"not_picked":["Dagger Throw","Dodge and Roll"],"picked":"Backflip","floor":8.0},{"not_picked":["Endless Agony","Slice","Quick Slash"],"picked":"SKIP","floor":11.0},{"not_picked":["Deflect","Dodge and Roll"],"picked":"Predator","floor":12.0},{"not_picked":["Blade Dance","Bane","Dagger Throw"],"picked":"SKIP","floor":13.0},{"not_picked":["Unload","Storm of Steel"],"picked":"Grand Finale","floor":16.0},{"not_picked":["Crippling Poison","Blade Dance","Choke"],"picked":"SKIP","floor":18.0},{"not_picked":["Bouncing Flask","Underhanded Strike","Sucker Punch"],"picked":"SKIP","floor":21},{"not_picked":["Prepared","Riddle With Holes"],"picked":"Well Laid Plans+1","floor":22},{"not_picked":["Eviscerate","Prepared","Endless Agony+1"],"picked":"SKIP","floor":24},{"not_picked":["Poisoned Stab","Slice"],"picked":"Noxious Fumes+1","floor":25},{"not_picked":["Eviscerate","Dagger Spray+1"],"picked":"Footwork+1","floor":29},{"not_picked":["Phantasmal Killer","Choke"],"picked":"Flechettes","floor":31}],"player_experience":2654783,"relics_obtained":[{"floor":6.0,"key":"WingedGreaves"},{"floor":8.0,"key":"Du-Vu Doll"},{"floor":9.0,"key":"Frozen Egg 2"},{"floor":12.0,"key":"Strawberry"},{"floor":24,"key":"Sundial"}],"event_choices":[{"damage_healed":0.0,"max_hp_gain":0.0,"max_hp_loss":0.0,"gold_gain":75.0,"event_name":"World of Goop","player_choice":"Gather Gold","floor":2.0,"gold_loss":0.0,"damage_taken":11.0},{"damage_healed":0.0,"max_hp_gain":0.0,"max_hp_loss":6.0,"gold_gain":0.0,"event_name":"Golden Idol","player_choice":"Lose Max HP","floor":3.0,"gold_loss":0.0,"damage_taken":0.0,"relics_obtained":["Golden Idol"]},{"damage_healed":0.0,"max_hp_gain":0.0,"max_hp_loss":0.0,"gold_gain":0.0,"event_name":"Living Wall","player_choice":"Grow","floor":4.0,"gold_loss":0.0,"damage_taken":0.0,"cards_upgraded":["Neutralize"]},{"damage_healed":0.0,"max_hp_gain":5.0,"max_hp_loss":0.0,"gold_gain":0.0,"event_name":"Big Fish","player_choice":"Donut","floor":14.0,"gold_loss":0.0,"damage_taken":0.0},{"damage_healed":0,"gold_gain":0,"player_choice":"Paid Fearfully","damage_taken":0,"max_hp_gain":0,"max_hp_loss":0,"event_name":"Masked Bandits","floor":20,"gold_loss":29},{"damage_healed":0,"gold_gain":0,"player_choice":"Ignored","damage_taken":0,"max_hp_gain":0,"max_hp_loss":0,"event_name":"The Mausoleum","floor":28,"gold_loss":0}],"is_beta":true,"boss_relics":[{"not_picked":["WristBlade","Lizard Tail"],"picked":"Empty Cage"}],"items_purged_floors":[19],"is_endless":false,"potions_floor_spawned":[1,6,8,16,18,21,22,29],"killed_by":"Collector","ascension_level":20}