{"gold_per_floor":[113,123,143,156,156,184,184,218,244,275,112,112,127,145,145,219,219,232,250,250],"floor_reached":20,"playtime":374,"items_purged":["Strike_B"],"score":392,"play_id":"4d425832-4e44-43be-a94a-d781dd538910","local_time":"20190516000448","is_ascension_mode":true,"campfire_choices":[{"floor":7.0,"key":"REST"},{"floor":12.0,"key":"REST"},{"data":"White Noise","floor":15.0,"key":"SMITH"}],"neow_cost":"NONE","seed_source_timestamp":885734922579200,"circlet_count":0,"master_deck":["AscendersBane","Strike_B","Strike_B","Defend_B","Defend_B","Defend_B","Defend_B","Zap","Dualcast","Glacier","Streamline","Streamline","Self Repair","Ball Lightning","Rip and Tear","Ball Lightning","Undo","Genetic Algorithm","White Noise+1","Hyperbeam","Streamline"],"special_seed":0,"relics":["Cracked Core","NeowsBlessing","Bag of Marbles","Boot","Potion Belt","Art of War","Snecko Eye"],"potions_floor_usage":[16,16],"damage_taken":[{"damage":0.0,"enemies":"Small Slimes","floor":1.0,"turns":1.0},{"damage":0.0,"enemies":"Cultist","floor":2.0,"turns":1.0},{"damage":0.0,"enemies":"Jaw Worm","floor":3.0,"turns":1.0},{"damage":14.0,"enemies":"Exordium Wildlife","floor":4.0,"turns":4.0},{"damage":28.0,"enemies":"3 Sentries","floor":6.0,"turns":10.0},{"damage":7.0,"enemies":"Lagavulin","floor":8.0,"turns":5.0},{"damage":32.0,"enemies":"Gremlin Nob","floor":10.0,"turns":4.0},{"damage":4.0,"enemies":"Large Slime","floor":13.0,"turns":5.0},{"damage":4.0,"enemies":"Red Slaver","floor":14.0,"turns":3.0},{"damage":36,"enemies":"Hexaghost","floor":16,"turns":9},{"damage":11,"enemies":"Chosen","floor":18,"turns":4},{"damage":28,"enemies":"Spheric Guardian","floor":19,"turns":4},{"damage":21,"enemies":"Snake Plant","floor":20,"turns":2}],"seed_played":"-8889652791368015435","potions_obtained":[{"floor":1.0,"key":"FearPotion"},{"floor":2.0,"key":"Fire Potion"},{"floor":4.0,"key":"EssenceOfSteel"},{"floor":10.0,"key":"Swift Potion"},{"floor":14.0,"key":"LiquidBronze"},{"floor":16,"key":"Fire Potion"},{"floor":18,"key":"Dexterity Potion"}],"is_trial":false,"path_per_floor":["M","M","M","M","?","E","R","E","T","E","$","R","M","M","R","B",null,"M","M","M"],"character_chosen":"DEFECT","items_purchased":["Undo"],"campfire_rested":2,"item_purchase_floors":[11],"current_hp_per_floor":[64,64,64,50,50,29,50,43,43,18,18,39,42,45,45,16,57,46,18,0],"gold":250,"neow_bonus":"THREE_ENEMY_KILL","is_prod":false,"is_daily":false,"chose_seed":false,"campfire_upgraded":1,"win_rate":0,"timestamp":1557932688,"path_taken":["M","M","M","M","?","E","R","E","T","E","$","R","M","M","R","BOSS","M","M","?"],"build_version":"2019-01-23","purchased_purges":1,"victory":false,"max_hp_per_floor":[71,71,71,71,71,71,71,71,71,71,71,71,71,71,71,71,71,71,71,71],"card_choices":[{"not_picked":["Tempest","Stack"],"picked":"Glacier","floor":1.0},{"not_picked":["Melter","Tempest"],"picked":"Streamline","floor":2.0},{"not_picked":["Redo","Steam"],"picked":"Streamline","floor":3.0},{"not_picked":["Sweeping Beam","Rebound"],"picked":"Self Repair","floor":4.0},{"not_picked":["Beam Cell","Streamline"],"picked":"Ball Lightning","floor":6.0},{"not_picked":["Barrage","Coolheaded"],"picked":"Rip and Tear","floor":8.0},{"not_picked":["Beam Cell","Compile Driver"],"picked":"Ball Lightning","floor":10.0},{"not_picked":["Heatsinks","Turbo"],"picked":"Genetic Algorithm","floor":13.0},{"not_picked":["Force Field","Gash"],"picked":"White Noise","floor":14.0},{"not_picked":["Machine Learning","Rainbow"],"picked":"Hyperbeam","floor":16},{"not_picked":["Reprogram","Chill"],"picked":"Streamline","floor":18},{"not_picked":["BootSequence","Steam","Conserve Battery"],"picked":"SKIP","floor":19}],"player_experience":5038352,"relics_obtained":[{"floor":6.0,"key":"Bag of Marbles"},{"floor":8.0,"key":"Boot"},{"floor":9.0,"key":"Potion Belt"},{"floor":10.0,"key":"Art of War"}],"event_choices":[{"cards_removed":["Strike_B"],"damage_healed":0.0,"max_hp_gain":0.0,"max_hp_loss":0.0,"gold_gain":0.0,"event_name":"Purifier","player_choice":"Purged","floor":5.0,"gold_loss":0.0,"damage_taken":0.0}],"is_beta":false,"boss_relics":[{"not_picked":["Runic Pyramid","Velvet Choker"],"picked":"Snecko Eye"}],"items_purged_floors":[11],"is_endless":false,"potions_floor_spawned":[1,2,4,6,10,14,16,18],"killed_by":"Snake Plant","ascension_level":20}