{"gold_per_floor":[109,120,120,132,132,162,162,193,193,7,7,19,19,19,19,115,115,134,134,147,167,178,209,209,308,308,341,341],"floor_reached":28,"playtime":1538,"items_purged":[],"score":386,"play_id":"4eacc78d-144e-4d29-9e64-588458ad67d7","local_time":"20190422185731","is_ascension_mode":true,"campfire_choices":[{"data":"Doom and Gloom","floor":7,"key":"SMITH"},{"floor":11,"key":"REST"},{"data":"Dualcast","floor":13,"key":"SMITH"},{"floor":15,"key":"REST"},{"floor":24,"key":"REST"}],"neow_cost":"NONE","seed_source_timestamp":943304649396226,"circlet_count":0,"master_deck":["Strike_B","Strike_B","Strike_B","Defend_B","Defend_B","Defend_B","Defend_B","Zap","Dualcast+1","Coolheaded","Darkness","Rainbow","Sweeping Beam","Doom and Gloom+1","Conserve Battery","Chill","Leap","Electrodynamics","Redo","Multi-Cast","Go for the Eyes+1","Self Repair+1"],"relics":["Cracked Core","PreservedInsect","Mercury Hourglass","Letter Opener","Oddly Smooth Stone","Snecko Eye","Turnip","Blood Vial","Toxic Egg 2"],"potions_floor_usage":[],"damage_taken":[{"damage":5,"enemies":"Small Slimes","floor":1,"turns":4},{"damage":0,"enemies":"Cultist","floor":2,"turns":4},{"damage":8,"enemies":"2 Louse","floor":4,"turns":3},{"damage":28,"enemies":"Lagavulin","floor":6,"turns":5},{"damage":20,"enemies":"3 Sentries","floor":8,"turns":3},{"damage":8,"enemies":"Large Slime","floor":12,"turns":3},{"damage":20,"enemies":"The Guardian","floor":16,"turns":11},{"damage":12,"enemies":"2 Thieves","floor":18,"turns":3},{"damage":0,"enemies":"3 Byrds","floor":20,"turns":1},{"damage":16,"enemies":"Snake Plant","floor":21,"turns":3},{"damage":0,"enemies":"Chosen and Byrds","floor":22,"turns":4},{"damage":10,"enemies":"Gremlin Leader","floor":23,"turns":4},{"damage":45,"enemies":"Book of Stabbing","floor":27,"turns":4},{"damage":32,"enemies":"Shelled Parasite and Fungi","floor":28,"turns":2}],"seed_played":"-3961202093675665109","potions_obtained":[{"floor":4,"key":"FocusPotion"},{"floor":6,"key":"SkillPotion"},{"floor":12,"key":"Weak Potion"},{"floor":23,"key":"Block Potion"}],"is_trial":false,"path_per_floor":["M","M","?","M","$","E","R","E","T","$","R","M","R","?","R","B",null,"M","?","M","M","M","E","R","?","T","E","M"],"character_chosen":"DEFECT","items_purchased":["Oddly Smooth Stone","Chill"],"campfire_rested":3,"item_purchase_floors":[10,10],"current_hp_per_floor":[70,70,70,62,62,34,34,14,14,14,38,30,30,30,54,34,70,58,58,58,42,42,32,56,56,56,13,0],"gold":341,"neow_bonus":"TEN_PERCENT_HP_BONUS","is_prod":false,"is_daily":false,"chose_seed":false,"campfire_upgraded":2,"win_rate":0,"timestamp":1555952251,"path_taken":["M","M","?","M","?","E","R","E","T","$","R","M","R","?","R","BOSS","M","?","M","M","M","E","R","?","T","E","M"],"build_version":"2019-01-23","purchased_purges":0,"victory":false,"max_hp_per_floor":[82,82,82,82,82,82,82,82,82,82,82,82,82,82,82,82,82,82,82,82,82,82,82,82,82,82,82,82],"card_choices":[{"not_picked":["Turbo","Hologram"],"picked":"Coolheaded","floor":1},{"not_picked":["Stack","White Noise"],"picked":"Darkness","floor":2},{"not_picked":["Go for the Eyes","Cold Snap"],"picked":"Sweeping Beam","floor":4},{"not_picked":["Self Repair","All For One"],"picked":"Doom and Gloom","floor":6},{"not_picked":["Steam","Recycle"],"picked":"Conserve Battery","floor":8},{"not_picked":["Rebound","Beam Cell"],"picked":"Leap","floor":12},{"not_picked":["Machine Learning","Thunder Strike"],"picked":"Electrodynamics","floor":16},{"not_picked":["Conserve Battery","Hologram"],"picked":"Redo","floor":18},{"not_picked":["Compile Driver","Rebound","Undo"],"picked":"SKIP","floor":20},{"not_picked":["Compile Driver+1","Ball Lightning"],"picked":"Multi-Cast","floor":21},{"not_picked":["Beam Cell","Turbo","Gash"],"picked":"SKIP","floor":22},{"not_picked":["Steam Power","Gash"],"picked":"Go for the Eyes+1","floor":23},{"not_picked":["Coolheaded","Sweeping Beam"],"picked":"Self Repair+1","floor":27}],"player_experience":469671,"relics_obtained":[{"floor":6,"key":"PreservedInsect"},{"floor":8,"key":"Mercury Hourglass"},{"floor":9,"key":"Letter Opener"},{"floor":23,"key":"Turnip"},{"floor":26,"key":"Blood Vial"},{"floor":27,"key":"Toxic Egg 2"}],"event_choices":[{"damage_healed":0,"gold_gain":0,"cards_transformed":["Strike_B"],"player_choice":"Transformed","damage_taken":0,"max_hp_gain":0,"max_hp_loss":0,"event_name":"Transmorgrifier","floor":3,"gold_loss":0,"cards_obtained":["Rainbow"]},{"damage_healed":0,"gold_gain":0,"player_choice":"Ignored","damage_taken":0,"max_hp_gain":0,"max_hp_loss":0,"event_name":"Liars Game","floor":14,"gold_loss":0},{"damage_healed":0,"gold_gain":0,"player_choice":"Ignored","damage_taken":0,"max_hp_gain":0,"max_hp_loss":0,"event_name":"Ghosts","floor":19,"gold_loss":0},{"damage_healed":0,"gold_gain":99,"player_choice":"Stole From Cult","damage_taken":0,"max_hp_gain":0,"max_hp_loss":0,"event_name":"Nest","floor":25,"gold_loss":0}],"is_beta":false,"boss_relics":[{"not_picked":["Ectoplasm","White Beast Statue"],"picked":"Snecko Eye"}],"items_purged_floors":[],"is_endless":false,"potions_floor_spawned":[4,6,12,16,18,23],"killed_by":"Shelled Parasite and Fungi","ascension_level":9}