{"gold_per_floor":[116,116,137,312,312,312,347,347,347,347,372,395,395,431,431,554,554,572,572,592,615,615,615,655,655,655,676,22,46,46,66,66,66],"floor_reached":33,"playtime":1786,"items_purged":["Strike_G"],"score":504,"play_id":"9bfbd742-7bf3-48f0-a20f-3260c7bf6867","local_time":"20190122224208","is_ascension_mode":true,"campfire_choices":[{"data":"Neutralize","floor":6.0,"key":"SMITH"},{"data":"Skewer","floor":8.0,"key":"SMITH"},{"data":"Poisoned Stab","floor":10.0,"key":"SMITH"},{"data":"Footwork","floor":13.0,"key":"SMITH"},{"floor":15.0,"key":"REST"},{"data":"Prepared","floor":23.0,"key":"SMITH"},{"data":"Dodge and Roll","floor":25.0,"key":"SMITH"},{"floor":30.0,"key":"REST"},{"data":"Tactician","floor":32.0,"key":"SMITH"}],"neow_cost":"NONE","seed_source_timestamp":1063875227102747,"circlet_count":0,"master_deck":["AscendersBane","Defend_G","Defend_G","Defend_G","Defend_G","Defend_G","Strike_G","Strike_G","Strike_G","Survivor","Neutralize+1","Poisoned Stab+1","Footwork+1","Skewer+1","Corpse Explosion","Prepared+1","Slice","Dagger Spray","Noxious Fumes","After Image","Tactician+1","Backflip","Dodge and Roll+1","Blur","Catalyst","Prepared+1","Bane","Well Laid Plans"],"special_seed":0,"relics":["Ring of the Snake","NeowsBlessing","Golden Idol","Shuriken","Dream Catcher","Regal Pillow","Black Star","Spirit Poop","Pear","Anchor","The Courier","Ice Cream","TwistedFunnel","Strawberry"],"potions_floor_usage":[33],"damage_taken":[{"damage":0.0,"enemies":"2 Louse","floor":1.0,"turns":1.0},{"damage":0.0,"enemies":"Jaw Worm","floor":3.0,"turns":1.0},{"damage":0.0,"enemies":"Gremlin Nob","floor":7.0,"turns":1.0},{"damage":0.0,"enemies":"Small Slimes","floor":11.0,"turns":2.0},{"damage":0.0,"enemies":"Blue Slaver","floor":12.0,"turns":5.0},{"damage":12.0,"enemies":"Lagavulin","floor":14.0,"turns":5.0},{"damage":33.0,"enemies":"Hexaghost","floor":16.0,"turns":9.0},{"damage":11.0,"enemies":"Spheric Guardian","floor":18.0,"turns":5.0},{"damage":11.0,"enemies":"2 Thieves","floor":20.0,"turns":4.0},{"damage":38.0,"enemies":"Snecko","floor":21.0,"turns":6.0},{"damage":35.0,"enemies":"Gremlin Leader","floor":24.0,"turns":7.0},{"damage":26.0,"enemies":"Cultist and Chosen","floor":27.0,"turns":7.0},{"damage":6.0,"enemies":"Shelled Parasite and Fungi","floor":29.0,"turns":8.0},{"damage":23.0,"enemies":"Snecko","floor":31.0,"turns":5.0},{"damage":55,"enemies":"Collector","floor":33,"turns":6}],"seed_played":"8376926765790440881","potions_obtained":[{"floor":3.0,"key":"Poison Potion"},{"floor":12.0,"key":"Explosive Potion"},{"floor":16.0,"key":"Energy Potion"},{"floor":20.0,"key":"Ancient Potion"},{"floor":24.0,"key":"Regen Potion"},{"floor":31.0,"key":"SkillPotion"}],"is_trial":false,"path_per_floor":["M","?","M","?","?","R","E","R","T","R","M","M","R","E","R","B",null,"M","?","M","M","?","R","E","R","T","M","$","M","R","M","R","B"],"character_chosen":"THE_SILENT","items_purchased":["Ice Cream","TwistedFunnel","Catalyst","Strawberry"],"campfire_rested":2,"item_purchase_floors":[28,28,28,28],"current_hp_per_floor":[63,46,46,46,46,46,46,46,46,46,46,46,46,34,70,37,62,51,51,40,2,70,70,45,45,45,34,41,35,76,53,53,0],"gold":66,"neow_bonus":"THREE_ENEMY_KILL","is_prod":false,"is_daily":false,"chose_seed":false,"campfire_upgraded":7,"win_rate":0,"timestamp":1548164528,"path_taken":["M","?","M","?","?","R","E","R","T","R","M","M","R","E","R","BOSS","M","?","M","?","?","R","E","R","T","M","?","M","R","M","R","BOSS"],"build_version":"2019-01-17v2","purchased_purges":1,"victory":false,"max_hp_per_floor":[70,70,70,70,70,70,70,70,70,70,70,70,70,70,70,70,70,70,70,70,70,70,70,80,80,80,80,87,87,87,87,87,87],"card_choices":[{"not_picked":["Slice","Flying Knee"],"picked":"Poisoned Stab","floor":1.0},{"not_picked":["Acrobatics","Dagger Spray"],"picked":"Footwork","floor":3.0},{"not_picked":["Masterful Stab","Calculated Gamble"],"picked":"Corpse Explosion","floor":7.0},{"not_picked":["Riddle With Holes","Flying Knee"],"picked":"Prepared","floor":11.0},{"not_picked":["Acrobatics","Blade Dance"],"picked":"Slice","floor":12.0},{"not_picked":["Prepared","Poisoned Stab"],"picked":"Dagger Spray","floor":14.0},{"not_picked":["Backstab","Prepared"],"picked":"Noxious Fumes","floor":15.0},{"not_picked":["Venomology","Wraith Form v2"],"picked":"After Image","floor":16.0},{"not_picked":["Dagger Throw","Deflect"],"picked":"Tactician","floor":18.0},{"not_picked":["Quick Slash","Terror","Concentrate"],"picked":"SKIP","floor":20.0},{"not_picked":["Flying Knee+1","Terror"],"picked":"Backflip","floor":21.0},{"not_picked":["A Thousand Cuts","Underhanded Strike"],"picked":"Dodge and Roll","floor":24.0},{"not_picked":["Dagger Spray","Deadly Poison+1"],"picked":"Blur","floor":27.0},{"not_picked":["Infinite Blades","Backflip"],"picked":"Prepared+1","floor":29.0},{"not_picked":["Poisoned Stab","Sucker Punch"],"picked":"Bane","floor":30.0},{"not_picked":["Underhanded Strike","Expertise"],"picked":"Well Laid Plans","floor":31.0}],"player_experience":434876,"relics_obtained":[{"floor":7.0,"key":"Shuriken"},{"floor":9.0,"key":"Dream Catcher"},{"floor":14.0,"key":"Regal Pillow"},{"floor":24.0,"key":"Pear"},{"floor":24.0,"key":"Anchor"},{"floor":26.0,"key":"The Courier"}],"event_choices":[{"damage_healed":0.0,"max_hp_gain":0.0,"max_hp_loss":0.0,"gold_gain":0.0,"event_name":"Golden Idol","player_choice":"Take Damage","floor":2.0,"gold_loss":0.0,"damage_taken":17.0,"relics_obtained":["Golden Idol"]},{"damage_healed":0.0,"max_hp_gain":0.0,"max_hp_loss":0.0,"gold_gain":175.0,"event_name":"Liars Game","player_choice":"AGREE","floor":4.0,"gold_loss":0.0,"damage_taken":0.0,"cards_obtained":["Doubt"]},{"damage_healed":0.0,"max_hp_gain":0.0,"max_hp_loss":0.0,"gold_gain":0.0,"cards_transformed":["Strike_G"],"event_name":"Living Wall","player_choice":"Change","floor":5.0,"gold_loss":0.0,"damage_taken":0.0,"cards_obtained":["Skewer"]},{"cards_removed":["Doubt"],"damage_healed":0.0,"max_hp_gain":0.0,"max_hp_loss":0.0,"gold_gain":0.0,"event_name":"Bonfire Elementals","player_choice":"Offered Curse","floor":19.0,"gold_loss":0.0,"damage_taken":0.0,"relics_obtained":["Spirit Poop"]},{"damage_healed":68.0,"max_hp_gain":0.0,"max_hp_loss":0.0,"gold_gain":0.0,"event_name":"Wheel of Change","player_choice":"Full Heal","floor":22.0,"gold_loss":0.0,"damage_taken":0.0}],"is_beta":false,"boss_relics":[{"not_picked":["Empty Cage","Velvet Choker"],"picked":"Black Star"}],"items_purged_floors":[28],"is_endless":false,"potions_floor_spawned":[3,12,16,20,24,31],"killed_by":"Collector","ascension_level":12}