{"gold_per_floor":[115,115,130,143,34,63,63,97,124,124,134,152,4,15,15,110,110,125,135,154,154,168,194,194,194,194,214,284,284,199,219,219,322,322,341,361,461,473,278,303,303,303,329,345,365,365,379,397,397,397],"floor_reached":50,"playtime":5914,"items_purged":["Strike_R","Strike_R","Strike_R"],"score":558,"play_id":"c7c4bdf8-f994-4618-8819-1a5942fc8af9","local_time":"20181223202042","is_ascension_mode":true,"campfire_choices":[{"data":"Inflame","floor":7.0,"key":"SMITH"},{"data":"Double Tap","floor":10.0,"key":"SMITH"},{"data":"Flex","floor":15.0,"key":"SMITH"},{"floor":24,"key":"REST"},{"data":"Armaments","floor":29,"key":"SMITH"},{"data":"Whirlwind","floor":32,"key":"SMITH"},{"floor":41,"key":"DIG"},{"floor":46,"key":"DIG"},{"floor":49,"key":"DIG"}],"neow_cost":"NONE","seed_source_timestamp":77122843446357,"circlet_count":0,"master_deck":["Defend_R","Defend_R","Bash","Panacea","Uppercut","Exhume","Intimidate","Inflame+1","Whirlwind+1","Headbutt","Double Tap+1","Warcry","Flex+1","Dual Wield","Offering","Berserk+1","Uppercut+1","Second Wind+1","Armaments+1","Battle Trance+1","Reaper","Writhe","Ghostly Armor","Pommel Strike+1","Battle Trance+1","Bloodletting","Flex","Shrug It Off+1"],"special_seed":0,"relics":["Burning Blood","Happy Flower","Lantern","Centennial Puzzle","Astrolabe","Torii","Pear","Matryoshka","Anchor","Bottled Tornado","Ornamental Fan","Busted Crown","Shovel","FossilizedHelix","Omamori","Ancient Tea Set","Pen Nib","Smiling Mask","Blood Vial"],"potions_floor_usage":[27,33,36,40],"damage_taken":[{"damage":6.0,"enemies":"Cultist","floor":1.0,"turns":3.0},{"damage":10.0,"enemies":"2 Louse","floor":3.0,"turns":3.0},{"damage":13.0,"enemies":"Jaw Worm","floor":4.0,"turns":4.0},{"damage":26.0,"enemies":"Lagavulin","floor":6.0,"turns":7.0},{"damage":13.0,"enemies":"Gremlin Nob","floor":8.0,"turns":4.0},{"damage":9.0,"enemies":"Blue Slaver","floor":11.0,"turns":2.0},{"damage":3.0,"enemies":"Large Slime","floor":12.0,"turns":3.0},{"damage":0.0,"enemies":"3 Louse","floor":14.0,"turns":1.0},{"damage":48.0,"enemies":"Hexaghost","floor":16.0,"turns":6.0},{"damage":17.0,"enemies":"2 Thieves","floor":18.0,"turns":2.0},{"damage":15.0,"enemies":"3 Byrds","floor":19.0,"turns":5.0},{"damage":13.0,"enemies":"3 Cultists","floor":20.0,"turns":4.0},{"damage":6.0,"enemies":"Snake Plant","floor":22.0,"turns":2.0},{"damage":37,"enemies":"Slavers","floor":23,"turns":7},{"damage":12,"enemies":"Cultist and Chosen","floor":27,"turns":5},{"damage":21,"enemies":"Centurion and Healer","floor":31,"turns":4},{"damage":62,"enemies":"Collector","floor":33,"turns":9},{"damage":6,"enemies":"Orb Walker","floor":35,"turns":2},{"damage":29,"enemies":"3 Shapes","floor":36,"turns":5},{"damage":36,"enemies":"Mind Bloom Boss Battle","floor":37,"turns":5},{"damage":27,"enemies":"Sphere and 2 Shapes","floor":38,"turns":3},{"damage":51,"enemies":"Reptomancer","floor":40,"turns":3},{"damage":9,"enemies":"Writhing Mass","floor":44,"turns":3},{"damage":0,"enemies":"3 Darklings","floor":45,"turns":3},{"damage":21,"enemies":"Maw","floor":47,"turns":7},{"damage":6,"enemies":"Transient","floor":48,"turns":5},{"damage":123,"enemies":"Time Eater","floor":50,"turns":10}],"seed_played":"8961428188755853477","potions_obtained":[{"floor":4.0,"key":"EntropicBrew"},{"floor":6.0,"key":"Energy Potion"},{"floor":12.0,"key":"Poison Potion"},{"floor":14.0,"key":"SkillPotion"},{"floor":19.0,"key":"Ancient Potion"},{"floor":23,"key":"Explosive Potion"},{"floor":27,"key":"Energy Potion"},{"floor":35,"key":"Poison Potion"},{"floor":37,"key":"LiquidBronze"},{"floor":45,"key":"Ancient Potion"}],"is_trial":false,"path_per_floor":["M","?","M","M","$","E","R","E","T","R","M","M","$","M","R","B",null,"M","M","M","?","M","E","R","?","T","M","T","R","?","M","R","B",null,"M","M","?","M","$","E","R","?","T","M","M","R","M","M","R","B"],"character_chosen":"IRONCLAD","items_purchased":["Whirlwind","Flex","Bloodletting"],"campfire_rested":1,"item_purchase_floors":[5,13,39],"current_hp_per_floor":[80,80,76,69,69,49,49,42,42,42,39,42,42,48,48,14,80,69,60,53,38,38,7,32,42,42,64,64,64,64,71,71,43,95,95,85,83,65,65,64,64,64,64,61,67,67,62,74,74,0],"gold":397,"neow_bonus":"RANDOM_COLORLESS","is_prod":false,"is_daily":false,"chose_seed":false,"campfire_upgraded":5,"win_rate":0,"timestamp":1545564042,"path_taken":["M","?","M","M","$","E","R","E","T","R","M","?","?","M","R","BOSS","M","M","M","?","M","E","R","?","T","M","?","R","?","M","R","BOSS","M","M","?","M","$","E","R","?","T","M","M","R","M","M","R","BOSS"],"build_version":"2018-12-20","purchased_purges":3,"victory":false,"max_hp_per_floor":[80,80,80,80,80,80,80,80,80,80,80,80,80,80,80,80,80,80,80,80,85,85,85,85,95,95,95,95,95,95,95,95,95,95,95,95,95,95,95,95,95,95,95,95,95,95,95,95,95,95],"card_choices":[{"not_picked":["Havoc","Heavy Blade"],"picked":"Uppercut","floor":1.0},{"not_picked":["Wild Strike","Thunderclap"],"picked":"Intimidate","floor":3.0},{"not_picked":["Sword Boomerang","Heavy Blade"],"picked":"Inflame","floor":4.0},{"not_picked":["Warcry","Wild Strike"],"picked":"Headbutt","floor":6.0},{"not_picked":["Twin Strike","Thunderclap"],"picked":"Double Tap","floor":8.0},{"not_picked":["Rupture","Corruption"],"picked":"Warcry","floor":11.0},{"not_picked":["Anger","Perfected Strike"],"picked":"Demon Form","floor":12.0},{"not_picked":["Second Wind","Perfected Strike"],"picked":"Dual Wield","floor":14.0},{"not_picked":["Demon Form","Limit Break"],"picked":"Offering","floor":16.0},{"not_picked":["Body Slam","Clothesline"],"picked":"Armaments","floor":18.0},{"not_picked":["Anger","Searing Blow","Thunderclap"],"picked":"SKIP","floor":19.0},{"not_picked":["Rupture+1","Wild Strike","Disarm"],"picked":"SKIP","floor":20.0},{"not_picked":["Seeing Red","Shrug It Off"],"picked":"Battle Trance+1","floor":22.0},{"not_picked":["Havoc","Offering"],"picked":"Reaper","floor":23},{"not_picked":["Havoc","Sentinel+1"],"picked":"Ghostly Armor","floor":27},{"not_picked":["Anger","Blood for Blood"],"picked":"Pommel Strike+1","floor":31},{"not_picked":[],"picked":"Battle Trance+1","floor":35},{"not_picked":["Inflame"],"picked":"SKIP","floor":36},{"not_picked":["Thunderclap+1"],"picked":"SKIP","floor":38},{"not_picked":["Anger"],"picked":"SKIP","floor":40},{"not_picked":[],"picked":"Flex","floor":44},{"not_picked":[],"picked":"Shrug It Off+1","floor":45},{"not_picked":["Headbutt"],"picked":"SKIP","floor":47},{"not_picked":["Battle Trance"],"picked":"SKIP","floor":48}],"player_experience":172547,"relics_obtained":[{"floor":6.0,"key":"Happy Flower"},{"floor":8.0,"key":"Lantern"},{"floor":9.0,"key":"Centennial Puzzle"},{"floor":23,"key":"Torii"},{"floor":26,"key":"Matryoshka"},{"floor":28,"key":"Anchor"},{"floor":28,"key":"Bottled Tornado"},{"floor":37,"key":"Shovel"},{"floor":40,"key":"FossilizedHelix"},{"floor":41,"key":"Omamori"},{"floor":43,"key":"Ancient Tea Set"},{"floor":43,"key":"Pen Nib"},{"floor":46,"key":"Smiling Mask"},{"floor":49,"key":"Blood Vial"}],"event_choices":[{"damage_healed":0.0,"max_hp_gain":0.0,"max_hp_loss":0.0,"gold_gain":0.0,"cards_transformed":["Defend_R"],"event_name":"Transmorgrifier","player_choice":"Transformed","floor":2.0,"gold_loss":0.0,"damage_taken":0.0,"cards_obtained":["Exhume"]},{"damage_healed":0.0,"max_hp_gain":5.0,"max_hp_loss":0.0,"gold_gain":0.0,"event_name":"Forgotten Altar","player_choice":"Shed Blood","floor":21.0,"gold_loss":0.0,"damage_taken":20.0},{"damage_healed":0,"gold_gain":0,"player_choice":"Opened","damage_taken":0,"relics_obtained":["Pear"],"max_hp_gain":0,"max_hp_loss":0,"event_name":"The Mausoleum","floor":25,"gold_loss":0,"cards_obtained":["Writhe"]},{"damage_healed":0,"gold_gain":0,"player_choice":"Obtained Relic","damage_taken":0,"relics_obtained":["Ornamental Fan"],"max_hp_gain":0,"max_hp_loss":0,"event_name":"Addict","floor":30,"gold_loss":85},{"damage_healed":0,"gold_gain":0,"player_choice":"Fight","damage_taken":0,"max_hp_gain":0,"max_hp_loss":0,"event_name":"MindBloom","floor":37,"gold_loss":0},{"cards_removed":["Demon Form"],"damage_healed":0,"gold_gain":0,"player_choice":"Removed Power","damage_taken":0,"max_hp_gain":0,"max_hp_loss":0,"event_name":"Falling","floor":42,"gold_loss":0}],"is_beta":false,"boss_relics":[{"not_picked":["Tiny House","Lizard Tail"],"picked":"Astrolabe"},{"not_picked":["Philosopher\u0027s Stone","Velvet Choker"],"picked":"Busted Crown"}],"items_purged_floors":[5,13,39],"is_endless":false,"potions_floor_spawned":[4,6,12,14,16,19,23,27,35,37,40,45],"killed_by":"Time Eater","ascension_level":1}