{"gold_per_floor":[118,135,152,152,85,85,95,109,109,109,140,140,151,162,162,236,236,256,274,274,294,41,41,41,41,41,55,80,80,31,44,44,118,118,136,1135,1135,1149,1149],"floor_reached":39,"playtime":3350,"items_purged":[],"score":774,"play_id":"8a238518-8de9-43f1-a509-c5e634f88d73","local_time":"20181210211252","is_ascension_mode":true,"campfire_choices":[{"data":"Zap","floor":6.0,"key":"SMITH"},{"data":"Coolheaded","floor":10.0,"key":"SMITH"},{"data":"FTL","floor":12.0,"key":"SMITH"},{"data":"Redo","floor":15.0,"key":"SMITH"},{"data":"Defragment","floor":23.0,"key":"SMITH"},{"data":"Creative AI","floor":25.0,"key":"SMITH"},{"data":"Fusion","floor":29.0,"key":"SMITH"},{"data":"Redo","floor":32.0,"key":"SMITH"}],"neow_cost":"NONE","seed_source_timestamp":591622504641509,"circlet_count":0,"master_deck":["AscendersBane","Zap+1","Dualcast","Steam","Turbo","Leap+1","FTL+1","Redo+1","Steam","Leap","Self Repair","Rebound+1","Coolheaded+1","Loop","FTL","Scrape","Streamline","Genetic Algorithm","Self Repair","BootSequence","Creative AI+1","Defragment+1","Go for the Eyes","Redo+1","Fusion+1","Compile Driver","Core Surge","Echo Form","Capacitor","Normality","Normality","Chaos+1"],"special_seed":0,"relics":["Pandora\u0027s Box","Symbiotic Virus","Dodecahedron","Eternal Feather","Matryoshka","Question Card","Ornamental Fan","Blue Candle","Coffee Dripper"],"potions_floor_usage":[],"damage_taken":[{"damage":0.0,"enemies":"Cultist","floor":1.0,"turns":4.0},{"damage":14.0,"enemies":"2 Louse","floor":2.0,"turns":3.0},{"damage":1.0,"enemies":"Jaw Worm","floor":3.0,"turns":5.0},{"damage":7.0,"enemies":"Exordium Thugs","floor":7.0,"turns":7.0},{"damage":0.0,"enemies":"Gremlin Gang","floor":8.0,"turns":4.0},{"damage":0.0,"enemies":"Gremlin Nob","floor":11.0,"turns":2.0},{"damage":2.0,"enemies":"Looter","floor":13.0,"turns":2.0},{"damage":0.0,"enemies":"3 Louse","floor":14.0,"turns":4.0},{"damage":28.0,"enemies":"Slime Boss","floor":16.0,"turns":7.0},{"damage":8.0,"enemies":"Spheric Guardian","floor":18.0,"turns":4.0},{"damage":15.0,"enemies":"2 Thieves","floor":19.0,"turns":4.0},{"damage":23.0,"enemies":"Cultist and Chosen","floor":21.0,"turns":5.0},{"damage":24.0,"enemies":"Chosen and Byrds","floor":27.0,"turns":6.0},{"damage":20.0,"enemies":"Book of Stabbing","floor":28.0,"turns":6.0},{"damage":8.0,"enemies":"3 Cultists","floor":31.0,"turns":5.0},{"damage":20.0,"enemies":"Collector","floor":33.0,"turns":6.0},{"damage":6.0,"enemies":"3 Darklings","floor":35.0,"turns":9.0},{"damage":38,"enemies":"Orb Walker","floor":38,"turns":4},{"damage":50,"enemies":"Jaw Worm Horde","floor":39,"turns":3}],"seed_played":"-9048252819110813515","potions_obtained":[{"floor":1.0,"key":"GamblersBrew"},{"floor":3.0,"key":"Swift Potion"},{"floor":14.0,"key":"FocusPotion"},{"floor":16.0,"key":"AttackPotion"},{"floor":18.0,"key":"LiquidBronze"},{"floor":21.0,"key":"Weak Potion"},{"floor":28.0,"key":"Swift Potion"},{"floor":38,"key":"PowerPotion"}],"is_trial":false,"path_per_floor":["M","M","M","?","$","R","M","M","T","R","E","R","M","M","R","B",null,"M","M","?","M","$","R","?","R","T","M","E","R","$","M","R","B",null,"M","?","?","M","M"],"character_chosen":"DEFECT","items_purchased":["FTL","Matryoshka","PowerPotion"],"campfire_rested":0,"item_purchase_floors":[5,22,30],"current_hp_per_floor":[71,64,70,49,49,49,49,49,49,49,49,49,47,61,61,47,65,64,56,56,47,47,59,59,71,71,61,55,70,70,71,71,65,70,71,71,71,40,0],"gold":1149,"neow_bonus":"BOSS_RELIC","is_prod":false,"is_daily":false,"chose_seed":false,"campfire_upgraded":8,"win_rate":0,"timestamp":1544443972,"path_taken":["M","?","M","?","?","R","?","M","T","R","E","R","M","?","R","BOSS","M","M","?","M","$","R","?","R","T","M","E","R","$","M","R","BOSS","M","?","?","M","?"],"build_version":"2018-12-06","purchased_purges":0,"victory":false,"max_hp_per_floor":[71,71,71,71,71,71,71,71,71,71,71,71,71,71,71,71,71,71,71,71,71,71,71,71,71,71,71,71,71,71,71,71,71,71,71,71,71,71,71],"card_choices":[{"not_picked":["Go for the Eyes","Force Field"],"picked":"Rebound","floor":1.0},{"not_picked":["Capacitor","Go for the Eyes"],"picked":"Coolheaded","floor":2.0},{"not_picked":["Steam","Beam Cell"],"picked":"Loop","floor":3.0},{"not_picked":["Storm","Aggregate"],"picked":"Scrape","floor":7.0},{"not_picked":["Barrage","Recycle"],"picked":"Streamline","floor":8.0},{"not_picked":["Heatsinks","Barrage"],"picked":"Genetic Algorithm","floor":11.0},{"not_picked":["Chaos","Coolheaded"],"picked":"Self Repair","floor":13.0},{"not_picked":["Conserve Battery","Force Field"],"picked":"BootSequence","floor":14.0},{"not_picked":["Electrodynamics","Amplify"],"picked":"Creative AI","floor":16.0},{"not_picked":["Steam","Go for the Eyes"],"picked":"Defragment","floor":18.0},{"not_picked":["Leap","Hello World"],"picked":"Go for the Eyes","floor":19.0},{"not_picked":["Turbo","Redo","Rebound"],"picked":"SKIP","floor":21.0},{"not_picked":["Auto Shields","Static Discharge","Tempest"],"picked":"Fusion","floor":27.0},{"not_picked":["Conserve Battery","Double Energy","Rip and Tear"],"picked":"Compile Driver","floor":28.0},{"not_picked":["Go for the Eyes+1","Conserve Battery","Sweeping Beam"],"picked":"Core Surge","floor":31.0},{"not_picked":["Seek","Rainbow","Amplify"],"picked":"Echo Form","floor":33.0},{"not_picked":["Coolheaded","Cold Snap","Storm"],"picked":"Capacitor","floor":35.0},{"not_picked":["Leap","Force Field+1","Blizzard"],"picked":"Chaos+1","floor":38}],"player_experience":2545598,"relics_obtained":[{"floor":9.0,"key":"Symbiotic Virus"},{"floor":11.0,"key":"Dodecahedron"},{"floor":26.0,"key":"Question Card"},{"floor":26.0,"key":"Ornamental Fan"},{"floor":28.0,"key":"Blue Candle"}],"event_choices":[{"damage_healed":0.0,"max_hp_gain":0.0,"max_hp_loss":0.0,"gold_gain":0.0,"event_name":"Shining Light","player_choice":"Entered Light","floor":4.0,"gold_loss":0.0,"damage_taken":21.0,"cards_upgraded":["Rebound","Leap"]},{"damage_healed":0.0,"max_hp_gain":0.0,"max_hp_loss":0.0,"gold_gain":0.0,"event_name":"The Library","player_choice":"Read","floor":20.0,"gold_loss":0.0,"damage_taken":0.0,"cards_obtained":["Redo"]},{"damage_healed":0.0,"max_hp_gain":0.0,"max_hp_loss":0.0,"gold_gain":0.0,"event_name":"Vampires","player_choice":"Ignored","floor":24.0,"gold_loss":0.0,"damage_taken":0.0},{"damage_healed":0.0,"max_hp_gain":0.0,"max_hp_loss":0.0,"gold_gain":999.0,"event_name":"MindBloom","player_choice":"Gold","floor":36.0,"gold_loss":0.0,"damage_taken":0.0,"cards_obtained":["Normality","Normality"]},{"damage_healed":0,"gold_gain":0,"player_choice":"Ignored","damage_taken":0,"max_hp_gain":0,"max_hp_loss":0,"event_name":"Mysterious Sphere","floor":37,"gold_loss":0}],"is_beta":true,"boss_relics":[{"not_picked":["Fusion Hammer","Snecko Eye"],"picked":"Eternal Feather"},{"not_picked":["Philosopher\u0027s Stone","Runic Pyramid"],"picked":"Coffee Dripper"}],"items_purged_floors":[],"is_endless":false,"potions_floor_spawned":[1,3,14,16,18,21,28,31,38],"killed_by":"Jaw Worm Horde","ascension_level":15}