{"gold_per_floor":[116,135,149,149,172,172,208,222,222,222,297,297,297,222,222,318,381,397,412,164,184,184,184,219,219,243,274,287,202,202,202],"floor_reached":31,"playtime":1014,"items_purged":["Strike_B"],"score":546,"play_id":"bb9131fe-2420-4af0-a298-663071166c96","local_time":"20190310123947","is_ascension_mode":true,"campfire_choices":[{"data":"Lockon","floor":6.0,"key":"SMITH"},{"floor":10.0,"key":"REST"},{"floor":13.0,"key":"REST"},{"data":"Electrodynamics","floor":15.0,"key":"SMITH"},{"data":"Dualcast","floor":23,"key":"SMITH"},{"floor":25,"key":"REST"},{"floor":30,"key":"REST"}],"neow_cost":"NONE","seed_source_timestamp":615307149221515,"circlet_count":0,"master_deck":["AscendersBane","Strike_B+1","Defend_B","Defend_B","Defend_B","Zap+1","Dualcast+1","Lockon+1","Self Repair","Beam Cell","Hologram","Electrodynamics+1","Conserve Battery","All For One+1","Redo","Go for the Eyes+1","Ball Lightning+1","Turbo","Sunder+1","Coolheaded+1","Rainbow","Reprogram","Glacier","Leap","Chill"],"special_seed":0,"relics":["Cracked Core","Golden Idol","Bag of Marbles","Molten Egg 2","Tiny House","Ginger","Happy Flower","Gremlin Horn","Peace Pipe"],"potions_floor_usage":[16,18,24,24],"damage_taken":[{"damage":1.0,"enemies":"2 Louse","floor":1.0,"turns":2.0},{"damage":4.0,"enemies":"Small Slimes","floor":2.0,"turns":3.0},{"damage":7.0,"enemies":"Jaw Worm","floor":3.0,"turns":3.0},{"damage":1.0,"enemies":"3 Louse","floor":5.0,"turns":4.0},{"damage":37.0,"enemies":"3 Sentries","floor":7.0,"turns":9.0},{"damage":12.0,"enemies":"Exordium Thugs","floor":8.0,"turns":3.0},{"damage":32,"enemies":"Slime Boss","floor":16,"turns":9},{"damage":24,"enemies":"Spheric Guardian","floor":18,"turns":5},{"damage":9,"enemies":"3 Byrds","floor":19,"turns":3},{"damage":10,"enemies":"Centurion and Healer","floor":21,"turns":7},{"damage":27,"enemies":"Book of Stabbing","floor":24,"turns":4},{"damage":34,"enemies":"Gremlin Leader","floor":27,"turns":5},{"damage":10,"enemies":"Snake Plant","floor":28,"turns":4},{"damage":28,"enemies":"Chosen and Byrds","floor":31,"turns":5}],"seed_played":"3340151706427984","potions_obtained":[{"floor":2.0,"key":"Fire Potion"},{"floor":3.0,"key":"Regen Potion"},{"floor":7.0,"key":"Fire Potion"},{"floor":8.0,"key":"Weak Potion"},{"floor":17,"key":"SkillPotion"},{"floor":18,"key":"LiquidBronze"},{"floor":21,"key":"EssenceOfSteel"}],"is_trial":false,"path_per_floor":["M","M","M","?","M","R","E","M","T","R","?","?","R","?","R","B",null,"M","M","$","M","?","R","E","R","T","E","M","?","R","M"],"character_chosen":"DEFECT","items_purchased":["Ball Lightning+1","Turbo","Sunder+1"],"campfire_rested":4,"item_purchase_floors":[20,20,20],"current_hp_per_floor":[63,59,59,35,53,53,23,11,11,32,21,21,42,42,42,17,63,46,44,44,41,41,41,21,43,43,16,6,6,28,0],"gold":202,"neow_bonus":"UPGRADE_CARD","is_prod":false,"is_daily":false,"chose_seed":false,"campfire_upgraded":3,"win_rate":0,"timestamp":1552189187,"path_taken":["M","M","M","?","M","R","E","M","T","R","?","?","R","?","R","BOSS","M","M","$","M","?","R","E","R","T","E","M","?","R","?"],"build_version":"2019-01-23","purchased_purges":1,"victory":false,"max_hp_per_floor":[71,71,71,71,71,71,71,71,71,71,71,71,71,71,71,71,76,76,76,76,76,76,76,76,76,76,76,76,76,76,76],"card_choices":[{"not_picked":["Streamline","Heatsinks"],"picked":"Lockon","floor":1.0},{"not_picked":["Hologram","Rebound"],"picked":"Self Repair","floor":2.0},{"not_picked":["Streamline","Stack"],"picked":"Beam Cell","floor":3.0},{"not_picked":["Beam Cell","Turbo"],"picked":"Hologram","floor":5.0},{"not_picked":["Sweeping Beam","Beam Cell"],"picked":"Electrodynamics","floor":7.0},{"not_picked":["White Noise","Sweeping Beam"],"picked":"Conserve Battery","floor":8.0},{"not_picked":["Multi-Cast","Amplify"],"picked":"All For One+1","floor":16},{"not_picked":["Reinforced Body","Hello World"],"picked":"Redo","floor":17},{"not_picked":["Steam Power+1","Storm","Redo"],"picked":"SKIP","floor":18},{"not_picked":["Leap","Static Discharge"],"picked":"Go for the Eyes+1","floor":19},{"not_picked":["Aggregate","Loop"],"picked":"Coolheaded+1","floor":21},{"not_picked":["Ball Lightning+1","Recycle"],"picked":"Glacier","floor":24},{"not_picked":["Streamline+1","Tempest"],"picked":"Leap","floor":27},{"not_picked":["Doom and Gloom+1","Gash+1"],"picked":"Chill","floor":28}],"player_experience":742290,"relics_obtained":[{"floor":7.0,"key":"Bag of Marbles"},{"floor":9.0,"key":"Molten Egg 2"},{"floor":24,"key":"Ginger"},{"floor":26,"key":"Happy Flower"},{"floor":27,"key":"Gremlin Horn"}],"event_choices":[{"damage_healed":0.0,"max_hp_gain":0.0,"max_hp_loss":0.0,"gold_gain":0.0,"event_name":"Golden Idol","player_choice":"Take Damage","floor":4.0,"gold_loss":0.0,"damage_taken":24.0,"relics_obtained":["Golden Idol"]},{"damage_healed":0.0,"max_hp_gain":0.0,"max_hp_loss":0.0,"gold_gain":75.0,"event_name":"World of Goop","player_choice":"Gather Gold","floor":11.0,"gold_loss":0.0,"damage_taken":11.0},{"damage_healed":0.0,"max_hp_gain":0.0,"max_hp_loss":0.0,"gold_gain":0.0,"event_name":"Liars Game","player_choice":"Ignored","floor":12.0,"gold_loss":0.0,"damage_taken":0.0},{"cards_removed":["Strike_B"],"damage_healed":0.0,"max_hp_gain":0.0,"max_hp_loss":0.0,"gold_gain":0.0,"event_name":"The Cleric","player_choice":"Card Removal","floor":14.0,"gold_loss":75.0,"damage_taken":0.0},{"damage_healed":0,"gold_gain":0,"cards_transformed":["Strike_B","Defend_B"],"player_choice":"Became Test Subject","damage_taken":0,"max_hp_gain":0,"max_hp_loss":0,"event_name":"Drug Dealer","floor":22,"gold_loss":0,"cards_obtained":["Rainbow","Reprogram"]},{"damage_healed":0,"gold_gain":0,"player_choice":"Obtained Relic","damage_taken":0,"relics_obtained":["Peace Pipe"],"max_hp_gain":0,"max_hp_loss":0,"event_name":"Addict","floor":29,"gold_loss":85}],"is_beta":false,"boss_relics":[{"not_picked":["Empty Cage","Cursed Key"],"picked":"Tiny House"}],"items_purged_floors":[20],"is_endless":false,"potions_floor_spawned":[2,3,7,8,18,21],"killed_by":"Chosen and Byrds","ascension_level":20}