{"gold_per_floor":[109,109,109,119,132,165,183,199,224,224,242,242,276,294,294,373,373,390,404,404,421,336,362,362,362,430,430,445,445],"floor_reached":29,"playtime":1605,"items_purged":[],"score":488,"play_id":"3dd21f74-ff4e-4251-b228-bdcc79868d22","local_time":"20190303160414","is_ascension_mode":true,"campfire_choices":[{"floor":10.0,"key":"REST"},{"floor":12.0,"key":"REST"},{"floor":15.0,"key":"REST"},{"floor":25.0,"key":"REST"},{"floor":27.0,"key":"REST"}],"neow_cost":"NONE","seed_source_timestamp":0,"circlet_count":0,"master_deck":["AscendersBane","Zap","Dualcast","Sweeping Beam","Conserve Battery","Compile Driver","Melter","Coolheaded","Leap","Conserve Battery","Machine Learning","Hologram","Beam Cell","Stack","Reboot","Echo Form","Auto Shields","Chill","Self Repair","Blizzard","Chaos"],"special_seed":0,"relics":["Cracked Core","NeowsBlessing","Pantograph","DataDisk","Orichalcum","Pandora\u0027s Box","Smiling Mask","Dream Catcher","Symbiotic Virus"],"potions_floor_usage":[],"damage_taken":[{"damage":0.0,"enemies":"2 Louse","floor":1.0,"turns":1.0},{"damage":0.0,"enemies":"Small Slimes","floor":4.0,"turns":1.0},{"damage":0.0,"enemies":"Cultist","floor":5.0,"turns":1.0},{"damage":10.0,"enemies":"Gremlin Nob","floor":6.0,"turns":3.0},{"damage":13.0,"enemies":"2 Fungi Beasts","floor":7.0,"turns":3.0},{"damage":6.0,"enemies":"Looter","floor":8.0,"turns":2.0},{"damage":6.0,"enemies":"Large Slime","floor":11.0,"turns":5.0},{"damage":15.0,"enemies":"Lagavulin","floor":13.0,"turns":7.0},{"damage":4.0,"enemies":"2 Fungi Beasts","floor":14.0,"turns":3.0},{"damage":41.0,"enemies":"Hexaghost","floor":16.0,"turns":13.0},{"damage":9.0,"enemies":"Shell Parasite","floor":18.0,"turns":6.0},{"damage":0.0,"enemies":"Chosen","floor":19.0,"turns":5.0},{"damage":0.0,"enemies":"Sentry and Sphere","floor":21.0,"turns":5.0},{"damage":57.0,"enemies":"Book of Stabbing","floor":23.0,"turns":7.0},{"damage":17.0,"enemies":"Centurion and Healer","floor":28.0,"turns":7.0},{"damage":56,"enemies":"Cultist and Chosen","floor":29,"turns":9}],"seed_played":"8630862698930092604","potions_obtained":[{"floor":4.0,"key":"Fire Potion"},{"floor":6.0,"key":"Block Potion"},{"floor":11.0,"key":"PowerPotion"},{"floor":13.0,"key":"FocusPotion"},{"floor":18.0,"key":"Explosive Potion"},{"floor":24.0,"key":"SpeedPotion"},{"floor":24.0,"key":"SteroidPotion"}],"is_trial":false,"path_per_floor":["M","?","?","M","M","E","M","M","T","R","M","R","E","M","R","B",null,"M","M","?","M","?","E","?","R","T","R","M","M"],"character_chosen":"DEFECT","items_purchased":[],"campfire_rested":5,"item_purchase_floors":[],"current_hp_per_floor":[64,43,36,36,36,26,13,7,7,28,22,43,28,24,45,29,61,52,52,52,59,59,9,9,30,30,51,48,0],"gold":445,"neow_bonus":"THREE_ENEMY_KILL","is_prod":false,"is_daily":false,"chose_seed":false,"campfire_upgraded":0,"win_rate":0,"timestamp":1551596654,"path_taken":["M","?","?","M","M","E","M","M","T","R","M","R","E","M","R","BOSS","M","M","?","M","?","E","?","R","T","R","?","M"],"build_version":"2019-01-23","purchased_purges":0,"victory":false,"max_hp_per_floor":[71,71,71,71,71,71,71,71,71,71,71,71,71,71,71,71,71,71,71,71,71,71,71,71,71,71,71,71,71],"card_choices":[{"not_picked":["Go for the Eyes","Self Repair"],"picked":"Sweeping Beam","floor":1.0},{"not_picked":["Hologram","Chaos"],"picked":"Conserve Battery","floor":4.0},{"not_picked":["Scrape","Undo"],"picked":"Compile Driver","floor":5.0},{"not_picked":["Steam Power","Steam"],"picked":"Melter","floor":6.0},{"not_picked":["Conserve Battery","Sweeping Beam"],"picked":"Coolheaded","floor":7.0},{"not_picked":["Fusion","Conserve Battery"],"picked":"Leap","floor":8.0},{"not_picked":["Stack","Reprogram"],"picked":"Sunder","floor":11.0},{"not_picked":["Gash","Turbo"],"picked":"Conserve Battery","floor":13.0},{"not_picked":["Skim","Rebound","Sweeping Beam"],"picked":"SKIP","floor":14.0},{"not_picked":["Thunder Strike","Echo Form"],"picked":"Machine Learning","floor":16.0},{"not_picked":["Rebound+1","Barrage","Compile Driver+1"],"picked":"SKIP","floor":18.0},{"not_picked":["Redo+1","Compile Driver","Reprogram+1"],"picked":"SKIP","floor":19.0},{"not_picked":["Double Energy","Barrage+1","Compile Driver+1"],"picked":"SKIP","floor":21.0},{"not_picked":["Scrape","Redo","All For One"],"picked":"SKIP","floor":23.0},{"not_picked":["Melter","Redo"],"picked":"Blizzard","floor":25.0},{"not_picked":["Redo+1","Hologram"],"picked":"Chaos","floor":27.0},{"not_picked":["Stack","Turbo","Rebound"],"picked":"SKIP","floor":28.0}],"player_experience":707783,"relics_obtained":[{"floor":6.0,"key":"Pantograph"},{"floor":9.0,"key":"DataDisk"},{"floor":13.0,"key":"Orichalcum"},{"floor":23.0,"key":"Dream Catcher"},{"floor":26.0,"key":"Symbiotic Virus"}],"event_choices":[{"damage_healed":0.0,"max_hp_gain":0.0,"max_hp_loss":0.0,"gold_gain":0.0,"event_name":"Shining Light","player_choice":"Entered Light","floor":2.0,"gold_loss":0.0,"damage_taken":21.0,"cards_upgraded":["Strike_B","Strike_B"]},{"cards_removed":["Strike_B"],"damage_healed":0.0,"max_hp_gain":0.0,"max_hp_loss":0.0,"gold_gain":0.0,"event_name":"Golden Wing","player_choice":"Card Removal","floor":3.0,"gold_loss":0.0,"damage_taken":7.0},{"damage_healed":0.0,"max_hp_gain":0.0,"max_hp_loss":0.0,"gold_gain":0.0,"cards_transformed":["Sunder","Barrage"],"event_name":"Drug Dealer","player_choice":"Became Test Subject","floor":20.0,"gold_loss":0.0,"damage_taken":0.0,"cards_obtained":["Chill","Self Repair"]},{"damage_healed":0.0,"max_hp_gain":0.0,"max_hp_loss":0.0,"gold_gain":0.0,"event_name":"Addict","player_choice":"Obtained Relic","floor":22.0,"gold_loss":85.0,"damage_taken":0.0,"relics_obtained":["Smiling Mask"]},{"damage_healed":0.0,"max_hp_gain":0.0,"max_hp_loss":0.0,"gold_gain":0.0,"event_name":"Lab","player_choice":"Got Potions","floor":24.0,"gold_loss":0.0,"damage_taken":0.0}],"is_beta":false,"boss_relics":[{"not_picked":["Calling Bell","Snecko Eye"],"picked":"Pandora\u0027s Box"}],"items_purged_floors":[],"is_endless":false,"potions_floor_spawned":[4,6,11,13,16,18],"killed_by":"Cultist and Chosen","ascension_level":18}