{"gold_per_floor":[111,125,143,143,155,167,193,224,236,258,270,299,340,364,376,388],"floor_reached":16,"playtime":939,"items_purged":[],"score":186,"play_id":"d88b6839-0665-4590-a71c-a5a6d19d7d5e","local_time":"20181130133732","is_ascension_mode":true,"campfire_choices":[{"data":"Bash","floor":6,"key":"SMITH"},{"data":"True Grit","floor":11,"key":"SMITH"},{"data":"Dual Wield","floor":15,"key":"SMITH"}],"neow_cost":"NONE","seed_source_timestamp":37757957033697,"circlet_count":0,"master_deck":["AscendersBane","Strike_R","Strike_R","Strike_R","Strike_R","Strike_R","Defend_R","Defend_R","Defend_R","Defend_R","Bash+1","Panacea","True Grit+1","Iron Wave","Dropkick","Intimidate","Iron Wave","Dual Wield+1","Shockwave","Headbutt"],"relics":["Burning Blood","MawBank","Oddly Smooth Stone","Pear"],"potions_floor_usage":[13,13,16],"damage_taken":[{"damage":3,"enemies":"2 Louse","floor":1,"turns":4},{"damage":10,"enemies":"Cultist","floor":2,"turns":4},{"damage":2,"enemies":"Jaw Worm","floor":3,"turns":5},{"damage":14,"enemies":"Blue Slaver","floor":7,"turns":6},{"damage":13,"enemies":"Red Slaver","floor":8,"turns":5},{"damage":4,"enemies":"Exordium Wildlife","floor":10,"turns":5},{"damage":0,"enemies":"2 Fungi Beasts","floor":12,"turns":4},{"damage":12,"enemies":"3 Sentries","floor":13,"turns":12},{"damage":2,"enemies":"Looter","floor":14,"turns":4},{"damage":115,"enemies":"The Guardian","floor":16,"turns":21}],"seed_played":"4304260816105826383","potions_obtained":[{"floor":3,"key":"Ancient Potion"},{"floor":7,"key":"Poison Potion"},{"floor":10,"key":"Poison Potion"},{"floor":14,"key":"Regen Potion"}],"is_trial":false,"path_per_floor":["M","M","M","?","$","R","M","M","T","M","R","M","E","M","R","B"],"character_chosen":"IRONCLAD","items_purchased":[],"campfire_rested":0,"item_purchase_floors":[],"current_hp_per_floor":[71,67,71,71,71,71,63,56,56,58,58,64,68,72,72,0],"gold":388,"neow_bonus":"RANDOM_COLORLESS","is_prod":false,"is_daily":false,"chose_seed":false,"campfire_upgraded":3,"win_rate":0,"timestamp":1543552652,"path_taken":["M","M","M","?","$","R","M","M","T","M","R","M","E","M","R","BOSS"],"build_version":"2018-11-15","purchased_purges":0,"victory":false,"max_hp_per_floor":[75,75,75,75,75,75,75,75,75,75,75,75,85,85,85,85],"card_choices":[{"not_picked":["Thunderclap","Clothesline"],"picked":"True Grit","floor":1},{"not_picked":["Thunderclap","Flex"],"picked":"Iron Wave","floor":2},{"not_picked":["Headbutt","Pummel"],"picked":"Dropkick","floor":3},{"not_picked":["Sever Soul","Heavy Blade"],"picked":"Intimidate","floor":7},{"not_picked":["Twin Strike","Havoc"],"picked":"Iron Wave","floor":8},{"not_picked":["Sword Boomerang","Blood for Blood","Havoc"],"picked":"SKIP","floor":10},{"not_picked":["Spot Weakness","Anger"],"picked":"Dual Wield","floor":12},{"not_picked":["Thunderclap","Heavy Blade"],"picked":"Shockwave","floor":13},{"not_picked":["Power Through","Infernal Blade"],"picked":"Headbutt","floor":14}],"player_experience":2472170,"relics_obtained":[{"floor":9,"key":"Oddly Smooth Stone"},{"floor":13,"key":"Pear"}],"event_choices":[{"damage_healed":0,"gold_gain":0,"player_choice":"Gave Potion","damage_taken":0,"relics_obtained":["MawBank"],"max_hp_gain":0,"max_hp_loss":0,"event_name":"WeMeetAgain","floor":4,"gold_loss":0}],"is_beta":true,"boss_relics":[],"items_purged_floors":[],"is_endless":false,"potions_floor_spawned":[3,7,10,14],"killed_by":"The Guardian","ascension_level":15}