{"gold_per_floor":[214,228,228,303,100,100,131,131,183,216,216,216,216,233,233,309,309,328,248,248,261,45,74,93,93,93,93,120,120,120,138,138,212,212,227,240,240],"floor_reached":37,"playtime":1964,"items_purged":["Strike_G","Strike_G"],"score":885,"play_id":"e2343bbd-ab3b-4d9d-bf31-914b81cc338e","local_time":"20190528181146","is_ascension_mode":true,"campfire_choices":[{"floor":6,"key":"REST"},{"floor":8,"key":"REST"},{"data":"Neutralize","floor":11,"key":"SMITH"},{"data":"Caltrops","floor":15,"key":"SMITH"},{"data":"Catalyst","floor":25,"key":"SMITH"},{"floor":27,"key":"REST"},{"data":"Backflip","floor":29,"key":"SMITH"},{"floor":32,"key":"REST"}],"neow_cost":"NONE","seed_source_timestamp":812638988725054,"circlet_count":0,"master_deck":["AscendersBane","Strike_G","Strike_G","Strike_G","Defend_G","Defend_G","Defend_G+1","Defend_G","Defend_G+1","Survivor","Neutralize+1","Caltrops+1","Poisoned Stab","Noxious Fumes+1","Predator","Escape Plan","Backflip+1","Adrenaline","Catalyst+1","Die Die Die","Pain","Corpse Explosion","Regret","Parasite","Decay"],"special_seed":0,"relics":["Ring of the Snake","Paper Crane","Anchor","Art of War","Busted Crown","Boot","Du-Vu Doll","PreservedInsect","WarpedTongs","Calling Bell","Centennial Puzzle","Question Card","Peace Pipe"],"potions_floor_usage":[10,16,16,16,23,23,28,33],"damage_taken":[{"damage":15,"enemies":"Cultist","floor":1,"turns":7},{"damage":0,"enemies":"2 Louse","floor":2,"turns":4},{"damage":28,"enemies":"Gremlin Nob","floor":7,"turns":4},{"damage":17,"enemies":"3 Sentries","floor":10,"turns":7},{"damage":0,"enemies":"Small Slimes","floor":14,"turns":3},{"damage":1,"enemies":"The Guardian","floor":16,"turns":9},{"damage":13,"enemies":"Spheric Guardian","floor":18,"turns":6},{"damage":6,"enemies":"2 Thieves","floor":21,"turns":4},{"damage":3,"enemies":"Book of Stabbing","floor":23,"turns":6},{"damage":0,"enemies":"Centurion and Healer","floor":24,"turns":6},{"damage":4,"enemies":"Slavers","floor":28,"turns":4},{"damage":12,"enemies":"3 Cultists","floor":31,"turns":4},{"damage":54,"enemies":"Collector","floor":33,"turns":10},{"damage":15,"enemies":"Orb Walker","floor":35,"turns":3},{"damage":4,"enemies":"3 Darklings","floor":36,"turns":3},{"damage":17,"enemies":"Writhing Mass","floor":37,"turns":5}],"seed_played":"7295612991579778772","potions_obtained":[{"floor":1,"key":"PowerPotion"},{"floor":10,"key":"GhostInAJar"},{"floor":14,"key":"Regen Potion"},{"floor":16,"key":"Fruit Juice"},{"floor":23,"key":"Explosive Potion"},{"floor":36,"key":"SpeedPotion"}],"is_trial":false,"path_per_floor":["M","M","$","?","$","R","E","R","T","E","R","?","?","M","R","B",null,"M","$","T","M","$","E","M","R","T","R","E","R","?","M","R","B",null,"M","M","M"],"character_chosen":"THE_SILENT","items_purchased":["Noxious Fumes","Predator","Catalyst","EntropicBrew"],"campfire_rested":4,"item_purchase_floors":[5,5,19,22],"current_hp_per_floor":[44,44,44,33,33,52,24,43,43,26,26,6,6,6,6,25,60,47,47,47,41,41,38,38,38,38,59,55,55,55,43,64,10,56,41,37,20],"gold":240,"neow_bonus":"HUNDRED_GOLD","is_prod":false,"is_daily":false,"chose_seed":false,"campfire_upgraded":4,"win_rate":0,"timestamp":1559034706,"path_taken":["M","M","$","?","$","R","E","R","T","E","R","?","?","?","R","BOSS","M","$","?","M","$","E","M","R","T","R","E","R","?","M","R","BOSS","M","M","M"],"build_version":"2019-05-26","purchased_purges":2,"victory":false,"max_hp_per_floor":[66,66,66,66,66,66,66,66,66,66,66,66,66,66,66,71,71,71,71,71,71,71,71,71,71,71,71,71,71,71,71,71,71,71,71,71,71],"card_choices":[{"not_picked":["Well Laid Plans","Dagger Spray"],"picked":"Caltrops","floor":1},{"not_picked":["Blade Dance","Quick Slash"],"picked":"Poisoned Stab","floor":2},{"not_picked":["Cloak And Dagger","Dodge and Roll"],"picked":"Escape Plan","floor":7},{"not_picked":["Deadly Poison","Expertise"],"picked":"Backflip","floor":10},{"not_picked":["Cloak And Dagger","Accuracy","Slice"],"picked":"SKIP","floor":14},{"not_picked":["Cloak And Dagger","Accuracy","Slice"],"picked":"SKIP","floor":14},{"not_picked":["Night Terror","Unload"],"picked":"Adrenaline","floor":16},{"not_picked":["Dagger Throw+1"],"picked":"SKIP","floor":18},{"not_picked":["Sucker Punch"],"picked":"SKIP","floor":21},{"not_picked":[],"picked":"Die Die Die","floor":23},{"not_picked":["Dagger Spray"],"picked":"SKIP","floor":24},{"not_picked":["Dagger Spray"],"picked":"SKIP","floor":24},{"not_picked":["Flying Knee"],"picked":"SKIP","floor":28},{"not_picked":["Flying Knee"],"picked":"SKIP","floor":28},{"not_picked":["Infinite Blades"],"picked":"SKIP","floor":31},{"not_picked":[],"picked":"Corpse Explosion","floor":33},{"not_picked":["Crippling Poison","Deadly Poison"],"picked":"SKIP","floor":35},{"not_picked":["Prepared","Concentrate"],"picked":"SKIP","floor":36}],"player_experience":3364170,"relics_obtained":[{"floor":7,"key":"Paper Crane"},{"floor":9,"key":"Anchor"},{"floor":10,"key":"Art of War"},{"floor":23,"key":"Boot"},{"floor":26,"key":"Du-Vu Doll"},{"floor":28,"key":"PreservedInsect"},{"floor":34,"key":"Centennial Puzzle"},{"floor":34,"key":"Question Card"},{"floor":34,"key":"Peace Pipe"}],"event_choices":[{"damage_healed":0,"gold_gain":75,"player_choice":"Gather Gold","damage_taken":11,"max_hp_gain":0,"max_hp_loss":0,"event_name":"World of Goop","floor":4,"gold_loss":0},{"damage_healed":0,"gold_gain":0,"player_choice":"Entered Light","damage_taken":20,"max_hp_gain":0,"max_hp_loss":0,"event_name":"Shining Light","floor":12,"gold_loss":0,"cards_upgraded":["Defend_G","Defend_G"]},{"damage_healed":0,"gold_gain":0,"player_choice":"Upgraded","damage_taken":0,"max_hp_gain":0,"max_hp_loss":0,"event_name":"Upgrade Shrine","floor":13,"gold_loss":0,"cards_upgraded":["Noxious Fumes"]},{"damage_healed":0,"gold_gain":0,"player_choice":"Rummage","damage_taken":0,"relics_obtained":["WarpedTongs"],"max_hp_gain":0,"max_hp_loss":0,"event_name":"Accursed Blacksmith","floor":30,"gold_loss":0,"cards_obtained":["Pain"]}],"is_beta":true,"boss_relics":[{"not_picked":["Orrery","Snecko Eye"],"picked":"Busted Crown"},{"not_picked":["HoveringKite","Runic Pyramid"],"picked":"Calling Bell"}],"items_purged_floors":[5,22],"is_endless":false,"potions_floor_spawned":[1,10,14,16,23,36],"killed_by":"Writhing Mass","ascension_level":18}