{"gold_per_floor":[115,0,0,0,33,45,101,113,176,188,200,232,288,314,326,428,440,471,483,465,490,518,530,563,575,587,24,38,38],"floor_reached":29,"playtime":1383,"items_purged":["Strike_G"],"score":490,"play_id":"36aa2996-54bc-4260-a59f-c75cbb65ce63","local_time":"20190527153250","is_ascension_mode":true,"campfire_choices":[{"data":"Neutralize","floor":6.0,"key":"SMITH"},{"floor":8.0,"key":"DIG"},{"floor":10.0,"key":"DIG"},{"floor":15.0,"key":"DIG"},{"floor":23.0,"key":"REST"},{"floor":25.0,"key":"REST"}],"neow_cost":"NONE","seed_source_timestamp":717152599571342,"circlet_count":0,"master_deck":["AscendersBane","Strike_G","Strike_G","Strike_G","Defend_G","Defend_G","Defend_G","Defend_G","Defend_G","Survivor","Neutralize+1","All Out Attack","Heel Hook","Dagger Spray","Well Laid Plans+1","Deflect","Noxious Fumes+1","Bouncing Flask","Envenom+1","Tools of the Trade+1","Caltrops+1","Setup+1","Blade Dance+1","Blade Dance+1","Leg Sweep+1","Blur+1","Storm of Steel+1","Endless Agony","Prepared+1","PiercingWail+1","Footwork+1"],"special_seed":0,"relics":["Ring of the Snake","NeowsBlessing","Golden Idol","MawBank","Shovel","Unceasing Top","Art of War","Frozen Egg 2","Prayer Wheel","Toxic Egg 2","Orrery","Omamori","Calipers","OrangePellets"],"potions_floor_usage":[29],"damage_taken":[{"damage":0.0,"enemies":"Jaw Worm","floor":1.0,"turns":1.0},{"damage":0.0,"enemies":"2 Louse","floor":5.0,"turns":1.0},{"damage":0.0,"enemies":"Gremlin Nob","floor":7.0,"turns":1.0},{"damage":0.0,"enemies":"Cultist","floor":12.0,"turns":4.0},{"damage":2.0,"enemies":"Lagavulin","floor":13.0,"turns":5.0},{"damage":0.0,"enemies":"2 Fungi Beasts","floor":14.0,"turns":4.0},{"damage":17.0,"enemies":"The Guardian","floor":16.0,"turns":9.0},{"damage":40.0,"enemies":"2 Thieves","floor":18.0,"turns":4.0},{"damage":6.0,"enemies":"Shell Parasite","floor":21.0,"turns":5.0},{"damage":0.0,"enemies":"Snecko","floor":22.0,"turns":4.0},{"damage":33.0,"enemies":"Centurion and Healer","floor":24.0,"turns":9.0},{"damage":15.0,"enemies":"Snake Plant","floor":28.0,"turns":7.0},{"damage":12,"enemies":"Masked Bandits","floor":29,"turns":1}],"seed_played":"-7570822622970270850","potions_obtained":[{"floor":5.0,"key":"SteroidPotion"},{"floor":7.0,"key":"Fire Potion"},{"floor":12.0,"key":"SteroidPotion"},{"floor":16.0,"key":"SkillPotion"},{"floor":20.0,"key":"FearPotion"},{"floor":20.0,"key":"PowerPotion"},{"floor":21.0,"key":"EssenceOfSteel"},{"floor":22.0,"key":"Regen Potion"},{"floor":24.0,"key":"Weak Potion"}],"is_trial":false,"path_per_floor":["M","$","?","?","M","R","E","R","T","R","?","M","E","M","R","B",null,"M","?","?","M","M","R","M","R","T","$","M","?"],"character_chosen":"THE_SILENT","items_purchased":["Heel Hook","Calipers","OrangePellets"],"campfire_rested":2,"item_purchase_floors":[2,27,27],"current_hp_per_floor":[59,59,59,54,54,54,54,54,54,54,54,54,52,52,52,35,54,14,14,14,8,8,26,8,26,26,26,11,0],"gold":38,"neow_bonus":"THREE_ENEMY_KILL","is_prod":false,"is_daily":false,"chose_seed":false,"campfire_upgraded":1,"win_rate":0,"timestamp":1558938770,"path_taken":["M","$","?","?","M","R","E","R","T","R","?","M","E","?","R","BOSS","M","?","?","?","?","R","M","R","T","$","M","?"],"build_version":"2019-05-24v2","purchased_purges":1,"victory":false,"max_hp_per_floor":[66,66,60,60,60,60,60,60,60,60,60,60,60,60,60,60,60,60,60,60,60,60,60,60,60,60,60,60,60],"card_choices":[{"not_picked":["Cloak And Dagger","Sucker Punch"],"picked":"All Out Attack","floor":1.0},{"not_picked":["Acrobatics","Slice"],"picked":"Dagger Spray","floor":5.0},{"not_picked":["Bane","Deflect","Dagger Spray"],"picked":"SKIP","floor":7.0},{"not_picked":["Quick Slash","Infinite Blades+1"],"picked":"Well Laid Plans+1","floor":12.0},{"not_picked":["Finisher","Riddle With Holes"],"picked":"Deflect","floor":13.0},{"not_picked":["Setup","Crippling Poison"],"picked":"Noxious Fumes+1","floor":14.0},{"not_picked":["Deflect","Doppelganger"],"picked":"Bouncing Flask","floor":14.0},{"not_picked":["Phantasmal Killer+1","Grand Finale"],"picked":"Envenom+1","floor":16.0},{"not_picked":["Slice","Riddle With Holes"],"picked":"Tools of the Trade+1","floor":17.0},{"not_picked":["Dodge and Roll+1","Endless Agony"],"picked":"Caltrops+1","floor":17.0},{"not_picked":["PiercingWail+1","Sucker Punch"],"picked":"Setup+1","floor":17.0},{"not_picked":["Deadly Poison+1","Bane"],"picked":"Blade Dance+1","floor":17.0},{"not_picked":["Prepared+1","Skewer"],"picked":"Blade Dance+1","floor":17.0},{"not_picked":["Prepared+1","Noxious Fumes+1"],"picked":"Leg Sweep+1","floor":18.0},{"not_picked":["Bane","Eviscerate","Skewer"],"picked":"SKIP","floor":18.0},{"not_picked":["Noxious Fumes+1","Flying Knee"],"picked":"Blur+1","floor":21.0},{"not_picked":["Deflect+1","Backflip+1"],"picked":"Storm of Steel+1","floor":21.0},{"not_picked":["Acrobatics+1","Leg Sweep+1"],"picked":"Endless Agony","floor":22.0},{"not_picked":["Dagger Throw","Finisher","Masterful Stab+1"],"picked":"SKIP","floor":22.0},{"not_picked":["Sucker Punch","Quick Slash"],"picked":"Prepared+1","floor":24.0},{"not_picked":["Predator","Eviscerate"],"picked":"PiercingWail+1","floor":24.0},{"not_picked":["Calculated Gamble+1","Skewer"],"picked":"Footwork+1","floor":28.0},{"not_picked":["Choke+1","Bane+1","Caltrops+1"],"picked":"SKIP","floor":28.0}],"player_experience":3356911,"relics_obtained":[{"floor":7.0,"key":"Shovel"},{"floor":8.0,"key":"Unceasing Top"},{"floor":9.0,"key":"Art of War"},{"floor":10.0,"key":"Frozen Egg 2"},{"floor":13.0,"key":"Prayer Wheel"},{"floor":15.0,"key":"Toxic Egg 2"},{"floor":26.0,"key":"Omamori"}],"event_choices":[{"damage_healed":0.0,"max_hp_gain":0.0,"max_hp_loss":6.0,"gold_gain":0.0,"event_name":"Golden Idol","player_choice":"Lose Max HP","floor":3.0,"gold_loss":0.0,"damage_taken":0.0,"relics_obtained":["Golden Idol"]},{"damage_healed":0.0,"max_hp_gain":0.0,"max_hp_loss":0.0,"gold_gain":0.0,"event_name":"Scrap Ooze","player_choice":"Success","floor":4.0,"gold_loss":0.0,"damage_taken":5.0,"relics_obtained":["MawBank"]},{"cards_removed":["Strike_G"],"damage_healed":0.0,"max_hp_gain":0.0,"max_hp_loss":0.0,"gold_gain":0.0,"event_name":"Purifier","player_choice":"Purged","floor":11.0,"gold_loss":0.0,"damage_taken":0.0},{"damage_healed":0.0,"max_hp_gain":0.0,"max_hp_loss":0.0,"gold_gain":0.0,"event_name":"The Mausoleum","player_choice":"Ignored","floor":19.0,"gold_loss":0.0,"damage_taken":0.0},{"damage_healed":0.0,"max_hp_gain":0.0,"max_hp_loss":0.0,"gold_gain":0.0,"event_name":"The Woman in Blue","player_choice":"Bought 2 Potions","floor":20.0,"gold_loss":0.0,"damage_taken":0.0},{"damage_healed":0,"gold_gain":0,"player_choice":"Fought Bandits","damage_taken":0,"max_hp_gain":0,"max_hp_loss":0,"event_name":"Masked Bandits","floor":29,"gold_loss":0}],"is_beta":true,"boss_relics":[{"not_picked":["Black Star","Calling Bell"],"picked":"Orrery"}],"items_purged_floors":[2],"is_endless":false,"potions_floor_spawned":[5,7,12,16,21,22,24],"killed_by":"Masked Bandits","ascension_level":18}