{"gold_per_floor":[119,129,144,157,157,157,175,350,396,396,166,198,24,52,52,151,151,166,177,191,191,66,66,28,28,54,73,73,172,172,197,197,197],"floor_reached":33,"playtime":1558,"items_purged":["Doubt","Strike_R","Strike_R"],"score":435,"play_id":"b8e72e00-5e9a-4c42-b348-5a530c05cb83","local_time":"20190130221304","is_ascension_mode":true,"campfire_choices":[{"data":"Body Slam","floor":6.0,"key":"SMITH"},{"floor":10.0,"key":"REST"},{"data":"Bash","floor":15.0,"key":"SMITH"},{"data":"Dark Embrace","floor":23.0,"key":"SMITH"},{"data":"Inflame","floor":25.0,"key":"SMITH"},{"floor":28.0,"key":"REST"},{"data":"True Grit","floor":32.0,"key":"SMITH"}],"neow_cost":"PERCENT_DAMAGE","seed_source_timestamp":1753542673436364,"circlet_count":0,"master_deck":["AscendersBane","Strike_R","Strike_R","Defend_R","Defend_R","Defend_R","Defend_R","Bash+1","Body Slam+1","Immolate","Shrug It Off","Flame Barrier","Wild Strike","Offering","Power Through","Seeing Red","Dark Embrace+1","Feed","Inflame+1","Battle Trance+1","True Grit+1"],"special_seed":0,"relics":["Burning Blood","Juzu Bracelet","Letter Opener","Happy Flower","Velvet Choker","Bag of Preparation","Molten Egg 2"],"potions_floor_usage":[33],"damage_taken":[{"damage":12.0,"enemies":"Jaw Worm","floor":1.0,"turns":2.0},{"damage":13.0,"enemies":"Small Slimes","floor":2.0,"turns":5.0},{"damage":0.0,"enemies":"2 Louse","floor":3.0,"turns":1.0},{"damage":24.0,"enemies":"Exordium Thugs","floor":4.0,"turns":3.0},{"damage":0.0,"enemies":"Large Slime","floor":7.0,"turns":6.0},{"damage":16.0,"enemies":"Gremlin Nob","floor":12.0,"turns":3.0},{"damage":7.0,"enemies":"Lagavulin","floor":14.0,"turns":5.0},{"damage":40.0,"enemies":"The Guardian","floor":16.0,"turns":10.0},{"damage":6.0,"enemies":"3 Byrds","floor":18.0,"turns":3.0},{"damage":25.0,"enemies":"Spheric Guardian","floor":19.0,"turns":4.0},{"damage":32.0,"enemies":"Snake Plant","floor":20.0,"turns":4.0},{"damage":15.0,"enemies":"Cultist and Chosen","floor":27.0,"turns":5.0},{"damage":41.0,"enemies":"Book of Stabbing","floor":31.0,"turns":5.0},{"damage":22,"enemies":"Collector","floor":33,"turns":2}],"seed_played":"5546245053677388919","potions_obtained":[{"floor":12.0,"key":"PowerPotion"},{"floor":14.0,"key":"Dexterity Potion"},{"floor":16.0,"key":"Weak Potion"},{"floor":18.0,"key":"LiquidBronze"},{"floor":19.0,"key":"Dexterity Potion"},{"floor":31.0,"key":"Strength Potion"}],"is_trial":false,"path_per_floor":["M","M","M","M","?","R","M","?","T","R","$","E","$","E","R","B",null,"M","M","M","?","$","R","$","R","T","M","R","?","?","E","R","B"],"character_chosen":"IRONCLAD","items_purchased":["Offering","Seeing Red","Inflame"],"campfire_rested":2,"item_purchase_floors":[11,13,24],"current_hp_per_floor":[61,54,60,42,35,35,41,41,41,69,69,59,59,58,58,24,78,78,59,36,36,36,36,36,36,36,27,56,56,56,21,21,0],"gold":197,"neow_bonus":"TWENTY_PERCENT_HP_BONUS","is_prod":false,"is_daily":false,"chose_seed":false,"campfire_upgraded":5,"win_rate":0,"timestamp":1548853984,"path_taken":["M","M","M","M","?","R","M","?","T","R","$","E","$","E","R","BOSS","M","M","M","?","$","R","?","R","T","M","R","?","?","E","R","BOSS"],"build_version":"2019-01-23","purchased_purges":3,"victory":false,"max_hp_per_floor":[96,96,96,96,96,96,96,96,96,96,96,96,96,96,96,96,96,96,96,99,99,99,99,99,99,99,99,99,99,99,99,99,99],"card_choices":[{"not_picked":["Twin Strike","Iron Wave"],"picked":"Body Slam","floor":1.0},{"not_picked":["Perfected Strike","Shrug It Off"],"picked":"Immolate","floor":2.0},{"not_picked":["Thunderclap","Flame Barrier"],"picked":"Shrug It Off","floor":3.0},{"not_picked":["Feel No Pain","Anger"],"picked":"Flame Barrier","floor":4.0},{"not_picked":["Havoc","Armaments"],"picked":"Wild Strike","floor":7.0},{"not_picked":["Blood for Blood","Sentinel"],"picked":"Power Through","floor":12.0},{"not_picked":["Fire Breathing","Thunderclap"],"picked":"Dark Embrace","floor":14.0},{"not_picked":["Berserk","Brutality"],"picked":"Feed","floor":16.0},{"not_picked":["Shrug It Off","Warcry","Havoc"],"picked":"SKIP","floor":18.0},{"not_picked":["Body Slam","Exhume","Rupture"],"picked":"SKIP","floor":19.0},{"not_picked":["Perfected Strike","Twin Strike","Havoc"],"picked":"SKIP","floor":20.0},{"not_picked":["Reckless Charge","Combust"],"picked":"Battle Trance+1","floor":27.0},{"not_picked":["Clothesline+1","Heavy Blade"],"picked":"True Grit","floor":31.0}],"player_experience":470843,"relics_obtained":[{"floor":9.0,"key":"Juzu Bracelet"},{"floor":12.0,"key":"Letter Opener"},{"floor":14.0,"key":"Happy Flower"},{"floor":26.0,"key":"Bag of Preparation"},{"floor":31.0,"key":"Molten Egg 2"}],"event_choices":[{"cards_removed":["Strike_R"],"damage_healed":0.0,"max_hp_gain":0.0,"max_hp_loss":0.0,"gold_gain":0.0,"event_name":"Golden Wing","player_choice":"Card Removal","floor":5.0,"gold_loss":0.0,"damage_taken":7.0},{"damage_healed":0.0,"max_hp_gain":0.0,"max_hp_loss":0.0,"gold_gain":175.0,"event_name":"Liars Game","player_choice":"AGREE","floor":8.0,"gold_loss":0.0,"damage_taken":0.0,"cards_obtained":["Doubt"]},{"damage_healed":0.0,"max_hp_gain":0.0,"max_hp_loss":0.0,"gold_gain":0.0,"event_name":"Cursed Tome","player_choice":"Ignored","floor":21.0,"gold_loss":0.0,"damage_taken":0.0},{"damage_healed":0.0,"max_hp_gain":0.0,"max_hp_loss":0.0,"gold_gain":99.0,"event_name":"Nest","player_choice":"Stole From Cult","floor":29.0,"gold_loss":0.0,"damage_taken":0.0},{"damage_healed":0.0,"max_hp_gain":0.0,"max_hp_loss":0.0,"gold_gain":0.0,"event_name":"Vampires","player_choice":"Ignored","floor":30.0,"gold_loss":0.0,"damage_taken":0.0}],"is_beta":false,"boss_relics":[{"not_picked":["Snecko Eye","Fusion Hammer"],"picked":"Velvet Choker"}],"items_purged_floors":[11,13,22],"is_endless":false,"potions_floor_spawned":[12,14,16,18,19,31],"killed_by":"Collector","ascension_level":10}