{"gold_per_floor":[119,134,146,17,30,30,45,74,74,102,102,161,161,161,161,238,238,248,265,284,294,294,294,304,304,331,364,364,384,384,404,404,404],"floor_reached":33,"playtime":1987,"items_purged":["Strike_G"],"score":502,"play_id":"5623b4d9-c372-424d-a670-cd6fa4ea9e9a","local_time":"20190216092512","is_ascension_mode":true,"campfire_choices":[{"data":"Deadly Poison","floor":6.0,"key":"SMITH"},{"data":"Calculated Gamble","floor":11.0,"key":"SMITH"},{"floor":13.0,"key":"REST"},{"floor":15.0,"key":"REST"},{"data":"Prepared","floor":23.0,"key":"SMITH"},{"data":"Adrenaline","floor":25.0,"key":"SMITH"},{"floor":28.0,"key":"REST"},{"data":"Backflip","floor":30,"key":"SMITH"},{"data":"Blur","floor":32,"key":"SMITH"}],"neow_cost":"NONE","seed_source_timestamp":1222367277880,"circlet_count":0,"master_deck":["AscendersBane","Defend_G","Defend_G","Defend_G","Defend_G","Defend_G","Strike_G","Survivor","Neutralize+1","Flying Knee","Dagger Throw","Quick Slash","Prepared+1","Deadly Poison+1","Backstab","Grand Finale","Calculated Gamble+1","Expertise","Adrenaline+1","Predator+1","Doppelganger+1","Venomology+1","PiercingWail+1","Backstab+1","Prepared","Reflex+1","Backflip+1","Escape Plan","Blur+1"],"special_seed":0,"relics":["Ring of the Snake","Unceasing Top","Ninja Scroll","Lantern","Gremlin Horn","Prayer Wheel","Astrolabe","Pen Nib","Question Card"],"potions_floor_usage":[29,31,33,33,33],"damage_taken":[{"damage":0.0,"enemies":"Small Slimes","floor":1.0,"turns":6.0},{"damage":0.0,"enemies":"2 Louse","floor":2.0,"turns":3.0},{"damage":2.0,"enemies":"Jaw Worm","floor":3.0,"turns":5.0},{"damage":5.0,"enemies":"2 Fungi Beasts","floor":5.0,"turns":4.0},{"damage":0.0,"enemies":"Blue Slaver","floor":7.0,"turns":4.0},{"damage":6.0,"enemies":"Gremlin Nob","floor":8.0,"turns":3.0},{"damage":7.0,"enemies":"3 Sentries","floor":10.0,"turns":6.0},{"damage":23.0,"enemies":"Lagavulin Event","floor":12.0,"turns":4.0},{"damage":22.0,"enemies":"The Guardian","floor":16.0,"turns":10.0},{"damage":0.0,"enemies":"Spheric Guardian","floor":18.0,"turns":3.0},{"damage":0.0,"enemies":"Shell Parasite","floor":19.0,"turns":3.0},{"damage":2.0,"enemies":"Shelled Parasite and Fungi","floor":20.0,"turns":5.0},{"damage":0.0,"enemies":"Snake Plant","floor":21.0,"turns":2.0},{"damage":0.0,"enemies":"Centurion and Healer","floor":24.0,"turns":5.0},{"damage":11.0,"enemies":"Slavers","floor":27.0,"turns":6.0},{"damage":0,"enemies":"3 Cultists","floor":29,"turns":3},{"damage":2,"enemies":"Snecko","floor":31,"turns":4},{"damage":74,"enemies":"Collector","floor":33,"turns":6}],"seed_played":"7982558976537728554","potions_obtained":[{"floor":3.0,"key":"Ancient Potion"},{"floor":7.0,"key":"AttackPotion"},{"floor":8.0,"key":"LiquidBronze"},{"floor":10.0,"key":"GamblersBrew"},{"floor":19.0,"key":"Block Potion"},{"floor":20.0,"key":"AttackPotion"},{"floor":29,"key":"Fire Potion"}],"is_trial":false,"path_per_floor":["M","M","M","$","M","R","M","E","T","E","R","?","R","?","R","B",null,"M","M","M","M","?","R","M","R","T","E","R","M","R","M","R","B"],"character_chosen":"THE_SILENT","items_purchased":["Prepared"],"campfire_rested":3,"item_purchase_floors":[4],"current_hp_per_floor":[59,59,57,57,52,52,52,46,46,39,39,16,35,17,36,14,53,53,53,51,51,51,51,51,51,51,40,59,59,59,57,57,0],"gold":404,"neow_bonus":"UPGRADE_CARD","is_prod":false,"is_daily":false,"chose_seed":false,"campfire_upgraded":6,"win_rate":0,"timestamp":1550276712,"path_taken":["M","M","M","$","M","R","M","E","T","E","R","?","R","?","R","BOSS","M","M","M","M","?","R","M","R","T","E","R","M","R","M","R","BOSS"],"build_version":"2019-01-23","purchased_purges":1,"victory":false,"max_hp_per_floor":[66,66,66,66,66,66,66,66,66,66,66,66,66,66,66,66,66,66,66,66,66,66,66,66,66,66,66,66,66,66,66,66,66],"card_choices":[{"not_picked":["Acrobatics","Cloak And Dagger"],"picked":"Flying Knee","floor":1.0},{"not_picked":["PiercingWail","Flying Knee"],"picked":"Dagger Throw","floor":2.0},{"not_picked":["Eviscerate","Blade Dance"],"picked":"Quick Slash","floor":3.0},{"not_picked":["Skewer","Terror"],"picked":"Deadly Poison","floor":5.0},{"not_picked":["Blade Dance","Dagger Throw"],"picked":"Backstab","floor":7.0},{"not_picked":["Concentrate","Dagger Throw"],"picked":"Grand Finale","floor":8.0},{"not_picked":["Flying Knee","Skewer"],"picked":"Calculated Gamble","floor":10.0},{"not_picked":["Choke","Accuracy"],"picked":"Expertise","floor":12.0},{"not_picked":["Venomology","Glass Knife"],"picked":"Adrenaline","floor":16.0},{"not_picked":["Dash","Eviscerate"],"picked":"PiercingWail+1","floor":18.0},{"not_picked":["Underhanded Strike","Heel Hook","Cloak And Dagger"],"picked":"SKIP","floor":18.0},{"not_picked":["Dagger Spray","Predator"],"picked":"Backstab+1","floor":19.0},{"not_picked":["Quick Slash","Riddle With Holes+1","Dagger Spray"],"picked":"SKIP","floor":19.0},{"not_picked":["Dash","Bane"],"picked":"Prepared","floor":20.0},{"not_picked":["Distraction","Poisoned Stab","Blade Dance"],"picked":"SKIP","floor":20.0},{"not_picked":["Cloak And Dagger","Deflect"],"picked":"Reflex+1","floor":21.0},{"not_picked":["Outmaneuver+1","Blade Dance","Bullet Time"],"picked":"SKIP","floor":21.0},{"not_picked":["Poisoned Stab","Backflip"],"picked":"Escape Plan","floor":24.0},{"not_picked":["Deadly Poison","Caltrops"],"picked":"Blur","floor":24.0},{"not_picked":["Outmaneuver","Doppelganger","Dodge and Roll"],"picked":"SKIP","floor":27.0},{"not_picked":["Blade Dance","Cloak And Dagger","Poisoned Stab+1","Dodge and Roll"],"picked":"SKIP","floor":29},{"not_picked":["Prepared","Catalyst","All Out Attack","Flechettes"],"picked":"SKIP","floor":29},{"not_picked":["Slice","Prepared","Endless Agony","Poisoned Stab"],"picked":"SKIP","floor":31},{"not_picked":["Blade Dance","Dagger Spray","Masterful Stab","Dagger Throw"],"picked":"SKIP","floor":31}],"player_experience":631590,"relics_obtained":[{"floor":8.0,"key":"Unceasing Top"},{"floor":9.0,"key":"Ninja Scroll"},{"floor":10.0,"key":"Lantern"},{"floor":12.0,"key":"Gremlin Horn"},{"floor":26.0,"key":"Pen Nib"},{"floor":27.0,"key":"Question Card"}],"event_choices":[{"damage_healed":0.0,"max_hp_gain":0.0,"max_hp_loss":0.0,"gold_gain":0.0,"event_name":"Dead Adventurer","player_choice":"Searched \u00271\u0027 times","floor":12.0,"gold_loss":0.0,"damage_taken":0.0},{"damage_healed":0.0,"max_hp_gain":0.0,"max_hp_loss":0.0,"gold_gain":0.0,"event_name":"Scrap Ooze","player_choice":"Success","floor":14.0,"gold_loss":0.0,"damage_taken":18.0,"relics_obtained":["Prayer Wheel"]},{"damage_healed":0.0,"max_hp_gain":0.0,"max_hp_loss":0.0,"gold_gain":0.0,"event_name":"The Library","player_choice":"Read","floor":22.0,"gold_loss":0.0,"damage_taken":0.0,"cards_obtained":["Backflip"]}],"is_beta":false,"boss_relics":[{"not_picked":["Snecko Eye","Fusion Hammer"],"picked":"Astrolabe"}],"items_purged_floors":[4],"is_endless":false,"potions_floor_spawned":[3,7,8,10,19,20,29,31],"killed_by":"Collector","ascension_level":16}