{"gold_per_floor":[109,121,121,121,138,138,164,164,219,247,247,32,57,90,90,183,183,207,207,220,239,179,179,215,215,215,215,255,271,271,289,289,379,379,398,423,359,378,36,79,79,97,97,97,97],"floor_reached":45,"playtime":3656,"items_purged":["Writhe"],"score":923,"play_id":"2a8fd865-22f5-4f7f-85e5-6b0347d85975","local_time":"20190422203056","is_ascension_mode":true,"campfire_choices":[{"data":"Sunder","floor":6.0,"key":"SMITH"},{"floor":15.0,"key":"REST"},{"floor":23.0,"key":"REST"},{"floor":25.0,"key":"REST"},{"floor":27.0,"key":"REST"},{"data":"Footwork","floor":30,"key":"SMITH"},{"floor":32,"key":"REST"},{"data":"Defragment","floor":41,"key":"SMITH"},{"floor":44,"key":"REST"}],"neow_cost":"TEN_PERCENT_HP_LOSS","seed_source_timestamp":0,"circlet_count":0,"master_deck":["AscendersBane","Strike_B","Strike_B","Strike_B","Strike_B","Defend_B+1","Defend_B","Defend_B","Defend_B+1","Zap","Dualcast+1","Trip","Finesse+1","Conserve Battery","Sunder+1","Ball Lightning","Reinforced Body+1","Chill","Ball Lightning","Well Laid Plans","Tools of the Trade","Footwork+1","Hologram+1","Bandage Up","Evolve","Juggernaut","Backflip","Defragment+1","Defragment","Shrug It Off"],"special_seed":0,"relics":["Cracked Core","War Paint","Tiny Chest","Happy Flower","Golden Idol","PrismaticShard","Odd Mushroom","The Courier","Nuclear Battery","Singing Bowl","Blue Candle","FossilizedHelix","Ginger","Inserter","Emotion Chip","Kunai","Bottled Tornado"],"potions_floor_usage":[33,35,36,40,42,42],"damage_taken":[{"damage":0.0,"enemies":"2 Louse","floor":1.0,"turns":1.0},{"damage":2.0,"enemies":"Jaw Worm","floor":2.0,"turns":4.0},{"damage":0.0,"enemies":"Small Slimes","floor":5.0,"turns":3.0},{"damage":18.0,"enemies":"Gremlin Nob","floor":7.0,"turns":3.0},{"damage":12.0,"enemies":"3 Sentries","floor":10.0,"turns":3.0},{"damage":6.0,"enemies":"The Mushroom Lair","floor":13.0,"turns":4.0},{"damage":4.0,"enemies":"Gremlin Nob","floor":14.0,"turns":3.0},{"damage":8.0,"enemies":"Slime Boss","floor":16.0,"turns":7.0},{"damage":16.0,"enemies":"Shell Parasite","floor":18.0,"turns":4.0},{"damage":11.0,"enemies":"Chosen","floor":20.0,"turns":5.0},{"damage":18.0,"enemies":"Shelled Parasite and Fungi","floor":21.0,"turns":8.0},{"damage":11.0,"enemies":"Slavers","floor":24.0,"turns":7.0},{"damage":37.0,"enemies":"Book of Stabbing","floor":28.0,"turns":7.0},{"damage":0,"enemies":"Centurion and Healer","floor":29,"turns":11},{"damage":19,"enemies":"Sentry and Sphere","floor":31,"turns":8},{"damage":4,"enemies":"Collector","floor":33,"turns":18},{"damage":0,"enemies":"3 Shapes","floor":35,"turns":4},{"damage":0,"enemies":"Orb Walker","floor":36,"turns":2},{"damage":23,"enemies":"3 Darklings","floor":38,"turns":7},{"damage":31,"enemies":"Nemesis","floor":40,"turns":9},{"damage":14,"enemies":"Jaw Worm Horde","floor":42,"turns":7},{"damage":9,"enemies":"Writhing Mass","floor":45,"turns":2}],"seed_played":"-5192787830966776261","potions_obtained":[{"floor":1.0,"key":"PowerPotion"},{"floor":13.0,"key":"Weak Potion"},{"floor":14.0,"key":"Weak Potion"},{"floor":21.0,"key":"Block Potion"},{"floor":24.0,"key":"Fire Potion"},{"floor":28.0,"key":"PowerPotion"},{"floor":31,"key":"Poison Potion"},{"floor":33,"key":"Explosive Potion"},{"floor":35,"key":"FearPotion"},{"floor":40,"key":"Energy Potion"},{"floor":42,"key":"SteroidPotion"}],"is_trial":false,"path_per_floor":["M","M","$","?","M","R","E","?","T","E","?","$","?","E","R","B",null,"M","?","M","M","$","R","E","R","T","R","E","M","R","M","R","B",null,"M","M","$","M","$","E","R","M","T","R","M"],"character_chosen":"DEFECT","items_purchased":["PrismaticShard","Defragment","Emotion Chip","Regen Potion"],"campfire_rested":6,"item_purchase_floors":[12,37,39,39],"current_hp_per_floor":[64,62,62,43,43,43,25,25,25,13,13,13,7,3,20,12,47,31,31,20,2,2,19,14,32,32,50,17,23,23,10,29,29,55,59,59,59,40,40,30,30,22,22,42,37],"gold":97,"neow_bonus":"RANDOM_COLORLESS_2","is_prod":false,"is_daily":false,"chose_seed":false,"campfire_upgraded":3,"win_rate":0,"timestamp":1555932656,"path_taken":["M","M","$","?","M","R","E","?","T","E","?","$","?","E","R","BOSS","M","?","M","M","$","R","E","R","T","R","E","M","R","M","R","BOSS","M","M","$","M","$","E","R","M","T","R","M"],"build_version":"2019-04-21","purchased_purges":1,"victory":false,"max_hp_per_floor":[64,64,64,64,64,64,64,64,64,64,58,58,58,58,58,58,58,58,58,58,58,58,58,60,60,60,60,60,62,62,64,64,64,64,64,64,64,64,64,66,66,68,68,68,68],"card_choices":[{"not_picked":["Auto Shields","Compile Driver"],"picked":"Conserve Battery","floor":1.0},{"not_picked":["Go for the Eyes","Sweeping Beam"],"picked":"Sunder","floor":2.0},{"not_picked":["Stack","Coolheaded"],"picked":"Ball Lightning","floor":5.0},{"not_picked":["Force Field","Compile Driver"],"picked":"Reinforced Body","floor":7.0},{"not_picked":["Redo","Rebound"],"picked":"Chill","floor":10.0},{"not_picked":["Headbutt","Finisher"],"picked":"Ball Lightning","floor":13.0},{"not_picked":["Heavy Blade","Immolate"],"picked":"Well Laid Plans","floor":14.0},{"not_picked":["Fission","The Bomb"],"picked":"Tools of the Trade","floor":16.0},{"not_picked":["Deadly Poison","Cleave"],"picked":"Footwork","floor":18.0},{"not_picked":["Bouncing Flask","Backflip"],"picked":"Hologram+1","floor":20.0},{"not_picked":["PiercingWail","Coolheaded"],"picked":"Bandage Up","floor":21.0},{"not_picked":["Fusion","Deadly Poison+1","Sadistic Nature"],"picked":"Singing Bowl","floor":24.0},{"not_picked":["Recycle","PiercingWail"],"picked":"Evolve","floor":28.0},{"not_picked":["Dash","Masterful Stab","Choke+1"],"picked":"Singing Bowl","floor":29},{"not_picked":["All Out Attack+1","Deflect","Perfected Strike"],"picked":"Singing Bowl","floor":31},{"not_picked":["Thinking Ahead","Dark Embrace"],"picked":"Juggernaut","floor":33},{"not_picked":["Sunder","Well Laid Plans"],"picked":"Backflip","floor":35},{"not_picked":["Enlightenment","Turbo"],"picked":"Defragment","floor":36},{"not_picked":["Cleave","Flying Knee"],"picked":"Shrug It Off","floor":38},{"not_picked":["Wild Strike","Evolve","Turbo"],"picked":"Singing Bowl","floor":40},{"not_picked":["Static Discharge","Pommel Strike","Double Tap"],"picked":"Singing Bowl","floor":42}],"player_experience":3009191,"relics_obtained":[{"floor":7.0,"key":"War Paint"},{"floor":9.0,"key":"Tiny Chest"},{"floor":10.0,"key":"Happy Flower"},{"floor":13.0,"key":"Odd Mushroom"},{"floor":14.0,"key":"The Courier"},{"floor":24.0,"key":"Blue Candle"},{"floor":26.0,"key":"FossilizedHelix"},{"floor":28.0,"key":"Ginger"},{"floor":40,"key":"Kunai"},{"floor":43,"key":"Bottled Tornado"}],"event_choices":[{"damage_healed":0.0,"max_hp_gain":0.0,"max_hp_loss":0.0,"gold_gain":0.0,"event_name":"Shining Light","player_choice":"Entered Light","floor":4.0,"gold_loss":0.0,"damage_taken":19.0,"cards_upgraded":["Dualcast","Defend_B"]},{"damage_healed":0.0,"max_hp_gain":0.0,"max_hp_loss":0.0,"gold_gain":0.0,"event_name":"Living Wall","player_choice":"Grow","floor":8.0,"gold_loss":0.0,"damage_taken":0.0,"cards_upgraded":["Reinforced Body"]},{"damage_healed":0.0,"max_hp_gain":0.0,"max_hp_loss":6.0,"gold_gain":0.0,"event_name":"Golden Idol","player_choice":"Lose Max HP","floor":11.0,"gold_loss":0.0,"damage_taken":0.0,"relics_obtained":["Golden Idol"]},{"damage_healed":0.0,"max_hp_gain":0.0,"max_hp_loss":0.0,"gold_gain":0.0,"event_name":"Mushrooms","player_choice":"Fought Mushrooms","floor":13.0,"gold_loss":0.0,"damage_taken":0.0},{"damage_healed":0.0,"max_hp_gain":0.0,"max_hp_loss":0.0,"gold_gain":0.0,"event_name":"The Mausoleum","player_choice":"Opened","floor":19.0,"gold_loss":0.0,"damage_taken":0.0,"relics_obtained":["Singing Bowl"],"cards_obtained":["Writhe"]}],"is_beta":true,"boss_relics":[{"not_picked":["Cursed Key","Ectoplasm"],"picked":"Nuclear Battery"},{"not_picked":["Orrery","FrozenCore"],"picked":"Inserter"}],"items_purged_floors":[22],"is_endless":false,"potions_floor_spawned":[1,13,14,21,24,28,31,33,35,40,42],"killed_by":"Writhing Mass","ascension_level":17}