{"gold_per_floor":[114,114,124,199,128,128,154,166,166,166,183,183,206,233,245,332,344,343,355,11,25,25,25,51,51,51,68,68,88,88,123,123,123],"floor_reached":33,"playtime":1242,"items_purged":[],"score":467,"play_id":"70a17a6d-dbb0-4c71-a559-1486fd2d7c74","local_time":"20190529214918","is_ascension_mode":true,"campfire_choices":[{"data":"Consume","floor":6,"key":"SMITH"},{"floor":12,"key":"REST"},{"data":"Genetic Algorithm","floor":15,"key":"SMITH"},{"data":"Defragment","floor":23,"key":"SMITH"},{"floor":25,"key":"REST"},{"floor":28,"key":"REST"},{"floor":30,"key":"REST"},{"floor":32,"key":"REST"}],"neow_cost":"NONE","seed_source_timestamp":266201786401215,"circlet_count":0,"master_deck":["AscendersBane","Strike_B","Defend_B","Defend_B","Defend_B","Defend_B","Zap+1","Dualcast","Conserve Battery","Consume+1","Static Discharge","Genetic Algorithm+1","Ball Lightning","Steam","Reinforced Body","Force Field","Hologram","Defragment+1","Doom and Gloom","Recycle+1","Coolheaded+1"],"relics":["Cracked Core","Ancient Tea Set","Ginger","Calipers","MawBank","Velvet Choker","Toxic Egg 2","Torii","Pear","Dream Catcher"],"potions_floor_usage":[7,16,16,31,31],"damage_taken":[{"damage":2,"enemies":"2 Louse","floor":1,"turns":2},{"damage":7,"enemies":"Small Slimes","floor":3,"turns":3},{"damage":30,"enemies":"3 Sentries","floor":7,"turns":6},{"damage":8,"enemies":"Jaw Worm","floor":8,"turns":4},{"damage":7,"enemies":"Looter","floor":11,"turns":4},{"damage":4,"enemies":"Red Slaver","floor":14,"turns":3},{"damage":28,"enemies":"Hexaghost","floor":16,"turns":9},{"damage":16,"enemies":"2 Thieves","floor":18,"turns":4},{"damage":7,"enemies":"3 Byrds","floor":21,"turns":5},{"damage":30,"enemies":"Book of Stabbing","floor":24,"turns":7},{"damage":29,"enemies":"3 Cultists","floor":27,"turns":5},{"damage":16,"enemies":"Snake Plant","floor":29,"turns":6},{"damage":30,"enemies":"Slavers","floor":31,"turns":5},{"damage":51,"enemies":"Collector","floor":33,"turns":5}],"seed_played":"-6217515009082612554","potions_obtained":[{"floor":1,"key":"Poison Potion"},{"floor":3,"key":"Regen Potion"},{"floor":8,"key":"Poison Potion"},{"floor":18,"key":"PowerPotion"},{"floor":27,"key":"Strength Potion"},{"floor":29,"key":"FocusPotion"}],"is_trial":false,"path_per_floor":["M","?","M","?","$","R","E","M","T","?","M","R","T","M","R","B",null,"M","?","$","M","?","R","E","R","T","M","R","M","R","E","R","B"],"character_chosen":"DEFECT","items_purchased":["Static Discharge","Toxic Egg 2","Defragment","Doom and Gloom"],"campfire_rested":5,"item_purchase_floors":[5,20,20,20],"current_hp_per_floor":[66,66,59,48,48,48,32,24,24,24,17,39,39,35,35,7,58,42,42,42,35,35,35,5,27,37,8,33,17,42,12,37,0],"gold":123,"neow_bonus":"RANDOM_COMMON_RELIC","is_prod":false,"is_daily":false,"chose_seed":false,"campfire_upgraded":3,"win_rate":0,"timestamp":1559159358,"path_taken":["M","?","M","?","$","R","E","M","T","?","M","R","?","M","R","BOSS","M","?","$","M","?","R","E","R","T","?","R","M","R","E","R","BOSS"],"build_version":"2019-01-23","purchased_purges":0,"victory":false,"max_hp_per_floor":[75,75,75,75,75,75,75,75,75,75,75,75,75,75,75,75,75,75,75,75,75,75,75,75,75,85,85,85,85,85,85,85,85],"card_choices":[{"not_picked":["Aggregate","Beam Cell"],"picked":"Conserve Battery","floor":1},{"not_picked":["Sweeping Beam","Lockon"],"picked":"Consume","floor":3},{"not_picked":["Streamline","Tempest"],"picked":"Genetic Algorithm","floor":7},{"not_picked":["Static Discharge","Beam Cell"],"picked":"Ball Lightning","floor":8},{"not_picked":["Rebound","Ball Lightning"],"picked":"Steam","floor":11},{"not_picked":["Redo","Skim","Streamline"],"picked":"SKIP","floor":14},{"not_picked":["Rip and Tear","Steam+1"],"picked":"Reinforced Body","floor":18},{"not_picked":["Hologram+1","Force Field+1","Barrage"],"picked":"SKIP","floor":21},{"not_picked":["Stack+1","Fusion+1"],"picked":"Recycle+1","floor":24},{"not_picked":["Reprogram+1","Recycle+1","Gash"],"picked":"SKIP","floor":27},{"not_picked":["Cold Snap","Consume+1","Blizzard"],"picked":"SKIP","floor":29},{"not_picked":["Multi-Cast+1","Beam Cell","Storm"],"picked":"SKIP","floor":31},{"not_picked":["Steam+1","Rebound"],"picked":"Coolheaded+1","floor":32}],"player_experience":625362,"relics_obtained":[{"floor":7,"key":"Ginger"},{"floor":9,"key":"Calipers"},{"floor":13,"key":"MawBank"},{"floor":24,"key":"Torii"},{"floor":26,"key":"Pear"},{"floor":31,"key":"Dream Catcher"}],"event_choices":[{"damage_healed":0,"gold_gain":0,"player_choice":"Grow","damage_taken":0,"max_hp_gain":0,"max_hp_loss":0,"event_name":"Living Wall","floor":2,"gold_loss":0,"cards_upgraded":["Zap"]},{"damage_healed":0,"gold_gain":75,"player_choice":"Gather Gold","damage_taken":11,"max_hp_gain":0,"max_hp_loss":0,"event_name":"World of Goop","floor":4,"gold_loss":0},{"damage_healed":0,"gold_gain":0,"player_choice":"Ignored","damage_taken":0,"max_hp_gain":0,"max_hp_loss":0,"event_name":"Shining Light","floor":10,"gold_loss":0},{"damage_healed":0,"gold_gain":0,"cards_transformed":["Strike_B","Strike_B"],"player_choice":"Became Test Subject","damage_taken":0,"max_hp_gain":0,"max_hp_loss":0,"event_name":"Drug Dealer","floor":19,"gold_loss":0,"cards_obtained":["Force Field","Hologram"]},{"cards_removed":["Strike_B"],"damage_healed":0,"gold_gain":0,"player_choice":"Purged","damage_taken":0,"max_hp_gain":0,"max_hp_loss":0,"event_name":"Purifier","floor":22,"gold_loss":0}],"is_beta":false,"boss_relics":[{"not_picked":["FrozenCore","Lizard Tail"],"picked":"Velvet Choker"}],"items_purged_floors":[],"is_endless":false,"potions_floor_spawned":[1,3,8,18,27,29],"killed_by":"Collector","ascension_level":13}