{"gold_per_floor":[19,19,19,38,38,38,74,74,101,132,150,150,165,188,188,282,282,300,54,78,93,107,107,107,147,147,162,205,228,228,249,249,249],"floor_reached":33,"playtime":1985,"items_purged":["Strike_R"],"score":809,"play_id":"78b81bd0-c902-4d10-8d6d-cfe46de6eca9","local_time":"20190519165800","is_ascension_mode":true,"campfire_choices":[{"data":"Anger","floor":6.0,"key":"SMITH"},{"data":"Shockwave","floor":8,"key":"SMITH"},{"data":"Shrug It Off","floor":12,"key":"SMITH"},{"data":"Shrug It Off","floor":15,"key":"SMITH"},{"floor":23,"key":"REST"},{"data":"Immolate","floor":30,"key":"SMITH"},{"data":"True Grit","floor":32,"key":"SMITH"}],"neow_cost":"NO_GOLD","seed_source_timestamp":0,"circlet_count":0,"master_deck":["AscendersBane","Strike_R","Strike_R","Defend_R","Defend_R","Defend_R","Defend_R","Bash","Anger+1","Shockwave+1","Sword Boomerang","Shrug It Off+1","Ghostly Armor","Shrug It Off+1","Ghostly Armor","Immolate+1","Shrug It Off","Rage+1","Dropkick","Feed","True Grit+1","Headbutt","Shockwave"],"special_seed":0,"relics":["Burning Blood","Golden Idol","Pear","Happy Flower","Empty Cage","Regal Pillow","Ginger","Red Skull","PreservedInsect"],"potions_floor_usage":[16,16,16,16,21,22,25],"damage_taken":[{"damage":10.0,"enemies":"2 Louse","floor":1.0,"turns":4.0},{"damage":2.0,"enemies":"Jaw Worm","floor":4.0,"turns":3.0},{"damage":19,"enemies":"Gremlin Nob","floor":7,"turns":4},{"damage":40,"enemies":"3 Sentries","floor":10,"turns":10},{"damage":3,"enemies":"Small Slimes","floor":11,"turns":4},{"damage":3,"enemies":"Looter","floor":13,"turns":4},{"damage":3,"enemies":"Lots of Slimes","floor":14,"turns":5},{"damage":20,"enemies":"Slime Boss","floor":16,"turns":11},{"damage":37,"enemies":"Shell Parasite","floor":18,"turns":10},{"damage":7,"enemies":"3 Byrds","floor":20,"turns":7},{"damage":19,"enemies":"Snake Plant","floor":21,"turns":6},{"damage":0,"enemies":"Centurion and Healer","floor":22,"turns":8},{"damage":0,"enemies":"Book of Stabbing","floor":25,"turns":7},{"damage":2,"enemies":"3 Cultists","floor":27,"turns":6},{"damage":15,"enemies":"Gremlin Leader","floor":28,"turns":9},{"damage":10,"enemies":"Cultist and Chosen","floor":29,"turns":6},{"damage":6,"enemies":"Centurion and Healer","floor":31,"turns":8},{"damage":133,"enemies":"Automaton","floor":33,"turns":12}],"seed_played":"-7457137031502619743","potions_obtained":[{"floor":1.0,"key":"Swift Potion"},{"floor":11,"key":"EntropicBrew"},{"floor":14,"key":"Regen Potion"},{"floor":16,"key":"GamblersBrew"},{"floor":20,"key":"PowerPotion"},{"floor":21,"key":"AttackPotion"},{"floor":29,"key":"Fire Potion"}],"is_trial":false,"path_per_floor":["M","?","?","M","?","R","E","R","T","E","M","R","M","M","R","B",null,"M","$","M","M","M","R","?","E","T","M","E","M","R","M","R","B"],"character_chosen":"IRONCLAD","items_purchased":["Regal Pillow"],"campfire_rested":1,"item_purchase_floors":[19],"current_hp_per_floor":[78,78,78,81,86,86,83,83,83,49,52,52,55,58,58,59,87,56,56,55,42,48,91,91,96,96,99,90,89,89,92,92,0],"gold":249,"neow_bonus":"TWENTY_PERCENT_HP_BONUS","is_prod":false,"is_daily":false,"chose_seed":false,"campfire_upgraded":6,"win_rate":0,"timestamp":1558252680,"path_taken":["M","?","?","M","?","R","E","R","T","E","M","R","M","M","R","BOSS","M","$","M","M","M","R","?","E","T","M","E","M","R","?","R","BOSS"],"build_version":"2019-05-07","purchased_purges":1,"victory":false,"max_hp_per_floor":[89,89,81,81,86,86,96,96,96,96,96,96,96,96,96,96,96,96,96,96,96,96,96,96,96,96,99,99,102,102,105,105,105],"card_choices":[{"not_picked":["Metallicize","Bloodletting"],"picked":"Anger","floor":1.0},{"not_picked":["Flex","Headbutt"],"picked":"Shockwave","floor":4.0},{"not_picked":["Bloodletting","Sword Boomerang","Anger"],"picked":"SKIP","floor":7},{"not_picked":["Bloodletting","Anger"],"picked":"Sword Boomerang","floor":7},{"not_picked":["Twin Strike","Bloodletting"],"picked":"Shrug It Off","floor":10},{"not_picked":["Bloodletting","Warcry"],"picked":"Ghostly Armor","floor":11},{"not_picked":["Ghostly Armor","Corruption"],"picked":"Shrug It Off","floor":13},{"not_picked":["Twin Strike","Seeing Red"],"picked":"Ghostly Armor","floor":14},{"not_picked":["Reaper","Limit Break"],"picked":"Immolate","floor":16},{"not_picked":["Perfected Strike","Anger","Thunderclap"],"picked":"SKIP","floor":18},{"not_picked":["Sentinel","Armaments"],"picked":"Shrug It Off","floor":20},{"not_picked":["Dual Wield+1","Double Tap"],"picked":"Rage","floor":21},{"not_picked":["Wild Strike","Intimidate"],"picked":"Dropkick","floor":22},{"not_picked":["Iron Wave","Armaments"],"picked":"Feed","floor":25},{"not_picked":["Flex","Bloodletting","Rampage+1"],"picked":"SKIP","floor":27},{"not_picked":["Clothesline","Clash+1"],"picked":"True Grit","floor":28},{"not_picked":["Sword Boomerang","Armaments"],"picked":"Headbutt","floor":29},{"not_picked":["Clothesline","Thunderclap"],"picked":"Shockwave","floor":31}],"player_experience":3286497,"relics_obtained":[{"floor":7,"key":"Pear"},{"floor":10,"key":"Happy Flower"},{"floor":25,"key":"Ginger"},{"floor":26,"key":"Red Skull"},{"floor":28,"key":"PreservedInsect"}],"event_choices":[{"damage_healed":0.0,"max_hp_gain":0.0,"max_hp_loss":0.0,"gold_gain":0.0,"event_name":"The Cleric","player_choice":"Leave","floor":2.0,"gold_loss":0.0,"damage_taken":0.0},{"damage_healed":0.0,"max_hp_gain":0.0,"max_hp_loss":8.0,"gold_gain":0.0,"event_name":"Golden Idol","player_choice":"Lose Max HP","floor":3.0,"gold_loss":0.0,"damage_taken":0.0,"relics_obtained":["Golden Idol"]},{"damage_healed":0.0,"max_hp_gain":5.0,"max_hp_loss":0.0,"gold_gain":0.0,"event_name":"Big Fish","player_choice":"Donut","floor":5.0,"gold_loss":0.0,"damage_taken":0.0},{"damage_healed":0,"gold_gain":0,"player_choice":"Upgraded","damage_taken":0,"max_hp_gain":0,"max_hp_loss":0,"event_name":"Upgrade Shrine","floor":24,"gold_loss":0,"cards_upgraded":["Rage"]}],"is_beta":true,"boss_relics":[{"not_picked":["Eternal Feather","Runic Dome"],"picked":"Empty Cage"}],"items_purged_floors":[19],"is_endless":false,"potions_floor_spawned":[1,11,14,16,20,21,29],"killed_by":"Automaton","ascension_level":17}