{"gold_per_floor":[11,28,28,44,44,44,44,63,87,87,137,137,170,194,194,194],"floor_reached":16,"playtime":567,"items_purged":[],"score":185,"play_id":"429e1d4e-f5b4-4b65-a448-abb988c9a4ed","local_time":"20190413181004","is_ascension_mode":true,"campfire_choices":[{"data":"Blind","floor":6.0,"key":"SMITH"},{"data":"White Noise","floor":10.0,"key":"SMITH"},{"data":"Streamline","floor":12,"key":"SMITH"},{"floor":15,"key":"REST"}],"neow_cost":"NO_GOLD","seed_source_timestamp":94479420674407,"circlet_count":0,"master_deck":["AscendersBane","Strike_B","Strike_B","Strike_B","Strike_B","Defend_B","Defend_B","Defend_B","Defend_B","Zap+1","Dualcast","Flash of Steel","Blind+1","White Noise+1","Genetic Algorithm","Self Repair","Streamline+1","Cold Snap","Loop"],"special_seed":0,"relics":["Cracked Core","Golden Idol","Blood Vial","Pen Nib"],"potions_floor_usage":[14],"damage_taken":[{"damage":12.0,"enemies":"2 Louse","floor":1.0,"turns":3.0},{"damage":0.0,"enemies":"Small Slimes","floor":2.0,"turns":3.0},{"damage":0.0,"enemies":"Cultist","floor":4.0,"turns":3.0},{"damage":6.0,"enemies":"Exordium Wildlife","floor":8.0,"turns":3.0},{"damage":39,"enemies":"Lagavulin","floor":13,"turns":7},{"damage":18,"enemies":"Large Slime","floor":14,"turns":7},{"damage":42,"enemies":"Slime Boss","floor":16,"turns":7}],"seed_played":"-7574171100561674688","potions_obtained":[{"floor":2.0,"key":"SneckoOil"},{"floor":4.0,"key":"Energy Potion"}],"is_trial":false,"path_per_floor":["M","M","?","M","?","R","?","M","T","R","?","R","E","M","R","B"],"character_chosen":"DEFECT","items_purchased":[],"campfire_rested":1,"item_purchase_floors":[],"current_hp_per_floor":[52,52,52,52,52,52,52,53,53,53,47,47,17,8,27,0],"gold":194,"neow_bonus":"RANDOM_COLORLESS_2","is_prod":false,"is_daily":false,"chose_seed":false,"campfire_upgraded":3,"win_rate":0,"timestamp":1555146604,"path_taken":["M","M","?","M","?","R","?","M","T","R","?","R","E","M","R","BOSS"],"build_version":"2019-04-04","purchased_purges":0,"victory":false,"max_hp_per_floor":[71,71,71,71,64,64,64,64,64,64,64,64,64,64,64,64],"card_choices":[{"not_picked":["Conserve Battery","Coolheaded"],"picked":"White Noise","floor":1.0},{"not_picked":["Ball Lightning","Steam"],"picked":"Genetic Algorithm","floor":2.0},{"not_picked":["Rebound","Compile Driver"],"picked":"Self Repair","floor":4.0},{"not_picked":["Multi-Cast","Hello World"],"picked":"Streamline","floor":8.0},{"not_picked":["Turbo","Barrage"],"picked":"Cold Snap","floor":13},{"not_picked":["Rebound","Go for the Eyes"],"picked":"Loop","floor":14}],"player_experience":2928180,"relics_obtained":[{"floor":9.0,"key":"Blood Vial"},{"floor":13,"key":"Pen Nib"}],"event_choices":[{"damage_healed":0.0,"max_hp_gain":0.0,"max_hp_loss":0.0,"gold_gain":0.0,"event_name":"The Cleric","player_choice":"Leave","floor":3.0,"gold_loss":0.0,"damage_taken":0.0},{"damage_healed":0.0,"max_hp_gain":0.0,"max_hp_loss":7.0,"gold_gain":0.0,"event_name":"Golden Idol","player_choice":"Lose Max HP","floor":5.0,"gold_loss":0.0,"damage_taken":0.0,"relics_obtained":["Golden Idol"]},{"damage_healed":0.0,"max_hp_gain":0.0,"max_hp_loss":0.0,"gold_gain":0.0,"event_name":"Living Wall","player_choice":"Grow","floor":7.0,"gold_loss":0.0,"damage_taken":0.0,"cards_upgraded":["Zap"]},{"damage_healed":0,"gold_gain":50,"player_choice":"Touch","damage_taken":6,"max_hp_gain":0,"max_hp_loss":0,"event_name":"FaceTrader","floor":11,"gold_loss":0}],"is_beta":true,"boss_relics":[],"items_purged_floors":[],"is_endless":false,"potions_floor_spawned":[2,4],"killed_by":"Slime Boss","ascension_level":17}