{"gold_per_floor":[119,294,294,309,322,352,352,382,461,461],"floor_reached":10,"playtime":296,"items_purged":[],"score":122,"play_id":"d4f9a066-d300-4190-a5f6-8f6d0f9c474a","local_time":"20190502173211","is_ascension_mode":true,"campfire_choices":[{"floor":7,"key":"DIG"}],"neow_cost":"NONE","seed_source_timestamp":1814651500061234,"circlet_count":0,"master_deck":["AscendersBane","Strike_R","Strike_R","Strike_R","Strike_R","Strike_R","Defend_R","Defend_R","Defend_R","Defend_R","Bash","Flame Barrier","Doubt","Armaments","Inflame","Intimidate","Shockwave"],"relics":["Burning Blood","NeowsBlessing","Shovel","Blood Vial","The Courier","Darkstone Periapt"],"potions_floor_usage":[6,6],"damage_taken":[{"damage":0,"enemies":"Cultist","floor":1,"turns":1},{"damage":0,"enemies":"Jaw Worm","floor":4,"turns":1},{"damage":0,"enemies":"2 Louse","floor":5,"turns":1},{"damage":35,"enemies":"Gremlin Nob","floor":6,"turns":6},{"damage":47,"enemies":"Lagavulin","floor":8,"turns":8},{"damage":0,"enemies":"Looter","floor":10,"turns":1}],"seed_played":"-1527243206380918053","potions_obtained":[{"floor":1,"key":"Block Potion"},{"floor":3,"key":"Regen Potion"},{"floor":8,"key":"SkillPotion"}],"is_trial":false,"path_per_floor":["M","?","?","M","M","E","R","E","T","M"],"character_chosen":"IRONCLAD","items_purchased":[],"campfire_rested":0,"item_purchase_floors":[],"current_hp_per_floor":[78,78,78,80,80,60,60,21,21,23],"gold":461,"neow_bonus":"THREE_ENEMY_KILL","is_prod":false,"is_daily":false,"chose_seed":false,"campfire_upgraded":0,"win_rate":0,"timestamp":1556807531,"path_taken":["M","?","?","M","?","E","R","E","T","M"],"build_version":"2019-01-23","purchased_purges":0,"victory":false,"max_hp_per_floor":[80,80,80,80,80,80,80,80,80,80],"card_choices":[{"not_picked":["Twin Strike","Searing Blow"],"picked":"Flame Barrier","floor":1},{"not_picked":["Shrug It Off","Dropkick"],"picked":"Armaments","floor":4},{"not_picked":["Rupture","Warcry"],"picked":"Inflame","floor":5},{"not_picked":["Thunderclap","Flex"],"picked":"Intimidate","floor":6},{"not_picked":["Thunderclap","Flame Barrier"],"picked":"Shockwave","floor":8}],"player_experience":1295658,"relics_obtained":[{"floor":6,"key":"Shovel"},{"floor":7,"key":"Blood Vial"},{"floor":8,"key":"The Courier"},{"floor":9,"key":"Darkstone Periapt"}],"event_choices":[{"damage_healed":0,"gold_gain":175,"player_choice":"AGREE","damage_taken":0,"max_hp_gain":0,"max_hp_loss":0,"event_name":"Liars Game","floor":2,"gold_loss":0,"cards_obtained":["Doubt"]},{"damage_healed":0,"gold_gain":0,"player_choice":"Got Potions","damage_taken":0,"max_hp_gain":0,"max_hp_loss":0,"event_name":"Lab","floor":3,"gold_loss":0}],"is_beta":false,"boss_relics":[],"items_purged_floors":[],"is_endless":false,"potions_floor_spawned":[1,8],"killed_by":"Looter","ascension_level":12}