{"gold_per_floor":[114,44,60,70,30,64,64,64,88,99,99,127,141,151,151,253,253,270,48,60,74,94,94,107,107,107,137,149,174,174,204,204,204],"floor_reached":33,"playtime":2313,"items_purged":[],"score":488,"play_id":"2175679e-9712-4d22-9852-7523423f56c5","local_time":"20190128224618","is_ascension_mode":true,"campfire_choices":[{"data":"Zap","floor":7.0,"key":"SMITH"},{"data":"Dualcast","floor":11.0,"key":"SMITH"},{"floor":15.0,"key":"REST"},{"floor":23.0,"key":"REST"},{"floor":25.0,"key":"REST"},{"floor":30.0,"key":"REST"},{"floor":32.0,"key":"REST"}],"neow_cost":"NONE","seed_source_timestamp":1581877878833478,"circlet_count":0,"master_deck":["Strike_B","Strike_B","Strike_B","Strike_B","Defend_B","Defend_B","Defend_B","Defend_B","Zap+1","Dualcast+1","All For One","Turbo","Defragment","Hologram","White Noise","Doom and Gloom","Seek","Conserve Battery","Genetic Algorithm","Defragment","Coolheaded","Electrodynamics","FTL","Gash","Beam Cell","Auto Shields+1","Scrape","Force Field+1","Gash","Go for the Eyes","Double Energy+1","Rebound","Stack","Scrape+1","Biased Cognition","Doom and Gloom+1"],"special_seed":0,"relics":["Cracked Core","Smiling Mask","Vajra","Dream Catcher","Nuclear Battery","DataDisk","Darkstone Periapt","PreservedInsect","Strawberry","Mercury Hourglass"],"potions_floor_usage":[],"damage_taken":[{"damage":0.0,"enemies":"Cultist","floor":1.0,"turns":3.0},{"damage":0.0,"enemies":"2 Louse","floor":3.0,"turns":3.0},{"damage":2.0,"enemies":"Jaw Worm","floor":4.0,"turns":3.0},{"damage":18.0,"enemies":"Gremlin Nob","floor":6.0,"turns":3.0},{"damage":1.0,"enemies":"Exordium Thugs","floor":10.0,"turns":3.0},{"damage":18.0,"enemies":"3 Sentries","floor":12.0,"turns":5.0},{"damage":14.0,"enemies":"Exordium Wildlife","floor":13.0,"turns":3.0},{"damage":0.0,"enemies":"Gremlin Gang","floor":14.0,"turns":2.0},{"damage":33.0,"enemies":"Slime Boss","floor":16.0,"turns":5.0},{"damage":25.0,"enemies":"2 Thieves","floor":18.0,"turns":4.0},{"damage":0.0,"enemies":"3 Byrds","floor":20.0,"turns":2.0},{"damage":7.0,"enemies":"Centurion and Healer","floor":21.0,"turns":4.0},{"damage":15.0,"enemies":"Snecko","floor":22.0,"turns":5.0},{"damage":0.0,"enemies":"Sentry and Sphere","floor":24.0,"turns":3.0},{"damage":39.0,"enemies":"Slavers","floor":27.0,"turns":4.0},{"damage":14.0,"enemies":"Shelled Parasite and Fungi","floor":28.0,"turns":4.0},{"damage":4.0,"enemies":"Gremlin Leader","floor":29.0,"turns":5.0},{"damage":10.0,"enemies":"Book of Stabbing","floor":31.0,"turns":3.0},{"damage":71,"enemies":"Collector","floor":33,"turns":7}],"seed_played":"2336355369801990604","potions_obtained":[{"floor":3.0,"key":"SkillPotion"},{"floor":6.0,"key":"AttackPotion"},{"floor":12.0,"key":"Explosive Potion"},{"floor":13.0,"key":"Swift Potion"},{"floor":18.0,"key":"SkillPotion"},{"floor":22.0,"key":"Strength Potion"},{"floor":27.0,"key":"Block Potion"},{"floor":28.0,"key":"FearPotion"}],"is_trial":false,"path_per_floor":["M","$","M","M","$","E","R","?","T","M","R","E","M","M","R","B",null,"M","$","M","M","M","R","M","R","T","E","M","E","R","E","R","B"],"character_chosen":"DEFECT","items_purchased":["Defragment","Doom and Gloom","DataDisk","Gash","Beam Cell"],"campfire_rested":5,"item_purchase_floors":[2,5,19,19,19],"current_hp_per_floor":[68,68,68,66,66,48,48,53,53,52,52,34,20,20,44,11,63,38,38,38,31,16,40,40,64,64,25,11,14,40,30,56,0],"gold":204,"neow_bonus":"ONE_RANDOM_RARE_CARD","is_prod":false,"is_daily":false,"chose_seed":false,"campfire_upgraded":2,"win_rate":0,"timestamp":1548683178,"path_taken":["M","$","M","M","$","E","R","?","T","M","R","E","M","M","R","BOSS","M","$","M","M","M","R","M","R","T","E","M","E","R","E","R","BOSS"],"build_version":"2019-01-23","purchased_purges":0,"victory":false,"max_hp_per_floor":[75,75,75,75,75,75,75,80,80,80,80,80,80,80,80,80,80,80,80,80,80,80,80,80,80,80,80,80,87,87,87,87,87],"card_choices":[{"not_picked":["Coolheaded","Heatsinks"],"picked":"Turbo","floor":1.0},{"not_picked":["Barrage","Stack"],"picked":"Hologram","floor":3.0},{"not_picked":["Turbo","Hologram"],"picked":"White Noise","floor":4.0},{"not_picked":["Compile Driver","Fusion"],"picked":"Seek","floor":6.0},{"not_picked":["Coolheaded","Sweeping Beam"],"picked":"Conserve Battery","floor":10.0},{"not_picked":["Stack","Melter"],"picked":"Genetic Algorithm","floor":12.0},{"not_picked":["Consume","Hologram","Rebound"],"picked":"SKIP","floor":13.0},{"not_picked":["Buffer","Barrage"],"picked":"Defragment","floor":14.0},{"not_picked":["Static Discharge","Scrape"],"picked":"Coolheaded","floor":15.0},{"not_picked":["Hyperbeam","Multi-Cast"],"picked":"Electrodynamics","floor":16.0},{"not_picked":["Hologram","Beam Cell"],"picked":"FTL","floor":18.0},{"not_picked":["Ball Lightning","FTL"],"picked":"Auto Shields+1","floor":20.0},{"not_picked":["Conserve Battery","Gash"],"picked":"Scrape","floor":21.0},{"not_picked":["Rebound+1","Sweeping Beam+1"],"picked":"Force Field+1","floor":22.0},{"not_picked":["Storm+1","Beam Cell"],"picked":"Gash","floor":23.0},{"not_picked":["Machine Learning","Ball Lightning"],"picked":"Go for the Eyes","floor":24.0},{"not_picked":["Tempest","Coolheaded"],"picked":"Double Energy+1","floor":27.0},{"not_picked":["Compile Driver","Redo"],"picked":"Rebound","floor":28.0},{"not_picked":["Hello World","Fusion"],"picked":"Stack","floor":29.0},{"not_picked":["Turbo","Lockon"],"picked":"Scrape+1","floor":30.0},{"not_picked":["Stack","Steam"],"picked":"Biased Cognition","floor":31.0},{"not_picked":["Hologram+1","Leap+1"],"picked":"Doom and Gloom+1","floor":32.0}],"player_experience":462523,"relics_obtained":[{"floor":6.0,"key":"Smiling Mask"},{"floor":9.0,"key":"Vajra"},{"floor":12.0,"key":"Dream Catcher"},{"floor":26.0,"key":"Darkstone Periapt"},{"floor":27.0,"key":"PreservedInsect"},{"floor":29.0,"key":"Strawberry"},{"floor":31.0,"key":"Mercury Hourglass"}],"event_choices":[{"damage_healed":0.0,"max_hp_gain":5.0,"max_hp_loss":0.0,"gold_gain":0.0,"event_name":"Big Fish","player_choice":"Donut","floor":8.0,"gold_loss":0.0,"damage_taken":0.0}],"is_beta":false,"boss_relics":[{"not_picked":["Eternal Feather","Coffee Dripper"],"picked":"Nuclear Battery"}],"items_purged_floors":[],"is_endless":false,"potions_floor_spawned":[3,6,12,13,18,22,27,28],"killed_by":"Collector","ascension_level":9}