{"gold_per_floor":[112,130,150,150,164,164,191,210,233,243,38,97,97,128,128,199,199,218,218,218,228,248,277,0,0,0,0,29,44,63,76,76,153,153,166,266,266,281,281,281,281],"floor_reached":41,"playtime":2791,"items_purged":["Strike_G"],"score":866,"play_id":"55f6a764-4971-43f5-bf80-e80860410f56","local_time":"20190530225312","is_ascension_mode":true,"campfire_choices":[{"data":"Crippling Poison","floor":6,"key":"SMITH"},{"floor":13,"key":"REST"},{"data":"Footwork","floor":15,"key":"SMITH"},{"floor":25,"key":"REST"},{"floor":27,"key":"REST"},{"data":"A Thousand Cuts","floor":32,"key":"SMITH"},{"floor":40,"key":"REST"}],"neow_cost":"NONE","seed_source_timestamp":354894545456843,"circlet_count":0,"master_deck":["AscendersBane","Defend_G","Defend_G","Defend_G","Defend_G","Defend_G","Strike_G","Strike_G","Survivor","Neutralize","Deadly Poison","Crippling Poison+1","Dodge and Roll","A Thousand Cuts+1","Escape Plan","Footwork+1","Poisoned Stab","Corpse Explosion","Dodge and Roll","Writhe","Deadly Poison+1","Footwork+1","Well Laid Plans","Deflect","Die Die Die","Deflect"],"relics":["Ring of the Snake","PreservedInsect","Ornamental Fan","Strawberry","Boot","Dream Catcher","Lizard Tail","Sundial","Matryoshka","DollysMirror","Bronze Scales","Du-Vu Doll","Anchor","Philosopher\u0027s Stone","Girya","Shovel"],"potions_floor_usage":[7,12,16,16,23,33,33,41],"damage_taken":[{"damage":1,"enemies":"2 Louse","floor":1,"turns":5},{"damage":7,"enemies":"Cultist","floor":2,"turns":4},{"damage":1,"enemies":"Jaw Worm","floor":3,"turns":4},{"damage":4,"enemies":"2 Fungi Beasts","floor":5,"turns":4},{"damage":4,"enemies":"Lagavulin","floor":7,"turns":5},{"damage":27,"enemies":"Exordium Wildlife","floor":8,"turns":9},{"damage":0,"enemies":"Gremlin Gang","floor":10,"turns":4},{"damage":8,"enemies":"3 Sentries","floor":12,"turns":7},{"damage":19,"enemies":"3 Sentries","floor":14,"turns":11},{"damage":16,"enemies":"The Guardian","floor":16,"turns":12},{"damage":0,"enemies":"3 Byrds","floor":18,"turns":2},{"damage":14,"enemies":"Spheric Guardian","floor":21,"turns":7},{"damage":24,"enemies":"Snake Plant","floor":22,"turns":5},{"damage":21,"enemies":"Slavers","floor":23,"turns":6},{"damage":13,"enemies":"Book of Stabbing","floor":28,"turns":6},{"damage":25,"enemies":"Snecko","floor":29,"turns":6},{"damage":18,"enemies":"Sentry and Sphere","floor":30,"turns":9},{"damage":3,"enemies":"Centurion and Healer","floor":31,"turns":6},{"damage":26,"enemies":"Automaton","floor":33,"turns":14},{"damage":18,"enemies":"3 Darklings","floor":35,"turns":4},{"damage":1,"enemies":"Mind Bloom Boss Battle","floor":36,"turns":8},{"damage":7,"enemies":"Orb Walker","floor":38,"turns":4},{"damage":71,"enemies":"Giant Head","floor":41,"turns":9}],"seed_played":"7149633642258756718","potions_obtained":[{"floor":3,"key":"Fruit Juice"},{"floor":7,"key":"SpeedPotion"},{"floor":10,"key":"Block Potion"},{"floor":14,"key":"GamblersBrew"},{"floor":16,"key":"SteroidPotion"},{"floor":21,"key":"Fire Potion"},{"floor":31,"key":"GhostInAJar"},{"floor":38,"key":"Swift Potion"}],"is_trial":false,"path_per_floor":["M","M","M","?","M","R","E","M","T","M","$","?","R","E","R","B",null,"M","?","?","M","M","E","$","R","T","R","E","M","M","M","R","B",null,"M","?","?","M","?","R","E"],"character_chosen":"THE_SILENT","items_purchased":["Footwork","Poisoned Stab","DollysMirror","Swift Potion"],"campfire_rested":4,"item_purchase_floors":[11,11,24,24],"current_hp_per_floor":[58,51,50,50,46,46,47,20,27,27,27,19,42,23,23,7,60,60,60,60,46,22,1,1,24,24,47,34,9,36,33,33,7,60,42,41,41,34,34,57,0],"gold":281,"neow_bonus":"RANDOM_COMMON_RELIC","is_prod":false,"is_daily":false,"chose_seed":false,"campfire_upgraded":3,"win_rate":0,"timestamp":1559249592,"path_taken":["M","M","M","?","M","R","E","M","T","?","$","?","R","E","R","BOSS","M","?","?","M","M","E","$","R","T","R","E","M","M","?","R","BOSS","M","?","?","?","?","R","E"],"build_version":"2019-01-23","purchased_purges":1,"victory":false,"max_hp_per_floor":[66,66,66,66,66,66,71,71,78,78,78,78,78,78,78,78,78,78,78,78,78,78,78,78,78,78,78,78,78,78,78,78,78,78,78,78,78,78,78,78,78],"card_choices":[{"not_picked":["Quick Slash","Outmaneuver"],"picked":"Deadly Poison","floor":1},{"not_picked":["Quick Slash","Underhanded Strike"],"picked":"Crippling Poison","floor":2},{"not_picked":["Prepared","Quick Slash"],"picked":"Dodge and Roll","floor":3},{"not_picked":["Deflect","Acrobatics"],"picked":"Flying Knee","floor":5},{"not_picked":["Blur","Distraction"],"picked":"A Thousand Cuts","floor":7},{"not_picked":["Choke","Catalyst"],"picked":"Escape Plan","floor":8},{"not_picked":["Terror","Heel Hook","Prepared"],"picked":"SKIP","floor":10},{"not_picked":["Outmaneuver","Slice","Endless Agony"],"picked":"SKIP","floor":14},{"not_picked":["Doppelganger","Malaise"],"picked":"Corpse Explosion","floor":16},{"not_picked":["Reflex","Sucker Punch"],"picked":"Dodge and Roll","floor":18},{"not_picked":["Deflect","Dagger Spray","Underhanded Strike"],"picked":"SKIP","floor":21},{"not_picked":["Prepared","Deflect"],"picked":"Deadly Poison+1","floor":22},{"not_picked":["Dodge and Roll","Storm of Steel","Sucker Punch"],"picked":"SKIP","floor":23},{"not_picked":["Distraction","Quick Slash"],"picked":"Well Laid Plans","floor":25},{"not_picked":["Backstab","Dodge and Roll","Dagger Spray"],"picked":"SKIP","floor":28},{"not_picked":["Terror","Quick Slash"],"picked":"Deflect","floor":29},{"not_picked":["Quick Slash","Acrobatics","Cloak And Dagger"],"picked":"SKIP","floor":30},{"not_picked":["Poisoned Stab","Bane","Sucker Punch"],"picked":"SKIP","floor":31},{"not_picked":["Corpse Explosion","Malaise"],"picked":"Die Die Die","floor":33},{"not_picked":["Dagger Spray+1","Quick Slash+1","Masterful Stab"],"picked":"SKIP","floor":35},{"not_picked":["Dagger Throw","Flying Knee+1","Bane"],"picked":"SKIP","floor":38},{"not_picked":["Blade Dance","Prepared"],"picked":"Deflect","floor":40}],"player_experience":636909,"relics_obtained":[{"floor":7,"key":"Ornamental Fan"},{"floor":9,"key":"Strawberry"},{"floor":12,"key":"Boot"},{"floor":14,"key":"Dream Catcher"},{"floor":23,"key":"Matryoshka"},{"floor":26,"key":"Bronze Scales"},{"floor":26,"key":"Du-Vu Doll"},{"floor":28,"key":"Anchor"},{"floor":36,"key":"Girya"}],"event_choices":[{"cards_removed":["Strike_G"],"damage_healed":0,"gold_gain":0,"player_choice":"Purged","damage_taken":0,"max_hp_gain":0,"max_hp_loss":0,"event_name":"Purifier","floor":4,"gold_loss":0},{"damage_healed":0,"gold_gain":0,"player_choice":"Searched \u00271\u0027 times","damage_taken":0,"max_hp_gain":0,"max_hp_loss":0,"event_name":"Dead Adventurer","floor":12,"gold_loss":0},{"damage_healed":0,"gold_gain":0,"player_choice":"Opened","damage_taken":0,"relics_obtained":["Sundial"],"max_hp_gain":0,"max_hp_loss":0,"event_name":"The Mausoleum","floor":19,"gold_loss":0,"cards_obtained":["Writhe"]},{"cards_removed":["Strike_G"],"damage_healed":0,"gold_gain":0,"player_choice":"Offered Basic","damage_taken":0,"max_hp_gain":0,"max_hp_loss":0,"event_name":"Bonfire Elementals","floor":20,"gold_loss":0},{"damage_healed":0,"gold_gain":0,"player_choice":"Fight","damage_taken":0,"max_hp_gain":0,"max_hp_loss":0,"event_name":"MindBloom","floor":36,"gold_loss":0},{"cards_removed":["Flying Knee"],"damage_healed":0,"gold_gain":0,"player_choice":"Gave Card","damage_taken":0,"relics_obtained":["Shovel"],"max_hp_gain":0,"max_hp_loss":0,"event_name":"WeMeetAgain","floor":37,"gold_loss":0},{"damage_healed":0,"gold_gain":0,"player_choice":"Ignored","damage_taken":0,"max_hp_gain":0,"max_hp_loss":0,"event_name":"SecretPortal","floor":39,"gold_loss":0}],"is_beta":false,"boss_relics":[{"not_picked":["Busted Crown","Tiny House"],"picked":"Lizard Tail"},{"not_picked":["Pandora\u0027s Box","HoveringKite"],"picked":"Philosopher\u0027s Stone"}],"items_purged_floors":[11],"is_endless":false,"potions_floor_spawned":[3,7,10,14,16,21,22,29,31,38],"killed_by":"Giant Head","ascension_level":17}