{"gold_per_floor":[363,343,357,432,108,108,120,120,120,120,64,120,132,57,57,132,132,147,147],"floor_reached":19,"playtime":881,"items_purged":["Doubt"],"score":314,"play_id":"8bcecacf-558c-4c61-8b76-90ba148ce9f7","local_time":"20190527084354","is_ascension_mode":true,"campfire_choices":[{"data":"Cloak And Dagger","floor":6.0,"key":"SMITH"},{"data":"Burst","floor":8.0,"key":"SMITH"},{"data":"Neutralize","floor":10.0,"key":"SMITH"},{"data":"A Thousand Cuts","floor":15.0,"key":"SMITH"}],"neow_cost":"CURSE","seed_source_timestamp":692951019323253,"circlet_count":0,"master_deck":["AscendersBane","Strike_G","Strike_G","Strike_G","Strike_G","Defend_G","Defend_G","Defend_G","Defend_G","Defend_G","Survivor","Neutralize+1","Cloak And Dagger+1","Well Laid Plans","Burst+1","PiercingWail","A Thousand Cuts+1","Burst","Blur"],"special_seed":0,"relics":["Ring of the Snake","Bag of Preparation","Ninja Scroll","Tiny Chest","White Beast Statue"],"potions_floor_usage":[],"damage_taken":[{"damage":7.0,"enemies":"2 Louse","floor":1.0,"turns":4.0},{"damage":4.0,"enemies":"Cultist","floor":3.0,"turns":4.0},{"damage":1.0,"enemies":"Jaw Worm","floor":7.0,"turns":5.0},{"damage":6.0,"enemies":"3 Sentries","floor":12.0,"turns":5.0},{"damage":0.0,"enemies":"2 Fungi Beasts","floor":13.0,"turns":2.0},{"damage":28.0,"enemies":"Hexaghost","floor":16.0,"turns":16.0},{"damage":34.0,"enemies":"Shell Parasite","floor":18.0,"turns":10.0},{"damage":13,"enemies":"Chosen","floor":19,"turns":5}],"seed_played":"6519944554950185900","potions_obtained":[{"floor":1.0,"key":"AttackPotion"},{"floor":2.0,"key":"Ancient Potion"},{"floor":18.0,"key":"SpeedPotion"}],"is_trial":false,"path_per_floor":["M","?","M","?","$","R","M","R","T","R","$","E","M","?","R","B",null,"M","M"],"character_chosen":"THE_SILENT","items_purchased":["Bag of Preparation","Burst","Strength Potion"],"campfire_rested":0,"item_purchase_floors":[5,5,11],"current_hp_per_floor":[52,52,48,37,37,37,36,36,36,36,36,30,30,30,30,2,50,16,3],"gold":147,"neow_bonus":"TWO_FIFTY_GOLD","is_prod":false,"is_daily":false,"chose_seed":false,"campfire_upgraded":4,"win_rate":0,"timestamp":1558914234,"path_taken":["M","?","?","?","$","R","M","R","T","R","$","E","M","?","R","BOSS","M","M"],"build_version":"2019-05-24v2","purchased_purges":1,"victory":false,"max_hp_per_floor":[66,66,66,66,66,66,66,66,66,66,66,66,66,66,66,66,66,66,66],"card_choices":[{"not_picked":["Outmaneuver","Escape Plan"],"picked":"Cloak And Dagger","floor":1.0},{"not_picked":["Deadly Poison","Slice"],"picked":"Well Laid Plans","floor":3.0},{"not_picked":["Blade Dance","Flying Knee"],"picked":"PiercingWail","floor":7.0},{"not_picked":["Outmaneuver","Cloak And Dagger"],"picked":"A Thousand Cuts","floor":12.0},{"not_picked":["Poisoned Stab","Catalyst","Outmaneuver"],"picked":"SKIP","floor":13.0},{"not_picked":["Unload","Storm of Steel"],"picked":"Burst","floor":16.0},{"not_picked":["Prepared","Reflex"],"picked":"Blur","floor":18.0}],"player_experience":3349501,"relics_obtained":[{"floor":9.0,"key":"Ninja Scroll"},{"floor":12.0,"key":"Tiny Chest"}],"event_choices":[{"damage_healed":0.0,"max_hp_gain":0.0,"max_hp_loss":0.0,"gold_gain":0.0,"event_name":"The Woman in Blue","player_choice":"Bought 1 Potion","floor":2.0,"gold_loss":0.0,"damage_taken":0.0},{"damage_healed":0.0,"max_hp_gain":0.0,"max_hp_loss":0.0,"gold_gain":75.0,"event_name":"World of Goop","player_choice":"Gather Gold","floor":4.0,"gold_loss":0.0,"damage_taken":11.0},{"cards_removed":["Strike_G"],"damage_healed":0.0,"max_hp_gain":0.0,"max_hp_loss":0.0,"gold_gain":0.0,"event_name":"The Cleric","player_choice":"Card Removal","floor":14.0,"gold_loss":75.0,"damage_taken":0.0}],"is_beta":true,"boss_relics":[{"not_picked":["Orrery","Tiny House"],"picked":"White Beast Statue"}],"items_purged_floors":[5],"is_endless":false,"potions_floor_spawned":[1,7,18],"killed_by":"Chosen","ascension_level":18}