{"gold_per_floor":[114,127,127,127,9,9,43,43,43,54,54,70,70,81,81,156,156,174,24,36,36],"floor_reached":21,"playtime":776,"items_purged":[],"score":304,"play_id":"5fe87cde-cc2f-42ec-8667-85d072c5e449","local_time":"20190531194152","is_ascension_mode":true,"campfire_choices":[{"floor":6,"key":"REST"},{"floor":8,"key":"REST"},{"data":"Creative AI","floor":13,"key":"SMITH"},{"data":"Static Discharge","floor":15,"key":"SMITH"}],"neow_cost":"NONE","seed_source_timestamp":431832174272461,"circlet_count":0,"master_deck":["AscendersBane","Strike_B","Strike_B","Strike_B","Defend_B","Defend_B","Defend_B","Defend_B","Zap","Dualcast","Static Discharge","Go for the Eyes","Ball Lightning","Static Discharge+1","Creative AI+1","Sunder","Steam","Core Surge","Leap","Steam"],"relics":["Busted Crown","Regal Pillow","Kunai","Du-Vu Doll","Nuclear Battery","Bag of Preparation"],"potions_floor_usage":[18],"damage_taken":[{"damage":12,"enemies":"Small Slimes","floor":1,"turns":3},{"damage":1,"enemies":"Jaw Worm","floor":2,"turns":4},{"damage":20,"enemies":"Lagavulin","floor":7,"turns":6},{"damage":0,"enemies":"Cultist","floor":10,"turns":3},{"damage":8,"enemies":"Blue Slaver","floor":12,"turns":3},{"damage":0,"enemies":"Large Slime","floor":14,"turns":6},{"damage":46,"enemies":"The Guardian","floor":16,"turns":9},{"damage":24,"enemies":"3 Byrds","floor":18,"turns":4},{"damage":23,"enemies":"Shell Parasite","floor":20,"turns":4},{"damage":16,"enemies":"Centurion and Healer","floor":21,"turns":3}],"seed_played":"-9138236840381409309","potions_obtained":[{"floor":1,"key":"Energy Potion"},{"floor":10,"key":"LiquidBronze"}],"is_trial":false,"path_per_floor":["M","M","?","?","$","R","E","R","T","M","?","M","R","M","R","B",null,"M","$","M","M"],"character_chosen":"DEFECT","items_purchased":["Ball Lightning","Static Discharge","Bag of Preparation"],"campfire_rested":2,"item_purchase_floors":[5,5,19],"current_hp_per_floor":[52,51,26,19,19,55,35,71,71,71,76,68,68,68,68,22,63,39,39,16,0],"gold":36,"neow_bonus":"BOSS_RELIC","is_prod":false,"is_daily":false,"chose_seed":false,"campfire_upgraded":2,"win_rate":0,"timestamp":1559324512,"path_taken":["M","M","?","?","$","R","E","R","T","M","?","M","R","M","R","BOSS","M","$","M","M"],"build_version":"2019-01-23","purchased_purges":0,"victory":false,"max_hp_per_floor":[71,71,71,71,71,71,71,71,71,71,76,76,76,76,76,76,76,76,76,76,76],"card_choices":[{"not_picked":[],"picked":"Static Discharge","floor":1},{"not_picked":[],"picked":"Go for the Eyes","floor":2},{"not_picked":[],"picked":"Creative AI","floor":7},{"not_picked":["Sunder"],"picked":"SKIP","floor":10},{"not_picked":[],"picked":"Sunder","floor":10},{"not_picked":["Melter"],"picked":"SKIP","floor":12},{"not_picked":[],"picked":"Steam","floor":14},{"not_picked":[],"picked":"Core Surge","floor":16},{"not_picked":[],"picked":"Leap","floor":18},{"not_picked":[],"picked":"Steam","floor":20}],"player_experience":643416,"relics_obtained":[{"floor":7,"key":"Kunai"},{"floor":9,"key":"Du-Vu Doll"}],"event_choices":[{"damage_healed":0,"gold_gain":0,"player_choice":"Success","damage_taken":25,"relics_obtained":["Regal Pillow"],"max_hp_gain":0,"max_hp_loss":0,"event_name":"Scrap Ooze","floor":3,"gold_loss":0},{"cards_removed":["Strike_B"],"damage_healed":0,"gold_gain":0,"player_choice":"Card Removal","damage_taken":7,"max_hp_gain":0,"max_hp_loss":0,"event_name":"Golden Wing","floor":4,"gold_loss":0},{"damage_healed":0,"gold_gain":0,"player_choice":"Donut","damage_taken":0,"max_hp_gain":5,"max_hp_loss":0,"event_name":"Big Fish","floor":11,"gold_loss":0}],"is_beta":false,"boss_relics":[{"not_picked":["Velvet Choker","Pandora\u0027s Box"],"picked":"Nuclear Battery"}],"items_purged_floors":[],"is_endless":false,"potions_floor_spawned":[1,10,14],"killed_by":"Centurion and Healer","ascension_level":14}