{"gold_per_floor":[116,133,29,41,57,57,74,74,74,107,107,117,144,144,144,220,220,233,158,174,174,48,48],"floor_reached":23,"playtime":963,"items_purged":["Strike_G"],"score":342,"play_id":"e83c70b6-7fd4-4a96-92e3-f05ac3d6d6be","local_time":"20190513215856","is_ascension_mode":true,"campfire_choices":[{"data":"Noxious Fumes","floor":6,"key":"SMITH"},{"floor":8,"key":"REST"},{"floor":11,"key":"REST"},{"floor":15,"key":"REST"}],"neow_cost":"NONE","seed_source_timestamp":1476226733982597,"circlet_count":0,"master_deck":["AscendersBane","Defend_G","Defend_G","Defend_G","Defend_G","Defend_G","Strike_G","Strike_G","Survivor","Neutralize","Poisoned Stab","Deadly Poison","Noxious Fumes+1","Backflip","Deflect","Deadly Poison","Dagger Spray","Die Die Die","Dagger Spray"],"relics":["Ring of the Snake","Turnip","Bottled Flame","Tough Bandages","Fusion Hammer"],"potions_floor_usage":[12,18,23],"damage_taken":[{"damage":0,"enemies":"Jaw Worm","floor":1,"turns":6},{"damage":7,"enemies":"2 Louse","floor":2,"turns":3},{"damage":1,"enemies":"Cultist","floor":4,"turns":3},{"damage":14,"enemies":"Large Slime","floor":5,"turns":9},{"damage":21,"enemies":"3 Louse","floor":7,"turns":5},{"damage":22,"enemies":"Lagavulin","floor":10,"turns":7},{"damage":4,"enemies":"Exordium Thugs","floor":12,"turns":5},{"damage":23,"enemies":"Gremlin Nob","floor":13,"turns":4},{"damage":15,"enemies":"Hexaghost","floor":16,"turns":9},{"damage":13,"enemies":"2 Thieves","floor":18,"turns":4},{"damage":7,"enemies":"Spheric Guardian","floor":20,"turns":5},{"damage":43,"enemies":"Slavers","floor":23,"turns":4}],"seed_played":"-6448106390698814168","potions_obtained":[{"floor":2,"key":"SpeedPotion"},{"floor":7,"key":"Fire Potion"},{"floor":16,"key":"SteroidPotion"},{"floor":18,"key":"Strength Potion"}],"is_trial":false,"path_per_floor":["M","M","$","M","M","R","M","R","T","E","R","M","E","?","R","B",null,"M","?","M","?","$","E"],"character_chosen":"THE_SILENT","items_purchased":["Noxious Fumes","Backflip","Dagger Spray"],"campfire_rested":3,"item_purchase_floors":[3,3,22],"current_hp_per_floor":[65,58,58,57,43,43,22,43,43,21,42,38,15,15,36,21,59,46,46,39,39,39,0],"gold":48,"neow_bonus":"TEN_PERCENT_HP_BONUS","is_prod":false,"is_daily":false,"chose_seed":false,"campfire_upgraded":1,"win_rate":0,"timestamp":1557777536,"path_taken":["M","M","$","M","M","R","M","R","T","E","R","M","E","?","R","BOSS","M","?","M","?","$","E"],"build_version":"2019-01-23","purchased_purges":1,"victory":false,"max_hp_per_floor":[72,72,72,72,72,72,72,72,72,72,72,72,72,72,72,72,72,72,72,72,72,72,72],"card_choices":[{"not_picked":["Accuracy","Caltrops"],"picked":"Poisoned Stab","floor":1},{"not_picked":["Quick Slash","Calculated Gamble"],"picked":"Deadly Poison","floor":2},{"not_picked":["Underhanded Strike","Backflip","Eviscerate"],"picked":"SKIP","floor":4},{"not_picked":["Outmaneuver","Backflip","Prepared"],"picked":"SKIP","floor":5},{"not_picked":["Terror","Underhanded Strike"],"picked":"Deflect","floor":7},{"not_picked":["Blade Dance","Burst"],"picked":"Deadly Poison","floor":10},{"not_picked":["Predator","Infinite Blades","Prepared"],"picked":"SKIP","floor":12},{"not_picked":["Die Die Die","Deflect"],"picked":"Dagger Spray","floor":13},{"not_picked":["Malaise","Phantasmal Killer"],"picked":"Die Die Die","floor":16},{"not_picked":["Blade Dance+1","Dodge and Roll","Dagger Throw"],"picked":"SKIP","floor":18},{"not_picked":["Outmaneuver","Blade Dance+1","Finisher"],"picked":"SKIP","floor":20}],"player_experience":583746,"relics_obtained":[{"floor":9,"key":"Turnip"},{"floor":10,"key":"Bottled Flame"},{"floor":13,"key":"Tough Bandages"}],"event_choices":[{"damage_healed":0,"gold_gain":0,"player_choice":"Searched \u00270\u0027 times","damage_taken":0,"max_hp_gain":0,"max_hp_loss":0,"event_name":"Dead Adventurer","floor":14,"gold_loss":0},{"cards_removed":["Strike_G"],"damage_healed":0,"gold_gain":0,"player_choice":"Gave Gold","damage_taken":0,"max_hp_gain":0,"max_hp_loss":0,"event_name":"Beggar","floor":19,"gold_loss":75},{"cards_removed":["Strike_G"],"damage_healed":0,"gold_gain":0,"player_choice":"Purged","damage_taken":0,"max_hp_gain":0,"max_hp_loss":0,"event_name":"Purifier","floor":21,"gold_loss":0}],"is_beta":false,"boss_relics":[{"not_picked":["Pandora\u0027s Box","Eternal Feather"],"picked":"Fusion Hammer"}],"items_purged_floors":[22],"is_endless":false,"potions_floor_spawned":[2,7,10,16,18,20],"killed_by":"Slavers","ascension_level":14}