{"path_per_floor":["M","?","?","?","$","E","R","T","T","R","E","R","M","M","R","B",null,"M","$","?","M","M","M","R","$","T","R","M","M","R","M","R"],"character_chosen":"THE_SILENT","items_purchased":["Mercury Hourglass","Cloak And Dagger","Blade Dance","Dramatic Entrance"],"gold_per_floor":[114,289,289,289,39,74,74,101,101,101,139,139,153,176,176,296,296,309,39,39,64,88,107,107,57,130,130,150,170,170,189,189],"floor_reached":33,"campfire_rested":6,"playtime":1813,"current_hp_per_floor":[67,67,60,60,60,29,50,57,57,77,72,72,72,72,72,19,77,67,67,51,51,30,14,37,37,37,60,51,34,57,57,77],"items_purged":["Defend_G","Strike_G"],"gold":189,"score":268,"play_id":"a9bda14f-69ec-4d0d-83fb-272c83e923bb","local_time":"20180314213146","is_prod":false,"is_daily":false,"is_ascension_mode":true,"campfire_upgraded":2,"timestamp":1521055906,"path_taken":["M","?","?","?","?","E","R","?","T","R","E","R","M","M","R","BOSS","M","$","?","M","M","?","R","?","T","R","M","?","R","M","R","BOSS"],"build_version":"2018-03-09","purchased_purges":2,"victory":false,"master_deck":["Defend_G","Defend_G","Defend_G","Defend_G","Strike_G","Strike_G","Strike_G","Strike_G","Survivor","Neutralize+1","Sucker Punch","Injury","Infinite Blades+1","Slice","A Thousand Cuts","Finisher","Cloak And Dagger","Blade Dance","Dramatic Entrance","Necronomicurse","Slice","Distraction","Infinite Blades"],"max_hp_per_floor":[70,70,70,70,70,70,70,77,77,77,77,77,77,77,77,77,77,77,77,77,77,77,77,77,77,77,77,77,77,77,77,77],"relics":["Ring of the Snake","Pen Nib","Golden Idol","Mercury Hourglass","Bag of Marbles","Strawberry","Ninja Scroll","Smiling Mask","Sozu","Necronomicon","Letter Opener"],"card_choices":[{"not_picked":["Footwork","Deadly Poison"],"picked":"Sucker Punch"},{"not_picked":["Well Laid Plans","Escape Plan"],"picked":"Infinite Blades"},{"not_picked":["Eviscerate","Tools of the Trade"],"picked":"Slice"},{"not_picked":["Envenom","Tactician"],"picked":"A Thousand Cuts"},{"not_picked":["Dagger Spray","Dagger Throw"],"picked":"Finisher"},{"not_picked":["Underhanded Strike","Acrobatics"],"picked":"Slice"},{"not_picked":["Dash","Dagger Throw"],"picked":"Distraction"},{"not_picked":["Predator","Acrobatics"],"picked":"Infinite Blades"}],"player_experience":297297,"potions_floor_usage":[6,18,31],"damage_taken":[{"damage":3,"enemies":"2 Louse","floor":1,"turns":4},{"damage":31,"enemies":"Lagavulin","floor":6,"turns":8},{"damage":5,"enemies":"3 Sentries","floor":11,"turns":6},{"damage":0,"enemies":"Small Slimes","floor":13,"turns":2},{"damage":0,"enemies":"Jaw Worm","floor":14,"turns":2},{"damage":53,"enemies":"Hexaghost","floor":16,"turns":13},{"damage":10,"enemies":"Chosen","floor":18,"turns":3},{"damage":0,"enemies":"3 Byrds","floor":21,"turns":3},{"damage":21,"enemies":"Snake Plant","floor":22,"turns":4},{"damage":16,"enemies":"Snecko","floor":23,"turns":4},{"damage":9,"enemies":"Centurion and Healer","floor":28,"turns":3},{"damage":17,"enemies":"Snake Plant","floor":29,"turns":4},{"damage":0,"enemies":"Cultist and Chosen","floor":31,"turns":1},{"damage":98,"enemies":"Champ","floor":33,"turns":8}],"event_choices":[{"event_name":"Liars Game","player_choice":"agreed","floor":2,"damage_taken":0},{"event_name":"Golden Wing","player_choice":"Card Removal","floor":3,"damage_taken":0},{"event_name":"Golden Idol","player_choice":"Take Wound","floor":4,"damage_taken":0},{"event_name":"Cursed Tome","player_choice":"Obtained Book","floor":20,"damage_taken":0}],"boss_relics":[{"not_picked":["The Specimen","Runic Dome"],"picked":"Sozu"}],"potions_floor_spawned":[1,14,16,18,28,29],"seed_played":"-6037467304914267563","killed_by":"Champ","ascension_level":1,"is_trial":false}