{"gold_per_floor":[110,110,35,35,48,74,74,91,91,91,109,165,175,191,191,265,265,277,292,292],"floor_reached":20,"playtime":1072,"items_purged":["Regret"],"score":317,"play_id":"aa624bdb-bcd6-44fb-9e83-f829fdb3468a","local_time":"20190516185144","is_ascension_mode":true,"campfire_choices":[{"data":"Anger","floor":10.0,"key":"SMITH"},{"floor":15,"key":"REST"}],"neow_cost":"NONE","seed_source_timestamp":3028190440998754,"circlet_count":0,"master_deck":["AscendersBane","Strike_R","Strike_R","Strike_R","Strike_R","Strike_R","Defend_R","Defend_R","Defend_R","Defend_R","Bash","Cleave","Warcry","Flex","Parasite","Anger+1","Headbutt","Flame Barrier","Blood for Blood","Feed","Blood for Blood"],"special_seed":0,"relics":["Black Blood","Pen Nib","Sundial","Regal Pillow","Self Forming Clay","Singing Bowl"],"potions_floor_usage":[12,14,20],"damage_taken":[{"damage":0.0,"enemies":"Small Slimes","floor":1.0,"turns":4.0},{"damage":0.0,"enemies":"2 Louse","floor":5.0,"turns":2.0},{"damage":40.0,"enemies":"3 Sentries","floor":6.0,"turns":7.0},{"damage":7.0,"enemies":"Jaw Worm","floor":8.0,"turns":3.0},{"damage":11.0,"enemies":"Looter","floor":11.0,"turns":3.0},{"damage":20,"enemies":"Lagavulin Event","floor":12,"turns":3},{"damage":8,"enemies":"3 Louse","floor":13,"turns":3},{"damage":3,"enemies":"Blue Slaver","floor":14,"turns":4},{"damage":67,"enemies":"Hexaghost","floor":16,"turns":9},{"damage":31,"enemies":"Spheric Guardian","floor":18,"turns":6},{"damage":30,"enemies":"3 Byrds","floor":19,"turns":5},{"damage":28,"enemies":"Snake Plant","floor":20,"turns":3}],"seed_played":"-6259470218826779533","potions_obtained":[{"floor":1.0,"key":"Energy Potion"},{"floor":6.0,"key":"AttackPotion"},{"floor":12,"key":"SteroidPotion"},{"floor":13,"key":"Regen Potion"},{"floor":16,"key":"FearPotion"},{"floor":19,"key":"Block Potion"}],"is_trial":false,"path_per_floor":["M","?","$","?","M","E","?","M","T","R","M","?","M","M","R","B",null,"M","M","M"],"character_chosen":"IRONCLAD","items_purchased":[],"campfire_rested":1,"item_purchase_floors":[],"current_hp_per_floor":[74,74,74,74,75,41,59,58,58,58,53,39,37,52,75,14,60,41,24,0],"gold":292,"neow_bonus":"RANDOM_COMMON_RELIC","is_prod":false,"is_daily":false,"chose_seed":false,"campfire_upgraded":1,"win_rate":0,"timestamp":1558021904,"path_taken":["M","?","$","?","M","E","?","M","T","R","M","?","M","M","R","BOSS","M","M","M"],"build_version":"2019-01-23","purchased_purges":1,"victory":false,"max_hp_per_floor":[75,75,75,75,75,75,75,75,75,75,75,75,75,75,75,75,75,77,80,80],"card_choices":[{"not_picked":["Rampage","Searing Blow"],"picked":"Cleave","floor":1.0},{"not_picked":["Rupture","Sentinel"],"picked":"Warcry","floor":5.0},{"not_picked":["Iron Wave","Evolve"],"picked":"Flex","floor":6.0},{"not_picked":["Thunderclap","Dual Wield"],"picked":"Anger","floor":8.0},{"not_picked":["Iron Wave","Fire Breathing","Armaments"],"picked":"SKIP","floor":11.0},{"not_picked":["Brutality","Rampage"],"picked":"Headbutt","floor":12},{"not_picked":["Flex","Perfected Strike"],"picked":"Flame Barrier","floor":13},{"not_picked":["Whirlwind","Havoc"],"picked":"Blood for Blood","floor":14},{"not_picked":["Demon Form","Fiend Fire"],"picked":"Feed","floor":16},{"not_picked":["Wild Strike","Flex","Armaments"],"picked":"Singing Bowl","floor":18},{"not_picked":["Wild Strike","Headbutt"],"picked":"Blood for Blood","floor":19}],"player_experience":1361755,"relics_obtained":[{"floor":6.0,"key":"Regal Pillow"},{"floor":9.0,"key":"Self Forming Clay"},{"floor":12,"key":"Singing Bowl"}],"event_choices":[{"damage_healed":0.0,"max_hp_gain":0.0,"max_hp_loss":0.0,"gold_gain":0.0,"event_name":"Big Fish","player_choice":"Box","floor":2.0,"gold_loss":0.0,"damage_taken":0.0,"relics_obtained":["Sundial"],"cards_obtained":["Regret"]},{"damage_healed":0.0,"max_hp_gain":0.0,"max_hp_loss":0.0,"gold_gain":0.0,"event_name":"Golden Wing","player_choice":"Ignored","floor":4.0,"gold_loss":0.0,"damage_taken":0.0},{"damage_healed":18.0,"max_hp_gain":0.0,"max_hp_loss":0.0,"gold_gain":0.0,"event_name":"Mushrooms","player_choice":"Healed and dodged fight","floor":7.0,"gold_loss":0.0,"damage_taken":0.0,"cards_obtained":["Parasite"]},{"damage_healed":0,"gold_gain":0,"player_choice":"Searched \u00271\u0027 times","damage_taken":0,"max_hp_gain":0,"max_hp_loss":0,"event_name":"Dead Adventurer","floor":12,"gold_loss":0}],"is_beta":false,"boss_relics":[{"not_picked":["Calling Bell","Cursed Key"],"picked":"Black Blood"}],"items_purged_floors":[3],"is_endless":false,"potions_floor_spawned":[1,6,12,13,16,19],"killed_by":"Snake Plant","ascension_level":16}