{"gold_per_floor":[109,121,135,149,74,74,88,104,130,144,144,129],"floor_reached":12,"playtime":506,"items_purged":[],"score":126,"play_id":"a6fd3a77-9503-419e-bd85-ec6496f4f8ad","local_time":"20190531183420","is_ascension_mode":true,"campfire_choices":[{"data":"Zap","floor":6,"key":"SMITH"}],"neow_cost":"NONE","seed_source_timestamp":428048833931953,"circlet_count":0,"master_deck":["AscendersBane","Strike_B","Strike_B","Strike_B","Strike_B","Defend_B","Defend_B","Defend_B","Defend_B","Zap+1","Dualcast","Hologram","Sweeping Beam","Gash","Compile Driver","Glacier","Conserve Battery","Turbo","Gash"],"relics":["Cracked Core","Pen Nib"],"potions_floor_usage":[],"damage_taken":[{"damage":1,"enemies":"Cultist","floor":1,"turns":3},{"damage":0,"enemies":"2 Louse","floor":2,"turns":2},{"damage":0,"enemies":"Small Slimes","floor":3,"turns":2},{"damage":4,"enemies":"Looter","floor":4,"turns":3},{"damage":52,"enemies":"Gremlin Gang","floor":7,"turns":4},{"damage":2,"enemies":"Large Slime","floor":8,"turns":6},{"damage":0,"enemies":"Looter","floor":10,"turns":3},{"damage":5,"enemies":"Exordium Thugs","floor":12,"turns":1}],"seed_played":"4627077285926774214","potions_obtained":[{"floor":0,"key":"LiquidBronze"},{"floor":0,"key":"FocusPotion"}],"is_trial":false,"path_per_floor":["M","M","M","M","$","R","M","M","T","M","?","M"],"character_chosen":"DEFECT","items_purchased":["Glacier"],"campfire_rested":0,"item_purchase_floors":[5],"current_hp_per_floor":[63,63,63,59,59,59,7,5,5,5,5,0],"gold":129,"neow_bonus":"THREE_SMALL_POTIONS","is_prod":false,"is_daily":false,"chose_seed":false,"campfire_upgraded":1,"win_rate":0,"timestamp":1559320460,"path_taken":["M","M","M","?","$","R","?","M","T","M","?","M"],"build_version":"2019-01-23","purchased_purges":0,"victory":false,"max_hp_per_floor":[71,71,71,71,71,71,71,71,71,71,71,71],"card_choices":[{"not_picked":["Aggregate","Leap"],"picked":"Hologram","floor":1},{"not_picked":["Melter","Stack"],"picked":"Sweeping Beam","floor":2},{"not_picked":["Turbo","Leap"],"picked":"Gash","floor":3},{"not_picked":["Turbo","Loop"],"picked":"Compile Driver","floor":4},{"not_picked":["Hyperbeam","Skim"],"picked":"Conserve Battery","floor":7},{"not_picked":["Sweeping Beam","Aggregate","Turbo"],"picked":"SKIP","floor":8},{"not_picked":["Sweeping Beam","Aggregate"],"picked":"Turbo","floor":8},{"not_picked":["Hologram","White Noise"],"picked":"Gash","floor":10}],"player_experience":639700,"relics_obtained":[{"floor":9,"key":"Pen Nib"}],"event_choices":[{"damage_healed":0,"gold_gain":0,"player_choice":"Ignored","damage_taken":0,"max_hp_gain":0,"max_hp_loss":0,"event_name":"Golden Wing","floor":11,"gold_loss":0}],"is_beta":false,"boss_relics":[],"items_purged_floors":[],"is_endless":false,"potions_floor_spawned":[4,7,10],"killed_by":"Exordium Thugs","ascension_level":14}