{"gold_per_floor":[116,128,128,14,34,34,60,60,60,60,74,86,104,116,116,194,194,204,204,221,271,291,291,304,304,384,398,398,408,229,154,154,228,228,245,167,217,234,250,250,278,17,17,28,42,42,57,71,71,71],"floor_reached":50,"playtime":2904,"items_purged":["Strike_G","Strike_G"],"score":888,"play_id":"8ab94354-3384-46ce-b59d-f637d881a843","local_time":"20190220180843","is_ascension_mode":true,"campfire_choices":[{"data":"Distraction","floor":6.0,"key":"SMITH"},{"floor":8.0,"key":"REST"},{"data":"Neutralize","floor":10.0,"key":"SMITH"},{"data":"Distraction","floor":15.0,"key":"SMITH"},{"floor":23.0,"key":"REST"},{"floor":25.0,"key":"REST"},{"floor":32.0,"key":"REST"},{"floor":40.0,"key":"REST"},{"floor":46.0,"key":"REST"},{"floor":49.0,"key":"REST"}],"neow_cost":"NONE","seed_source_timestamp":0,"circlet_count":0,"master_deck":["AscendersBane","Survivor","Neutralize+1","Dagger Throw","Underhanded Strike","Distraction+1","Backflip","Poisoned Stab","Noxious Fumes","Backflip","Bouncing Flask","Distraction+1","Grand Finale","Backflip","Prepared","Dagger Spray","Crippling Poison","Footwork","Blade Dance","Infinite Blades","A Thousand Cuts","Eviscerate","Grand Finale","Heel Hook","Adrenaline","Blur+1","Malaise","Cloak And Dagger","Dodge and Roll","Footwork","Tactician+1","Adrenaline","Distraction+1"],"special_seed":0,"relics":["Ring of the Snake","Pear","PreservedInsect","Regal Pillow","Philosopher\u0027s Stone","Kunai","Pandora\u0027s Box","Dead Branch","Oddly Smooth Stone","Potion Belt"],"potions_floor_usage":[],"damage_taken":[{"damage":3.0,"enemies":"2 Louse","floor":1.0,"turns":5.0},{"damage":2.0,"enemies":"Small Slimes","floor":2.0,"turns":3.0},{"damage":0.0,"enemies":"Jaw Worm","floor":5.0,"turns":3.0},{"damage":26.0,"enemies":"3 Sentries","floor":7.0,"turns":17.0},{"damage":11.0,"enemies":"Red Slaver","floor":11.0,"turns":6.0},{"damage":0.0,"enemies":"2 Fungi Beasts","floor":12.0,"turns":4.0},{"damage":4.0,"enemies":"3 Louse","floor":13.0,"turns":4.0},{"damage":0.0,"enemies":"Lots of Slimes","floor":14.0,"turns":2.0},{"damage":16.0,"enemies":"Hexaghost","floor":16.0,"turns":8.0},{"damage":2.0,"enemies":"Spheric Guardian","floor":18.0,"turns":3.0},{"damage":6.0,"enemies":"Chosen","floor":20.0,"turns":5.0},{"damage":40.0,"enemies":"Shelled Parasite and Fungi","floor":22.0,"turns":8.0},{"damage":17.0,"enemies":"Snake Plant","floor":24.0,"turns":5.0},{"damage":25.0,"enemies":"Centurion and Healer","floor":27.0,"turns":8.0},{"damage":9.0,"enemies":"Shelled Parasite and Fungi","floor":29.0,"turns":6.0},{"damage":70.0,"enemies":"Automaton","floor":33.0,"turns":14.0},{"damage":26.0,"enemies":"3 Darklings","floor":35.0,"turns":3.0},{"damage":20.0,"enemies":"Orb Walker","floor":38.0,"turns":4.0},{"damage":3.0,"enemies":"Jaw Worm Horde","floor":39.0,"turns":3.0},{"damage":34.0,"enemies":"Nemesis","floor":41.0,"turns":7.0},{"damage":0.0,"enemies":"Spire Growth","floor":44.0,"turns":5.0},{"damage":15.0,"enemies":"3 Darklings","floor":45.0,"turns":2.0},{"damage":49.0,"enemies":"Transient","floor":47.0,"turns":6.0},{"damage":2.0,"enemies":"Maw","floor":48.0,"turns":6.0},{"damage":51,"enemies":"Time Eater","floor":50,"turns":7}],"seed_played":"5748105357858518557","potions_obtained":[{"floor":11.0,"key":"GamblersBrew"},{"floor":12.0,"key":"PowerPotion"},{"floor":16.0,"key":"GhostInAJar"},{"floor":29.0,"key":"Explosive Potion"},{"floor":35.0,"key":"Ancient Potion"},{"floor":41.0,"key":"AttackPotion"},{"floor":45.0,"key":"Regen Potion"},{"floor":47.0,"key":"Explosive Potion"}],"is_trial":false,"path_per_floor":["M","M","?","$","M","R","E","R","T","R","M","M","M","M","R","B",null,"M","?","M","?","M","R","M","R","T","M","?","M","$","?","R","B",null,"M","$","?","M","M","R","E","$","T","M","M","R","M","M","R","B"],"character_chosen":"THE_SILENT","items_purchased":["Distraction","Infinite Blades","Malaise","Footwork","Oddly Smooth Stone"],"campfire_rested":7,"item_purchase_floors":[4,30,36,42,42],"current_hp_per_floor":[62,60,52,52,52,52,26,50,50,50,39,39,35,35,35,19,66,64,64,58,50,10,49,32,71,71,46,46,37,37,37,76,6,63,37,37,37,17,14,53,19,19,19,19,4,43,9,7,46,0],"gold":71,"neow_bonus":"TEN_PERCENT_HP_BONUS","is_prod":false,"is_daily":false,"chose_seed":false,"campfire_upgraded":3,"win_rate":0,"timestamp":1550653723,"path_taken":["M","M","?","$","M","R","E","R","T","R","M","M","M","M","R","BOSS","M","?","M","?","M","R","?","R","T","M","?","M","$","?","R","BOSS","M","$","?","?","M","R","E","?","T","M","M","R","M","M","R","BOSS"],"build_version":"2019-01-23","purchased_purges":2,"victory":false,"max_hp_per_floor":[72,72,82,82,82,82,82,82,82,82,82,82,82,82,82,82,82,82,82,82,82,82,82,82,82,82,82,82,82,82,82,82,82,82,82,82,82,82,82,82,82,82,82,82,82,82,82,82,82,82],"card_choices":[{"not_picked":["Sucker Punch","Escape Plan"],"picked":"Dagger Throw","floor":1.0},{"not_picked":["Dagger Throw","Quick Slash"],"picked":"Underhanded Strike","floor":2.0},{"not_picked":["Unload","Flying Knee"],"picked":"Backflip","floor":5.0},{"not_picked":["Concentrate","Acrobatics"],"picked":"Poisoned Stab","floor":7.0},{"not_picked":["Blur","Poisoned Stab"],"picked":"Noxious Fumes","floor":11.0},{"not_picked":["Sucker Punch","Flying Knee"],"picked":"Backflip","floor":12.0},{"not_picked":["Quick Slash","Slice"],"picked":"Bouncing Flask","floor":13.0},{"not_picked":["Blade Dance","Dagger Throw"],"picked":"Distraction","floor":14.0},{"not_picked":["Wraith Form v2","Venomology"],"picked":"Grand Finale","floor":16.0},{"not_picked":["Quick Slash","Eviscerate"],"picked":"Backflip","floor":18.0},{"not_picked":["Poisoned Stab+1","Prepared"],"picked":"Crippling Poison","floor":20.0},{"not_picked":["All Out Attack","Underhanded Strike","Flechettes"],"picked":"SKIP","floor":22.0},{"not_picked":["Flechettes","Blade Dance"],"picked":"Footwork","floor":24.0},{"not_picked":["Concentrate+1","Bane","Bouncing Flask"],"picked":"SKIP","floor":27.0},{"not_picked":["Dagger Throw","Dagger Spray"],"picked":"Blade Dance","floor":29.0},{"not_picked":["Cloak And Dagger","Prepared+1"],"picked":"Blur+1","floor":35.0},{"not_picked":["Slice","Heel Hook"],"picked":"Cloak And Dagger","floor":38.0},{"not_picked":["Underhanded Strike","Endless Agony+1","Dagger Throw"],"picked":"SKIP","floor":39.0},{"not_picked":["Sucker Punch","Caltrops+1"],"picked":"Dodge and Roll","floor":41.0},{"not_picked":["Sucker Punch+1","Skewer"],"picked":"Tactician+1","floor":44.0},{"not_picked":["Heel Hook+1","Escape Plan"],"picked":"Adrenaline","floor":45.0},{"not_picked":["Eviscerate","Flying Knee","Deflect"],"picked":"SKIP","floor":47.0},{"not_picked":["Catalyst","Poisoned Stab+1"],"picked":"Distraction+1","floor":48.0}],"player_experience":659649,"relics_obtained":[{"floor":7.0,"key":"PreservedInsect"},{"floor":9.0,"key":"Regal Pillow"},{"floor":26.0,"key":"Kunai"},{"floor":41.0,"key":"Dead Branch"},{"floor":43.0,"key":"Potion Belt"}],"event_choices":[{"damage_healed":0.0,"max_hp_gain":0.0,"max_hp_loss":0.0,"gold_gain":0.0,"event_name":"Scrap Ooze","player_choice":"Success","floor":3.0,"gold_loss":0.0,"damage_taken":18.0,"relics_obtained":["Pear"]},{"damage_healed":0.0,"max_hp_gain":0.0,"max_hp_loss":0.0,"gold_gain":0.0,"cards_transformed":["Strike_G","Strike_G"],"event_name":"Drug Dealer","player_choice":"Became Test Subject","floor":19.0,"gold_loss":0.0,"damage_taken":0.0,"cards_obtained":["Prepared","Dagger Spray"]},{"damage_healed":0.0,"max_hp_gain":0.0,"max_hp_loss":0.0,"gold_gain":50.0,"event_name":"FaceTrader","player_choice":"Touch","floor":21.0,"gold_loss":0.0,"damage_taken":8.0},{"damage_healed":0.0,"max_hp_gain":0.0,"max_hp_loss":0.0,"gold_gain":0.0,"event_name":"Vampires","player_choice":"Ignored","floor":28.0,"gold_loss":0.0,"damage_taken":0.0},{"cards_removed":["Strike_G"],"damage_healed":0.0,"max_hp_gain":0.0,"max_hp_loss":0.0,"gold_gain":0.0,"event_name":"Beggar","player_choice":"Gave Gold","floor":31.0,"gold_loss":75.0,"damage_taken":0.0},{"damage_healed":0.0,"max_hp_gain":0.0,"max_hp_loss":0.0,"gold_gain":50.0,"event_name":"Golden Shrine","player_choice":"Pray","floor":37.0,"gold_loss":0.0,"damage_taken":0.0}],"is_beta":false,"boss_relics":[{"not_picked":["Snecko Eye","Runic Dome"],"picked":"Philosopher\u0027s Stone"},{"not_picked":["Fusion Hammer","HoveringKite"],"picked":"Pandora\u0027s Box"}],"items_purged_floors":[4,30],"is_endless":false,"potions_floor_spawned":[11,12,13,16,18,20,29,35,41,45,47],"killed_by":"Time Eater","ascension_level":17}