{"gold_per_floor":[111,26,26,42,0,29,29,62,62,62,82,97,111,128,128,128],"floor_reached":16,"playtime":993,"items_purged":[],"score":224,"play_id":"5c41a702-f9fc-49a4-8221-54c41c45fc61","local_time":"20190529181714","is_ascension_mode":true,"campfire_choices":[{"floor":10,"key":"REST"},{"data":"Defend_R","floor":15,"key":"SMITH"}],"neow_cost":"NONE","seed_source_timestamp":272081462571440,"circlet_count":0,"master_deck":["AscendersBane","Strike_R","Strike_R","Strike_R","Strike_R","Strike_R","Defend_R","Defend_R","Defend_R+1","Defend_R","Bash","Disarm","Exhume+1","Feel No Pain","Bloodletting","Juggernaut","Headbutt","Sword Boomerang","Ghostly Armor","Sever Soul"],"relics":["Burning Blood","Bottled Tornado","Red Skull","Strawberry"],"potions_floor_usage":[6,8,8],"damage_taken":[{"damage":7,"enemies":"Small Slimes","floor":1,"turns":5},{"damage":2,"enemies":"Cultist","floor":4,"turns":4},{"damage":21,"enemies":"3 Sentries","floor":6,"turns":21},{"damage":44,"enemies":"Lagavulin","floor":8,"turns":10},{"damage":11,"enemies":"2 Louse","floor":11,"turns":2},{"damage":16,"enemies":"Exordium Thugs","floor":12,"turns":5},{"damage":17,"enemies":"Lots of Slimes","floor":13,"turns":4},{"damage":13,"enemies":"Large Slime","floor":14,"turns":6},{"damage":0,"enemies":"Hexaghost","floor":16,"turns":1}],"seed_played":"7777394031021054379","potions_obtained":[{"floor":0,"key":"Block Potion"},{"floor":0,"key":"Block Potion"},{"floor":6,"key":"EssenceOfSteel"},{"floor":11,"key":"Weak Potion"},{"floor":12,"key":"Ancient Potion"}],"is_trial":false,"path_per_floor":["M","$","?","M","?","E","?","E","T","R","M","M","M","M","R","B"],"character_chosen":"IRONCLAD","items_purchased":["Exhume"],"campfire_rested":1,"item_purchase_floors":[2],"current_hp_per_floor":[67,67,67,71,71,56,56,18,25,49,44,34,23,16,16,16],"gold":128,"neow_bonus":"THREE_SMALL_POTIONS","is_prod":false,"is_daily":false,"chose_seed":false,"campfire_upgraded":1,"win_rate":0,"timestamp":1559143034,"path_taken":["M","$","?","?","?","E","?","E","T","R","M","M","M","?","R","BOSS"],"build_version":"2019-01-23","purchased_purges":0,"victory":false,"max_hp_per_floor":[75,75,75,75,75,75,75,75,82,82,82,82,82,82,82,82],"card_choices":[{"not_picked":["Anger","Perfected Strike"],"picked":"Disarm","floor":1},{"not_picked":["Warcry","Cleave"],"picked":"Feel No Pain","floor":4},{"not_picked":["Demon Form","Heavy Blade"],"picked":"Bloodletting","floor":6},{"not_picked":["Pummel","Warcry"],"picked":"Juggernaut","floor":8},{"not_picked":["Twin Strike","Uppercut"],"picked":"Headbutt","floor":11},{"not_picked":["Headbutt","Perfected Strike"],"picked":"Sword Boomerang","floor":12},{"not_picked":["Evolve","Iron Wave"],"picked":"Ghostly Armor","floor":13},{"not_picked":["Headbutt","Body Slam"],"picked":"Sever Soul","floor":14}],"player_experience":1425751,"relics_obtained":[{"floor":6,"key":"Bottled Tornado"},{"floor":8,"key":"Red Skull"},{"floor":9,"key":"Strawberry"}],"event_choices":[{"damage_healed":0,"gold_gain":0,"player_choice":"Upgraded","damage_taken":0,"max_hp_gain":0,"max_hp_loss":0,"event_name":"Upgrade Shrine","floor":3,"gold_loss":0,"cards_upgraded":["Exhume"]},{"damage_healed":0,"gold_gain":0,"player_choice":"Left Gold","damage_taken":0,"max_hp_gain":0,"max_hp_loss":0,"event_name":"World of Goop","floor":5,"gold_loss":42},{"damage_healed":0,"gold_gain":0,"player_choice":"Leave","damage_taken":0,"max_hp_gain":0,"max_hp_loss":0,"event_name":"The Cleric","floor":7,"gold_loss":0}],"is_beta":false,"boss_relics":[],"items_purged_floors":[],"is_endless":false,"potions_floor_spawned":[4,6,11,12,14],"killed_by":"Hexaghost","ascension_level":20}