{"gold_per_floor":[124,150,132,162,198,240,271,283,295,324,261,261,277,277,277,277],"floor_reached":16,"playtime":907,"items_purged":["Bouncing Flask"],"score":102,"play_id":"44584b27-b231-4f58-8296-467acb21db2c","local_time":"20190113190349","is_ascension_mode":false,"campfire_choices":[{"floor":8,"key":"REST"},{"floor":12,"key":"REST"},{"data":"Slice","floor":15,"key":"SMITH"}],"neow_cost":"NONE","seed_source_timestamp":103171148987143,"circlet_count":0,"master_deck":["Defend_G","Defend_G","Defend_G","Defend_G","Defend_G","Strike_G","Strike_G","Strike_G","Strike_G","Strike_G","Survivor","Neutralize","Finisher","Prepared","Slice+1","Accuracy","Slice+1"],"relics":["Ring of the Snake","MawBank","Dream Catcher","Bronze Scales","Singing Bowl"],"potions_floor_usage":[6,6,6],"damage_taken":[{"damage":1,"enemies":"Jaw Worm","floor":1,"turns":5},{"damage":0,"enemies":"Cultist","floor":2,"turns":3},{"damage":0,"enemies":"2 Louse","floor":4,"turns":3},{"damage":10,"enemies":"Lagavulin","floor":6,"turns":5},{"damage":9,"enemies":"Exordium Thugs","floor":7,"turns":4},{"damage":15,"enemies":"Gremlin Gang","floor":10,"turns":5},{"damage":3,"enemies":"Large Slime","floor":13,"turns":6},{"damage":71,"enemies":"Hexaghost","floor":16,"turns":12}],"seed_played":"-3545873729538641925","potions_obtained":[{"floor":1,"key":"AttackPotion"},{"floor":2,"key":"Poison Potion"},{"floor":3,"key":"Dexterity Potion"},{"floor":10,"key":"Fire Potion"}],"is_trial":false,"path_per_floor":["M","M","?","M","T","E","M","R","T","M","$","R","M","?","R","B"],"character_chosen":"THE_SILENT","items_purchased":[],"campfire_rested":2,"item_purchase_floors":[],"current_hp_per_floor":[69,69,69,69,69,59,50,70,70,55,55,72,71,71,71,0],"gold":277,"neow_bonus":"RANDOM_COMMON_RELIC","is_prod":false,"is_daily":false,"chose_seed":false,"campfire_upgraded":1,"win_rate":0,"timestamp":1547399029,"path_taken":["M","M","?","?","?","E","M","R","T","?","$","R","M","?","R","BOSS"],"build_version":"2019-01-10","purchased_purges":1,"victory":false,"max_hp_per_floor":[70,70,70,70,70,70,70,70,70,70,70,72,74,74,74,74],"card_choices":[{"not_picked":["Flechettes","Blur"],"picked":"Finisher","floor":1},{"not_picked":["Deadly Poison","Dodge and Roll","Backflip"],"picked":"SKIP","floor":2},{"not_picked":["Dagger Spray","Deadly Poison"],"picked":"Bouncing Flask","floor":4},{"not_picked":["Skewer","Dash"],"picked":"Prepared","floor":6},{"not_picked":["Malaise","Deflect"],"picked":"Slice","floor":7},{"not_picked":["Underhanded Strike","All Out Attack"],"picked":"Accuracy","floor":8},{"not_picked":["Deflect","Bouncing Flask"],"picked":"Slice","floor":10},{"not_picked":["Blur","Bouncing Flask","Acrobatics"],"picked":"Singing Bowl","floor":12},{"not_picked":["Storm of Steel","All Out Attack","Bouncing Flask"],"picked":"Singing Bowl","floor":13}],"player_experience":910375,"relics_obtained":[{"floor":5,"key":"Dream Catcher"},{"floor":6,"key":"Bronze Scales"},{"floor":9,"key":"Singing Bowl"}],"event_choices":[{"damage_healed":0,"gold_gain":0,"player_choice":"Bought 2 Potions","damage_taken":0,"max_hp_gain":0,"max_hp_loss":0,"event_name":"The Woman in Blue","floor":3,"gold_loss":0},{"damage_healed":0,"gold_gain":0,"player_choice":"Forge","damage_taken":0,"max_hp_gain":0,"max_hp_loss":0,"event_name":"Accursed Blacksmith","floor":14,"gold_loss":0,"cards_upgraded":["Slice"]}],"is_beta":false,"boss_relics":[],"items_purged_floors":[11],"is_endless":false,"potions_floor_spawned":[1,2,10],"killed_by":"Hexaghost","ascension_level":0}