{"gold_per_floor":[217,235,248,248,265,265,295,348,348,348,379,379,305,335,335,439,439,456,8,8,27,42,42,54,54,54,81,100,100,100,126,126,126],"floor_reached":33,"playtime":1747,"items_purged":[],"score":425,"play_id":"b910a85e-337f-42b0-8aeb-2d83f6e157b2","local_time":"20190424125518","is_ascension_mode":true,"campfire_choices":[{"data":"Streamline","floor":6,"key":"SMITH"},{"floor":12,"key":"REST"},{"data":"Go for the Eyes","floor":15,"key":"SMITH"},{"data":"Biased Cognition","floor":23,"key":"SMITH"},{"data":"Capacitor","floor":25,"key":"SMITH"},{"floor":29,"key":"REST"},{"floor":32,"key":"REST"}],"neow_cost":"NONE","seed_source_timestamp":48863942386006,"circlet_count":0,"master_deck":["Strike_B","Strike_B","Strike_B+1","Strike_B","Defend_B","Defend_B","Defend_B","Defend_B","Zap+1","Dualcast","Sweeping Beam","Conserve Battery","Streamline+1","Hologram","Go for the Eyes+1","Static Discharge","Biased Cognition+1","Coolheaded","Capacitor+1","Glacier","Consume","Core Surge+1","Steam+1","Doom and Gloom","Steam+1"],"relics":["Cracked Core","Cables","Anchor","Nuclear Battery","Prayer Wheel","Whetstone","Omamori","Nloth\u0027s Gift","Unceasing Top"],"potions_floor_usage":[16,22,24],"damage_taken":[{"damage":0,"enemies":"Small Slimes","floor":1,"turns":3},{"damage":2,"enemies":"Jaw Worm","floor":2,"turns":4},{"damage":1,"enemies":"2 Louse","floor":3,"turns":2},{"damage":4,"enemies":"Blue Slaver","floor":5,"turns":4},{"damage":25,"enemies":"3 Sentries","floor":7,"turns":6},{"damage":22,"enemies":"Lagavulin","floor":11,"turns":5},{"damage":21,"enemies":"Hexaghost","floor":16,"turns":9},{"damage":6,"enemies":"Chosen","floor":18,"turns":4},{"damage":11,"enemies":"Spheric Guardian","floor":21,"turns":4},{"damage":15,"enemies":"Snake Plant","floor":22,"turns":5},{"damage":11,"enemies":"Snecko","floor":24,"turns":6},{"damage":16,"enemies":"Slavers","floor":27,"turns":6},{"damage":0,"enemies":"3 Cultists","floor":28,"turns":4},{"damage":19,"enemies":"Book of Stabbing","floor":31,"turns":7},{"damage":75,"enemies":"Automaton","floor":33,"turns":8}],"seed_played":"6398979331005023475","potions_obtained":[{"floor":2,"key":"GamblersBrew"},{"floor":7,"key":"GamblersBrew"},{"floor":11,"key":"Ancient Potion"},{"floor":22,"key":"Ancient Potion"},{"floor":27,"key":"SpeedPotion"},{"floor":28,"key":"FairyPotion"}],"is_trial":false,"path_per_floor":["M","M","M","?","M","R","E","T","T","?","E","R","$","?","R","B",null,"M","$","?","M","M","R","M","R","T","E","M","R","?","E","R","B"],"character_chosen":"DEFECT","items_purchased":["Static Discharge","Capacitor","Glacier","Prayer Wheel"],"campfire_rested":3,"item_purchase_floors":[13,19,19,19],"current_hp_per_floor":[68,66,65,65,61,61,36,36,36,36,14,36,36,36,36,15,60,54,54,75,64,49,49,38,38,38,22,22,44,44,25,47,0],"gold":126,"neow_bonus":"HUNDRED_GOLD","is_prod":false,"is_daily":false,"chose_seed":false,"campfire_upgraded":4,"win_rate":0,"timestamp":1556103318,"path_taken":["M","M","M","?","M","R","E","?","T","?","E","R","$","?","R","BOSS","M","$","?","?","M","R","?","R","T","E","M","R","?","E","R","BOSS"],"build_version":"2019-01-23","purchased_purges":0,"victory":false,"max_hp_per_floor":[75,75,75,75,75,75,75,75,75,75,75,75,75,75,75,75,75,75,75,75,75,75,75,75,75,75,75,75,75,75,75,75,75],"card_choices":[{"not_picked":["Coolheaded","Barrage"],"picked":"Sweeping Beam","floor":1},{"not_picked":["Compile Driver","Steam"],"picked":"Conserve Battery","floor":2},{"not_picked":["Multi-Cast","Self Repair","Recycle"],"picked":"SKIP","floor":3},{"not_picked":["Turbo","Leap"],"picked":"Streamline","floor":5},{"not_picked":["Aggregate","Fusion"],"picked":"Hologram","floor":7},{"not_picked":["Turbo","Scrape","Skim"],"picked":"SKIP","floor":11},{"not_picked":["Gash","Coolheaded"],"picked":"Go for the Eyes","floor":12},{"not_picked":["Machine Learning","Thunder Strike"],"picked":"Biased Cognition","floor":16},{"not_picked":["Tempest","Redo+1"],"picked":"Coolheaded","floor":18},{"not_picked":["Hologram","Compile Driver"],"picked":"Consume","floor":21},{"not_picked":["Glacier","Rebound"],"picked":"Core Surge","floor":21},{"not_picked":["Chill+1","Stack"],"picked":"Steam+1","floor":22},{"not_picked":["Compile Driver","Turbo","Cold Snap"],"picked":"SKIP","floor":22},{"not_picked":["Consume","Turbo","Thunder Strike"],"picked":"SKIP","floor":24},{"not_picked":["Cold Snap","Redo+1","Sweeping Beam"],"picked":"SKIP","floor":24},{"not_picked":["Hologram","Chaos"],"picked":"Doom and Gloom","floor":27},{"not_picked":["Double Energy","Chill"],"picked":"Steam+1","floor":28},{"not_picked":["Streamline+1","Echo Form","Steam"],"picked":"SKIP","floor":28},{"not_picked":["Steam","Hello World+1","Rebound+1"],"picked":"SKIP","floor":31}],"player_experience":476723,"relics_obtained":[{"floor":7,"key":"Cables"},{"floor":8,"key":"Anchor"},{"floor":11,"key":"Dream Catcher"},{"floor":26,"key":"Whetstone"},{"floor":27,"key":"Omamori"},{"floor":31,"key":"Unceasing Top"}],"event_choices":[{"damage_healed":0,"gold_gain":0,"player_choice":"Grow","damage_taken":0,"max_hp_gain":0,"max_hp_loss":0,"event_name":"Living Wall","floor":4,"gold_loss":0,"cards_upgraded":["Zap"]},{"damage_healed":0,"gold_gain":0,"player_choice":"Ignored","damage_taken":0,"max_hp_gain":0,"max_hp_loss":0,"event_name":"Liars Game","floor":10,"gold_loss":0},{"damage_healed":0,"gold_gain":30,"player_choice":"Searched \u00271\u0027 times","damage_taken":0,"max_hp_gain":0,"max_hp_loss":0,"event_name":"Dead Adventurer","floor":14,"gold_loss":0},{"damage_healed":21,"gold_gain":0,"player_choice":"Full Heal","damage_taken":0,"max_hp_gain":0,"max_hp_loss":0,"event_name":"Wheel of Change","floor":20,"gold_loss":0},{"damage_healed":0,"gold_gain":0,"player_choice":"Traded Relic","damage_taken":0,"relics_obtained":["Nloth\u0027s Gift"],"max_hp_gain":0,"max_hp_loss":0,"event_name":"N\u0027loth","floor":30,"relics_lost":["Dream Catcher"],"gold_loss":0}],"is_beta":false,"boss_relics":[{"not_picked":["Black Star","Lizard Tail"],"picked":"Nuclear Battery"}],"items_purged_floors":[],"is_endless":false,"potions_floor_spawned":[2,7,11,22,27,28],"killed_by":"Automaton","ascension_level":9}