{"gold_per_floor":[112,123,133,153,168,198,208,237,288,318,318,318,43,53,53,125,125,137,151,76,76,93,122,22,56,56,81,95,95,95,107,107,185,185,201,201,220,17,33,33,68,68,68,98,198,227,227,254,254,254,254,254,254,48,76,76],"floor_reached":57,"playtime":2320,"items_purged":["Strike_B","Strike_B","Strike_B"],"score":3200,"play_id":"d928307e-a4b0-4d5b-99f9-98b353acccc5","local_time":"20190529010004","is_ascension_mode":true,"campfire_choices":[{"data":"Self Repair","floor":11,"key":"SMITH"},{"data":"Juggernaut","floor":15,"key":"SMITH"},{"data":"Reboot","floor":29,"key":"SMITH"},{"data":"After Image","floor":32,"key":"SMITH"},{"data":"Coolheaded","floor":40,"key":"SMITH"},{"data":"Turbo","floor":42,"key":"SMITH"},{"floor":49,"key":"RECALL"},{"data":"Impatience","floor":53,"key":"SMITH"}],"neow_cost":"","seed_source_timestamp":177882738791300,"circlet_count":0,"master_deck":["After Image+1","Juggernaut+1","Glacier","Dualcast","Zap","Defend_B","Defend_B","Defend_B","Defend_B","Strike_B","Self Repair+1","Coolheaded+1","Turbo+1","Reboot+1","Undo","Hologram","FTL","Steam Power+1","Conserve Battery+1","Chill","BootSequence","Coolheaded+1","Impatience+1","Thinking Ahead","Purity","BootSequence+1","Creative AI","Recycle+1"],"relics":["Cracked Core","Regal Pillow","Torii","Omamori","Emotion Chip","Meat on the Bone","Nuclear Battery","Shuriken","Potion Belt","Blood Vial","Inserter","Bag of Preparation","Bottled Tornado","Bottled Flame","Prayer Wheel","Dodecahedron","Toxic Egg 2","Bag of Marbles"],"potions_floor_usage":[5,8,10,23,25,27,33,33,33,51,55,56,56,56],"damage_taken":[{"damage":0,"enemies":"Cultist","floor":1,"turns":3},{"damage":1,"enemies":"2 Louse","floor":2,"turns":3},{"damage":2,"enemies":"Jaw Worm","floor":3,"turns":3},{"damage":12,"enemies":"Blue Slaver","floor":4,"turns":5},{"damage":13,"enemies":"Exordium Thugs","floor":5,"turns":7},{"damage":1,"enemies":"Lagavulin","floor":6,"turns":5},{"damage":8,"enemies":"2 Fungi Beasts","floor":7,"turns":4},{"damage":10,"enemies":"3 Sentries","floor":8,"turns":6},{"damage":29,"enemies":"Gremlin Nob","floor":10,"turns":4},{"damage":1,"enemies":"3 Louse","floor":14,"turns":3},{"damage":6,"enemies":"Hexaghost","floor":16,"turns":7},{"damage":0,"enemies":"Spheric Guardian","floor":18,"turns":3},{"damage":18,"enemies":"Chosen","floor":19,"turns":5},{"damage":11,"enemies":"Centurion and Healer","floor":22,"turns":4},{"damage":20,"enemies":"Slavers","floor":23,"turns":3},{"damage":30,"enemies":"Gremlin Leader","floor":25,"turns":6},{"damage":8,"enemies":"Book of Stabbing","floor":27,"turns":3},{"damage":0,"enemies":"Cultist and Chosen","floor":28,"turns":4},{"damage":0,"enemies":"Snake Plant","floor":31,"turns":2},{"damage":7,"enemies":"Champ","floor":33,"turns":11},{"damage":18,"enemies":"3 Shapes","floor":35,"turns":4},{"damage":11,"enemies":"Orb Walker","floor":37,"turns":3},{"damage":0,"enemies":"Maw","floor":39,"turns":4},{"damage":15,"enemies":"Nemesis","floor":41,"turns":3},{"damage":0,"enemies":"Reptomancer","floor":44,"turns":4},{"damage":0,"enemies":"Mind Bloom Boss Battle","floor":45,"turns":4},{"damage":0,"enemies":"Giant Head","floor":46,"turns":5},{"damage":6,"enemies":"Nemesis","floor":48,"turns":3},{"damage":0,"enemies":"Donu and Deca","floor":50,"turns":7},{"damage":0,"enemies":"Awakened One","floor":51,"turns":9},{"damage":0,"enemies":"Shield and Spear","floor":55,"turns":3},{"damage":53,"enemies":"The Heart","floor":56,"turns":7}],"seed_played":"-5725826180762104989","potions_obtained":[{"floor":2,"key":"Strength Potion"},{"floor":3,"key":"PowerPotion"},{"floor":6,"key":"SkillPotion"},{"floor":10,"key":"Dexterity Potion"},{"floor":16,"key":"SpeedPotion"},{"floor":23,"key":"Explosive Potion"},{"floor":25,"key":"Swift Potion"},{"floor":28,"key":"Weak Potion"},{"floor":30,"key":"SpeedPotion"},{"floor":30,"key":"LiquidBronze"},{"floor":31,"key":"EssenceOfSteel"},{"floor":37,"key":"PowerPotion"},{"floor":44,"key":"Regen Potion"}],"is_trial":true,"path_per_floor":["M","M","M","M","M","E","M","E","T","E","R","?","$","M","R","B",null,"M","M","$","?","M","E","$","E","T","E","M","R","?","M","R","B",null,"M","?","M","$","M","R","E","R","T","E","?","E","?","E","R","B","B",null,"R","$","E","B",null],"character_chosen":"DEFECT","items_purchased":["Meat on the Bone","FocusPotion","BootSequence+1","Creative AI","Energy Potion"],"campfire_rested":0,"item_purchase_floors":[13,38,54,54,54],"current_hp_per_floor":[64,63,68,63,50,56,55,45,45,23,23,23,23,44,44,48,65,71,63,63,63,62,42,42,34,34,48,60,60,60,62,62,67,70,63,63,54,54,66,66,63,63,63,71,71,71,61,67,67,71,71,71,71,71,71,42],"gold":76,"neow_bonus":"","is_prod":false,"is_daily":false,"chose_seed":false,"campfire_upgraded":7,"win_rate":0,"timestamp":1559059204,"path_taken":["M","?","M","M","M","E","M","E","T","E","R","?","$","M","R","BOSS","M","M","$","?","M","E","$","E","T","E","M","R","?","?","R","BOSS","M","?","M","$","M","R","E","R","T","E","?","E","?","E","R","BOSS","BOSS","R","$","E","BOSS"],"build_version":"2019-01-23","purchased_purges":3,"victory":true,"max_hp_per_floor":[71,71,71,71,71,71,71,71,71,71,71,71,71,71,71,71,71,71,71,71,71,71,71,71,71,71,71,71,71,71,71,71,71,71,71,71,71,71,71,71,71,71,71,71,71,71,71,71,71,71,71,71,71,71,71,71],"card_choices":[{"not_picked":["Sweeping Beam","Static Discharge","Heatsinks"],"picked":"SKIP","floor":1},{"not_picked":["Darkness","Hologram"],"picked":"Self Repair","floor":2},{"not_picked":["Barrage","Go for the Eyes"],"picked":"Coolheaded","floor":3},{"not_picked":["Barrage","Redo","Hologram"],"picked":"SKIP","floor":4},{"not_picked":["Storm","Hologram"],"picked":"Turbo","floor":5},{"not_picked":["Electrodynamics","Beam Cell","Ball Lightning"],"picked":"SKIP","floor":6},{"not_picked":["Go for the Eyes","Streamline","Static Discharge"],"picked":"SKIP","floor":7},{"not_picked":["Lockon","FTL","Double Energy"],"picked":"SKIP","floor":8},{"not_picked":["Reinforced Body","Cold Snap","Reprogram"],"picked":"SKIP","floor":10},{"not_picked":["Hello World","Leap","Gash"],"picked":"SKIP","floor":14},{"not_picked":["Amplify","Machine Learning"],"picked":"Reboot","floor":16},{"not_picked":["Gash","Ball Lightning","Sweeping Beam"],"picked":"SKIP","floor":18},{"not_picked":["Ball Lightning","Rebound"],"picked":"Undo","floor":19},{"not_picked":["Stack","Coolheaded","Steam"],"picked":"SKIP","floor":22},{"not_picked":["Stack","Coolheaded","Steam"],"picked":"SKIP","floor":22},{"not_picked":["Leap","Meteor Strike"],"picked":"FTL","floor":23},{"not_picked":["Beam Cell","Steam Power","Doom and Gloom"],"picked":"SKIP","floor":25},{"not_picked":["Blizzard","Doom and Gloom+1","Rainbow"],"picked":"SKIP","floor":27},{"not_picked":["Leap","Conserve Battery","Cold Snap"],"picked":"SKIP","floor":28},{"not_picked":["Stack","Ball Lightning","Streamline"],"picked":"SKIP","floor":31},{"not_picked":["Ball Lightning","Stack"],"picked":"Steam Power+1","floor":35},{"not_picked":["Cold Snap+1","Double Energy"],"picked":"Conserve Battery+1","floor":37},{"not_picked":["Auto Shields","BootSequence"],"picked":"Chill","floor":39},{"not_picked":["Heatsinks","Compile Driver+1","Redo"],"picked":"SKIP","floor":41},{"not_picked":["Hologram","Thunder Strike"],"picked":"BootSequence","floor":44},{"not_picked":["Capacitor+1","Blizzard"],"picked":"Coolheaded+1","floor":45},{"not_picked":["Darkness","Ball Lightning","Lockon"],"picked":"SKIP","floor":46},{"not_picked":["Bandage Up","Mayhem"],"picked":"Impatience","floor":47},{"not_picked":["Dramatic Entrance","Violence"],"picked":"Thinking Ahead","floor":47},{"not_picked":["Swift Strike","Panache"],"picked":"Purity","floor":47},{"not_picked":["Go for the Eyes","Sunder+1","FTL"],"picked":"SKIP","floor":48},{"not_picked":["Turbo+1","Reinforced Body+1"],"picked":"Recycle+1","floor":55}],"player_experience":5183318,"relics_obtained":[{"floor":6,"key":"Regal Pillow"},{"floor":8,"key":"Torii"},{"floor":9,"key":"Omamori"},{"floor":10,"key":"Emotion Chip"},{"floor":23,"key":"Shuriken"},{"floor":25,"key":"Potion Belt"},{"floor":27,"key":"Blood Vial"},{"floor":41,"key":"Bag of Preparation"},{"floor":43,"key":"Bottled Tornado"},{"floor":44,"key":"Bottled Flame"},{"floor":45,"key":"Prayer Wheel"},{"floor":46,"key":"Dodecahedron"},{"floor":48,"key":"Toxic Egg 2"},{"floor":55,"key":"Bag of Marbles"}],"event_choices":[{"damage_healed":0,"gold_gain":0,"player_choice":"Ignored","damage_taken":0,"max_hp_gain":0,"max_hp_loss":0,"event_name":"Shining Light","floor":12,"gold_loss":0},{"damage_healed":0,"gold_gain":0,"player_choice":"Read","damage_taken":0,"max_hp_gain":0,"max_hp_loss":0,"event_name":"The Library","floor":21,"gold_loss":0,"cards_obtained":["Hologram"]},{"damage_healed":0,"gold_gain":0,"player_choice":"Got Potions","damage_taken":0,"max_hp_gain":0,"max_hp_loss":0,"event_name":"Lab","floor":30,"gold_loss":0},{"damage_healed":0,"gold_gain":0,"player_choice":"Ignored","damage_taken":0,"max_hp_gain":0,"max_hp_loss":0,"event_name":"Tomb of Lord Red Mask","floor":36,"gold_loss":0},{"damage_healed":0,"gold_gain":0,"player_choice":"Fight","damage_taken":0,"max_hp_gain":0,"max_hp_loss":0,"event_name":"MindBloom","floor":45,"gold_loss":0},{"damage_healed":0,"gold_gain":0,"player_choice":"Memory 3","damage_taken":10,"max_hp_gain":0,"max_hp_loss":0,"event_name":"SensoryStone","floor":47,"gold_loss":0}],"is_beta":false,"boss_relics":[{"not_picked":["Fusion Hammer","Cursed Key"],"picked":"Nuclear Battery"},{"not_picked":["Velvet Choker","Busted Crown"],"picked":"Inserter"}],"items_purged_floors":[20,24,38],"is_endless":false,"potions_floor_spawned":[2,3,6,10,16,23,25,28,31,37,44,45,48],"ascension_level":20}