{"gold_per_floor":[112,132,145,43,59,59,76,105,105,105,105,124,124,152,152,247,247,267,283,102,122,141,141,63,163,163,182,182,182,192,212,212,212],"floor_reached":33,"playtime":4099,"items_purged":["Strike_B","Strike_B"],"score":311,"play_id":"836adbb8-e2ea-40d5-ab2d-97fe5330d4bc","local_time":"20181126001804","is_ascension_mode":false,"campfire_choices":[{"data":"Electrodynamics","floor":6,"key":"SMITH"},{"floor":11,"key":"REST"},{"data":"Tempest","floor":13,"key":"SMITH"},{"floor":15,"key":"REST"},{"floor":23,"key":"REST"},{"data":"Hologram","floor":28,"key":"SMITH"},{"floor":32,"key":"REST"}],"neow_cost":"NONE","seed_source_timestamp":883532591841984,"circlet_count":0,"master_deck":["Strike_B","Strike_B","Defend_B","Defend_B","Defend_B","Defend_B","Zap","Dualcast","Tempest+1","Electrodynamics+1","Stack","Hologram+1","Barrage","Tempest+1","Ball Lightning","Sweeping Beam","Steam+1","Multi-Cast+1","Steam+1","Reprogram+1","Bandage Up+1","White Noise+1","Leap+1","Tempest+1","Self Repair","Steam+1","Redo+1"],"relics":["Cracked Core","NeowsBlessing","Ornamental Fan","Letter Opener","Toxic Egg 2","Sozu","Thread and Needle","Kunai","Ancient Tea Set","Nilry\u0027s Codex"],"potions_floor_usage":[14,22,33],"damage_taken":[{"damage":0,"enemies":"2 Louse","floor":1,"turns":1},{"damage":0,"enemies":"Cultist","floor":2,"turns":1},{"damage":0,"enemies":"Small Slimes","floor":3,"turns":1},{"damage":6,"enemies":"2 Fungi Beasts","floor":5,"turns":2},{"damage":15,"enemies":"Looter","floor":7,"turns":3},{"damage":9,"enemies":"3 Sentries","floor":8,"turns":2},{"damage":18,"enemies":"Lots of Slimes","floor":12,"turns":3},{"damage":11,"enemies":"Gremlin Nob","floor":14,"turns":3},{"damage":0,"enemies":"Slime Boss","floor":16,"turns":5},{"damage":22,"enemies":"2 Thieves","floor":18,"turns":3},{"damage":12,"enemies":"3 Byrds","floor":19,"turns":3},{"damage":8,"enemies":"Snake Plant","floor":21,"turns":3},{"damage":0,"enemies":"3 Cultists","floor":22,"turns":2},{"damage":18,"enemies":"Colosseum Slavers","floor":25,"turns":3},{"damage":16,"enemies":"Colosseum Nobs","floor":25,"turns":3},{"damage":8,"enemies":"Centurion and Healer","floor":27,"turns":4},{"damage":17,"enemies":"Snake Plant","floor":30,"turns":2},{"damage":1,"enemies":"Shelled Parasite and Fungi","floor":31,"turns":4},{"damage":86,"enemies":"Champ","floor":33,"turns":11}],"seed_played":"-4046098146238734362","potions_obtained":[{"floor":3,"key":"PowerPotion"},{"floor":7,"key":"SteroidPotion"},{"floor":14,"key":"Swift Potion"}],"is_trial":false,"path_per_floor":["M","M","M","$","M","R","M","E","T","?","R","M","R","E","R","B",null,"M","M","$","M","M","R","$","?","T","M","R","?","M","M","R","B"],"character_chosen":"DEFECT","items_purchased":["Hologram","Bandage Up+1","Tempest+1"],"campfire_rested":4,"item_purchase_floors":[4,20,24],"current_hp_per_floor":[75,75,75,75,69,69,54,45,45,45,67,49,49,38,60,60,75,53,41,41,39,45,67,67,45,45,50,50,34,24,36,58,0],"gold":212,"neow_bonus":"THREE_ENEMY_KILL","is_prod":false,"is_daily":false,"chose_seed":false,"campfire_upgraded":3,"win_rate":0.0,"timestamp":1543159084,"path_taken":["M","M","M","$","M","R","M","E","T","?","R","M","R","E","R","BOSS","M","M","$","M","M","R","$","?","T","M","R","?","M","M","R","BOSS"],"build_version":"2018-11-15","purchased_purges":2,"victory":false,"max_hp_per_floor":[75,75,75,75,75,75,75,75,75,75,75,75,75,75,75,75,75,75,75,75,75,75,75,75,75,75,75,75,75,75,75,75,75],"card_choices":[{"not_picked":["Sweeping Beam","Compile Driver"],"picked":"Tempest","floor":1},{"not_picked":["Stack","Doom and Gloom"],"picked":"Electrodynamics","floor":2},{"not_picked":["Storm","Compile Driver"],"picked":"Stack","floor":3},{"not_picked":["Gash","Hologram"],"picked":"Barrage","floor":5},{"not_picked":["Skim","Steam Power"],"picked":"Tempest","floor":7},{"not_picked":["Stack","Blizzard"],"picked":"Ball Lightning","floor":8},{"not_picked":["Consume","Skim"],"picked":"Sweeping Beam","floor":12},{"not_picked":["Barrage","Go for the Eyes"],"picked":"Steam","floor":14},{"not_picked":["Buffer","Amplify+1"],"picked":"Multi-Cast+1","floor":16},{"not_picked":["Hologram+1","Stack+1"],"picked":"Steam+1","floor":18},{"not_picked":["Steam+1","Go for the Eyes"],"picked":"Reprogram+1","floor":19},{"not_picked":["Redo+1","Beam Cell+1"],"picked":"White Noise+1","floor":21},{"not_picked":["Beam Cell+1","Go for the Eyes"],"picked":"Leap+1","floor":22},{"not_picked":["FTL","Leap+1"],"picked":"Self Repair","floor":25},{"not_picked":["Go for the Eyes+1","Force Field+1"],"picked":"Steam+1","floor":27},{"not_picked":["Streamline","Glacier+1"],"picked":"Redo+1","floor":30},{"not_picked":["Force Field+1","Coolheaded+1","Barrage"],"picked":"SKIP","floor":31}],"player_experience":6522,"relics_obtained":[{"floor":8,"key":"Ornamental Fan"},{"floor":9,"key":"Letter Opener"},{"floor":14,"key":"Toxic Egg 2"},{"floor":25,"key":"Thread and Needle"},{"floor":25,"key":"Kunai"},{"floor":26,"key":"Ancient Tea Set"},{"floor":29,"key":"Nilry\u0027s Codex"}],"event_choices":[{"damage_healed":0,"gold_gain":0,"player_choice":"Upgraded","damage_taken":0,"max_hp_gain":0,"max_hp_loss":0,"event_name":"Upgrade Shrine","floor":10,"gold_loss":0,"cards_upgraded":["Tempest"]},{"damage_healed":0,"gold_gain":0,"player_choice":"Fight","damage_taken":0,"max_hp_gain":0,"max_hp_loss":0,"event_name":"Colosseum","floor":25,"gold_loss":0},{"damage_healed":0,"gold_gain":0,"player_choice":"Fought Nobs","damage_taken":0,"max_hp_gain":0,"max_hp_loss":0,"event_name":"Colosseum","floor":25,"gold_loss":0},{"damage_healed":0,"gold_gain":0,"player_choice":"Obtained Book","damage_taken":16,"max_hp_gain":0,"max_hp_loss":0,"event_name":"Cursed Tome","floor":29,"gold_loss":0}],"is_beta":false,"boss_relics":[{"not_picked":["Black Star","White Beast Statue"],"picked":"Sozu"}],"items_purged_floors":[4,20],"is_endless":false,"potions_floor_spawned":[3,7,14,25,25,27,30],"killed_by":"Champ","ascension_level":0}