{"gold_per_floor":[116,126,139,149,163,163,173,183,229,229,242,242,242,41,41,113,113,124,138,53,73,73],"floor_reached":22,"playtime":587,"items_purged":["Strike_B"],"score":364,"play_id":"b7f2bd45-dda9-4430-8096-408fa81ca88b","local_time":"20190422013438","is_ascension_mode":true,"campfire_choices":[{"floor":6.0,"key":"REST"},{"floor":10,"key":"REST"},{"data":"Hello World","floor":12,"key":"SMITH"},{"data":"Storm","floor":15,"key":"SMITH"}],"neow_cost":"NONE","seed_source_timestamp":80823107154600,"circlet_count":0,"master_deck":["AscendersBane","Strike_B","Strike_B","Strike_B","Defend_B","Defend_B","Defend_B","Defend_B","Zap","Dualcast","Compile Driver","Conserve Battery","Conserve Battery","Hello World+1","Ball Lightning","Storm+1","Storm","Undo","Glacier","Loop","Fission","Barrage"],"special_seed":0,"relics":["Inserter","Bag of Preparation","Nuclear Battery","Happy Flower"],"potions_floor_usage":[11,19],"damage_taken":[{"damage":12.0,"enemies":"Jaw Worm","floor":1.0,"turns":4.0},{"damage":7.0,"enemies":"Cultist","floor":2.0,"turns":4.0},{"damage":10.0,"enemies":"Small Slimes","floor":3.0,"turns":5.0},{"damage":1.0,"enemies":"3 Louse","floor":4.0,"turns":6.0},{"damage":14.0,"enemies":"Blue Slaver","floor":5.0,"turns":6.0},{"damage":16.0,"enemies":"Large Slime","floor":7.0,"turns":7.0},{"damage":9.0,"enemies":"Red Slaver","floor":8.0,"turns":4.0},{"damage":0,"enemies":"Lots of Slimes","floor":11,"turns":1},{"damage":25,"enemies":"Hexaghost","floor":16,"turns":10},{"damage":0,"enemies":"Spheric Guardian","floor":18,"turns":4},{"damage":1,"enemies":"Shell Parasite","floor":19,"turns":12},{"damage":23,"enemies":"Sentry and Sphere","floor":21,"turns":6},{"damage":31,"enemies":"Snake Plant","floor":22,"turns":2}],"seed_played":"-1219054710155674663","potions_obtained":[{"floor":4.0,"key":"EssenceOfSteel"},{"floor":5.0,"key":"AttackPotion"},{"floor":11,"key":"Dexterity Potion"},{"floor":21,"key":"SteroidPotion"}],"is_trial":false,"path_per_floor":["M","M","M","M","M","R","M","M","T","R","M","R","?","$","R","B",null,"M","M","?","M","M"],"character_chosen":"DEFECT","items_purchased":["Glacier","Loop"],"campfire_rested":2,"item_purchase_floors":[14,14],"current_hp_per_floor":[52,45,35,34,20,41,25,16,16,37,37,37,33,33,33,8,55,55,54,54,31,0],"gold":73,"neow_bonus":"BOSS_RELIC","is_prod":false,"is_daily":false,"chose_seed":false,"campfire_upgraded":2,"win_rate":0,"timestamp":1555864478,"path_taken":["M","M","M","M","M","R","M","M","T","R","M","R","?","$","R","BOSS","M","M","?","M","M"],"build_version":"2019-01-23","purchased_purges":1,"victory":false,"max_hp_per_floor":[71,71,71,71,71,71,71,71,71,71,71,71,71,71,71,71,71,71,71,71,71,71],"card_choices":[{"not_picked":["Go for the Eyes","Hologram"],"picked":"Compile Driver","floor":1.0},{"not_picked":["Force Field","Fission"],"picked":"Conserve Battery","floor":2.0},{"not_picked":["Double Energy","Go for the Eyes"],"picked":"Conserve Battery","floor":3.0},{"not_picked":["Conserve Battery","Go for the Eyes"],"picked":"Hello World","floor":4.0},{"not_picked":["Conserve Battery","Stack"],"picked":"Ball Lightning","floor":5.0},{"not_picked":["Redo","Streamline"],"picked":"Storm","floor":7.0},{"not_picked":["Go for the Eyes","Echo Form"],"picked":"Storm","floor":8},{"not_picked":["Scrape","Hologram"],"picked":"Undo","floor":11},{"not_picked":["All For One","Rainbow"],"picked":"Fission","floor":16},{"not_picked":["Sweeping Beam","Lockon","Undo"],"picked":"SKIP","floor":18},{"not_picked":["Streamline","Rebound","Leap"],"picked":"SKIP","floor":19},{"not_picked":["Hologram","Coolheaded"],"picked":"Barrage","floor":21}],"player_experience":4857225,"relics_obtained":[{"floor":9,"key":"Bag of Preparation"}],"event_choices":[{"damage_healed":0,"gold_gain":0,"player_choice":"Bought 0 Potions","damage_taken":0,"max_hp_gain":0,"max_hp_loss":0,"event_name":"The Woman in Blue","floor":13,"gold_loss":0},{"damage_healed":0,"gold_gain":0,"player_choice":"Obtained Relic","damage_taken":0,"relics_obtained":["Happy Flower"],"max_hp_gain":0,"max_hp_loss":0,"event_name":"Addict","floor":20,"gold_loss":85}],"is_beta":false,"boss_relics":[{"not_picked":["Busted Crown","Ectoplasm"],"picked":"Nuclear Battery"}],"items_purged_floors":[14],"is_endless":false,"potions_floor_spawned":[4,5,11,16,21],"killed_by":"Snake Plant","ascension_level":20}