{"gold_per_floor":[109,109,124,148,148,148,55,55,101,101,124,147,161,185,185,185],"floor_reached":16,"playtime":439,"items_purged":[],"score":183,"play_id":"8da54f3b-dbf7-441a-a104-b4bfcb53de68","local_time":"20190304133137","is_ascension_mode":true,"campfire_choices":[{"floor":6,"key":"REST"},{"data":"Sunder","floor":8,"key":"SMITH"},{"data":"Streamline","floor":10,"key":"SMITH"},{"floor":15,"key":"REST"}],"neow_cost":"NONE","seed_source_timestamp":100607414680511,"circlet_count":0,"master_deck":["AscendersBane","Strike_B","Strike_B","Strike_B","Strike_B","Defend_B","Defend_B","Defend_B","Defend_B","Zap","Dualcast","Echo Form","Streamline+1","Leap","Melter","Sunder+1","Defragment","Ball Lightning","White Noise","Defragment","Electrodynamics"],"relics":["Cracked Core","Golden Idol","The Courier","Oddly Smooth Stone"],"potions_floor_usage":[14,16],"damage_taken":[{"damage":2,"enemies":"Cultist","floor":1,"turns":4},{"damage":9,"enemies":"Jaw Worm","floor":3,"turns":4},{"damage":7,"enemies":"Small Slimes","floor":4,"turns":3},{"damage":20,"enemies":"3 Louse","floor":11,"turns":3},{"damage":0,"enemies":"Exordium Thugs","floor":12,"turns":3},{"damage":0,"enemies":"2 Fungi Beasts","floor":13,"turns":4},{"damage":13,"enemies":"Lots of Slimes","floor":14,"turns":5},{"damage":35,"enemies":"Hexaghost","floor":16,"turns":9}],"seed_played":"-5101539860701120510","potions_obtained":[{"floor":11,"key":"Weak Potion"},{"floor":12,"key":"EssenceOfSteel"}],"is_trial":false,"path_per_floor":["M","?","M","M","T","R","$","R","T","R","M","M","M","M","R","B"],"character_chosen":"DEFECT","items_purchased":["Sunder","Defragment"],"campfire_rested":2,"item_purchase_floors":[7,7],"current_hp_per_floor":[62,38,29,22,22,43,43,43,43,43,23,23,23,10,31,0],"gold":185,"neow_bonus":"ONE_RANDOM_RARE_CARD","is_prod":false,"is_daily":false,"chose_seed":false,"campfire_upgraded":2,"win_rate":0,"timestamp":1551673897,"path_taken":["M","?","M","M","?","R","$","R","T","R","M","M","M","M","R","BOSS"],"build_version":"2019-01-23","purchased_purges":0,"victory":false,"max_hp_per_floor":[71,71,71,71,71,71,71,71,71,71,71,71,71,71,71,71],"card_choices":[{"not_picked":["Leap","Go for the Eyes"],"picked":"Streamline","floor":1},{"not_picked":["Steam","Storm"],"picked":"Leap","floor":3},{"not_picked":["Turbo","Steam Power"],"picked":"Melter","floor":4},{"not_picked":["Skim","Barrage"],"picked":"Ball Lightning","floor":11},{"not_picked":["Redo","Cold Snap"],"picked":"White Noise","floor":12},{"not_picked":["Go for the Eyes","Sweeping Beam"],"picked":"Defragment","floor":13},{"not_picked":["Gash","Compile Driver"],"picked":"Electrodynamics","floor":14}],"player_experience":716776,"relics_obtained":[{"floor":5,"key":"The Courier"},{"floor":9,"key":"Oddly Smooth Stone"}],"event_choices":[{"damage_healed":0,"gold_gain":0,"player_choice":"Take Damage","damage_taken":24,"relics_obtained":["Golden Idol"],"max_hp_gain":0,"max_hp_loss":0,"event_name":"Golden Idol","floor":2,"gold_loss":0}],"is_beta":false,"boss_relics":[],"items_purged_floors":[],"is_endless":false,"potions_floor_spawned":[11,12],"killed_by":"Hexaghost","ascension_level":19}