{"gold_per_floor":[110,110,126,126,126,126,149,149,149,149,174,174,207,232,232,322,322,347,366,391,391,391],"floor_reached":22,"playtime":596,"items_purged":[],"score":344,"play_id":"1045f4e7-58d1-4e4d-89ce-f3d2dfd9144f","local_time":"20190602170329","is_ascension_mode":true,"campfire_choices":[{"data":"Dualcast","floor":6.0,"key":"SMITH"},{"floor":8.0,"key":"REST"},{"data":"Zap","floor":10.0,"key":"SMITH"},{"data":"Go for the Eyes","floor":12.0,"key":"SMITH"},{"floor":15,"key":"REST"}],"neow_cost":"NONE","seed_source_timestamp":67325578579164,"circlet_count":0,"master_deck":["AscendersBane","Strike_B+1","Strike_B","Strike_B+1","Defend_B+1","Defend_B","Defend_B","Zap+1","Dualcast+1","Gash+1","Recycle","Hologram","Go for the Eyes+1","All For One","BootSequence","Streamline","Gash","Coolheaded"],"special_seed":0,"relics":["Cracked Core","NeowsBlessing","Bloody Idol","FossilizedHelix","Whetstone","Empty Cage"],"potions_floor_usage":[16],"damage_taken":[{"damage":0.0,"enemies":"Small Slimes","floor":1.0,"turns":1.0},{"damage":0.0,"enemies":"Jaw Worm","floor":3.0,"turns":1.0},{"damage":0.0,"enemies":"Cultist","floor":7.0,"turns":1.0},{"damage":9.0,"enemies":"3 Louse","floor":11.0,"turns":3.0},{"damage":9,"enemies":"Gremlin Nob","floor":13,"turns":4},{"damage":0,"enemies":"Large Slime","floor":14,"turns":3},{"damage":37,"enemies":"Hexaghost","floor":16,"turns":9},{"damage":22,"enemies":"3 Byrds","floor":18,"turns":5},{"damage":0,"enemies":"Spheric Guardian","floor":19,"turns":3},{"damage":44,"enemies":"Cultist and Chosen","floor":20,"turns":6},{"damage":9,"enemies":"3 Cultists","floor":22,"turns":3}],"seed_played":"-2952374603690689627","potions_obtained":[{"floor":11.0,"key":"FairyPotion"},{"floor":13,"key":"GamblersBrew"},{"floor":14,"key":"Strength Potion"},{"floor":20,"key":"SteroidPotion"}],"is_trial":false,"path_per_floor":["M","?","M","?","?","R","M","R","T","R","M","R","E","M","R","B",null,"M","M","M","?","M"],"character_chosen":"DEFECT","items_purchased":[],"campfire_rested":2,"item_purchase_floors":[],"current_hp_per_floor":[64,40,40,45,22,22,22,44,44,44,35,35,26,26,48,11,60,38,38,7,7,0],"gold":391,"neow_bonus":"THREE_ENEMY_KILL","is_prod":false,"is_daily":false,"chose_seed":false,"campfire_upgraded":3,"win_rate":0,"timestamp":1559466209,"path_taken":["M","?","M","?","?","R","M","R","T","R","M","R","E","?","R","BOSS","M","M","?","?","M"],"build_version":"2019-01-23","purchased_purges":0,"victory":false,"max_hp_per_floor":[71,71,71,76,76,76,76,76,76,76,76,76,76,76,76,76,76,76,76,76,76,76],"card_choices":[{"not_picked":["Streamline","Stack"],"picked":"Gash","floor":1.0},{"not_picked":["Conserve Battery","Barrage"],"picked":"Recycle","floor":3.0},{"not_picked":["Ball Lightning","Lockon"],"picked":"Hologram","floor":7.0},{"not_picked":["Heatsinks","Steam"],"picked":"Go for the Eyes","floor":11.0},{"not_picked":["Heatsinks","Conserve Battery"],"picked":"All For One","floor":13},{"not_picked":["Sweeping Beam","Ball Lightning"],"picked":"BootSequence","floor":14},{"not_picked":["Hologram","Doom and Gloom"],"picked":"Streamline","floor":18},{"not_picked":["Consume","Barrage"],"picked":"Gash","floor":19},{"not_picked":["Aggregate","Blizzard"],"picked":"Coolheaded","floor":20}],"player_experience":624020,"relics_obtained":[{"floor":9.0,"key":"FossilizedHelix"},{"floor":13,"key":"Whetstone"}],"event_choices":[{"damage_healed":0.0,"max_hp_gain":0.0,"max_hp_loss":0.0,"gold_gain":0.0,"event_name":"Golden Idol","player_choice":"Take Damage","floor":2.0,"gold_loss":0.0,"damage_taken":24.0,"relics_obtained":["Golden Idol"]},{"damage_healed":0.0,"max_hp_gain":5.0,"max_hp_loss":0.0,"gold_gain":0.0,"event_name":"Big Fish","player_choice":"Donut","floor":4.0,"gold_loss":0.0,"damage_taken":0.0},{"damage_healed":0.0,"max_hp_gain":0.0,"max_hp_loss":0.0,"gold_gain":0.0,"event_name":"Shining Light","player_choice":"Entered Light","floor":5.0,"gold_loss":0.0,"damage_taken":23.0,"cards_upgraded":["Defend_B","Gash"]},{"damage_healed":0,"gold_gain":0,"player_choice":"Gave Idol","damage_taken":0,"relics_obtained":["Bloody Idol"],"max_hp_gain":0,"max_hp_loss":0,"event_name":"Forgotten Altar","floor":21,"relics_lost":["Golden Idol"],"gold_loss":0}],"is_beta":false,"boss_relics":[{"not_picked":["Inserter","Snecko Eye"],"picked":"Empty Cage"}],"items_purged_floors":[],"is_endless":false,"potions_floor_spawned":[11,13,14,20],"killed_by":"3 Cultists","ascension_level":17}