{"gold_per_floor":[112,122,122,33,47,81,81,113,139,139,159,159,84,84,84,156,156,172,222,7,25,37,37,37,37,67,67,67,78,102,102],"floor_reached":31,"playtime":1081,"items_purged":["Strike_G"],"score":446,"play_id":"1dc81056-2b76-4fd1-a445-84f4e3ea7e33","local_time":"20190516084741","is_ascension_mode":true,"campfire_choices":[{"data":"Dash","floor":7,"key":"SMITH"},{"data":"Dash","floor":10,"key":"SMITH"},{"data":"Noxious Fumes","floor":12,"key":"SMITH"},{"floor":15,"key":"REST"},{"floor":23,"key":"REST"},{"data":"Footwork","floor":28,"key":"SMITH"}],"neow_cost":"NONE","seed_source_timestamp":1698562269130211,"circlet_count":0,"master_deck":["AscendersBane","Defend_G","Defend_G","Defend_G","Defend_G","Defend_G","Strike_G","Strike_G","Survivor","Neutralize","Skewer+1","Sucker Punch","Caltrops","Dash+1","Dash+1","Bullet Time","Noxious Fumes+1","Sucker Punch+1","Footwork+1","Calculated Gamble+1"],"relics":["Ring of the Snake","NeowsBlessing","Smiling Mask","Pen Nib","White Beast Statue","Potion Belt","Tiny Chest","Centennial Puzzle","Regal Pillow"],"potions_floor_usage":[6,8,18,22,29,31,31],"damage_taken":[{"damage":0,"enemies":"Cultist","floor":1,"turns":1},{"damage":0,"enemies":"Small Slimes","floor":2,"turns":1},{"damage":0,"enemies":"Jaw Worm","floor":5,"turns":1},{"damage":42,"enemies":"Lagavulin","floor":6,"turns":7},{"damage":11,"enemies":"Gremlin Nob","floor":8,"turns":6},{"damage":0,"enemies":"2 Fungi Beasts","floor":11,"turns":3},{"damage":3,"enemies":"The Guardian","floor":16,"turns":9},{"damage":6,"enemies":"Spheric Guardian","floor":18,"turns":6},{"damage":31,"enemies":"2 Thieves","floor":21,"turns":5},{"damage":9,"enemies":"Centurion and Healer","floor":22,"turns":7},{"damage":6,"enemies":"Snake Plant","floor":29,"turns":5},{"damage":26,"enemies":"Gremlin Leader","floor":31,"turns":8}],"seed_played":"-4741482777786742754","potions_obtained":[{"floor":1,"key":"Ancient Potion"},{"floor":5,"key":"Regen Potion"},{"floor":8,"key":"Dexterity Potion"},{"floor":18,"key":"SkillPotion"},{"floor":21,"key":"Swift Potion"},{"floor":22,"key":"Swift Potion"},{"floor":29,"key":"Fire Potion"}],"is_trial":false,"path_per_floor":["M","M","?","$","M","E","R","E","T","R","M","R","?","?","R","B",null,"M","?","$","M","M","R","$","?","T","?","R","M","T","E"],"character_chosen":"THE_SILENT","items_purchased":["Caltrops","Potion Belt"],"campfire_rested":2,"item_purchase_floors":[4,20],"current_hp_per_floor":[59,59,59,59,59,30,30,19,19,19,19,19,19,19,38,35,58,52,52,52,21,12,31,31,31,31,31,31,25,25,0],"gold":102,"neow_bonus":"THREE_ENEMY_KILL","is_prod":false,"is_daily":false,"chose_seed":false,"campfire_upgraded":4,"win_rate":0,"timestamp":1557964061,"path_taken":["M","?","?","?","M","E","R","E","T","R","M","R","?","?","R","BOSS","M","?","$","M","M","R","$","?","T","?","R","?","?","E"],"build_version":"2019-05-07","purchased_purges":1,"victory":false,"max_hp_per_floor":[66,66,66,66,66,66,66,66,66,66,66,66,66,66,66,66,66,66,66,66,66,66,66,66,66,66,66,66,66,66,66],"card_choices":[{"not_picked":["Cloak And Dagger","Leg Sweep"],"picked":"Skewer","floor":1},{"not_picked":["Underhanded Strike","Backflip"],"picked":"Sucker Punch","floor":2},{"not_picked":["Dagger Spray","Acrobatics"],"picked":"Dash","floor":5},{"not_picked":["Heel Hook","Skewer"],"picked":"Dash","floor":6},{"not_picked":["Distraction","Caltrops"],"picked":"Bullet Time","floor":8},{"not_picked":["Blade Dance","Deadly Poison"],"picked":"Noxious Fumes","floor":11},{"not_picked":["Envenom","Grand Finale"],"picked":"Doppelganger","floor":16},{"not_picked":["Caltrops","Dagger Spray"],"picked":"Sucker Punch+1","floor":18},{"not_picked":["Quick Slash","Expertise"],"picked":"Footwork","floor":21},{"not_picked":["Deflect","All Out Attack"],"picked":"Calculated Gamble+1","floor":22},{"not_picked":["Deflect","Underhanded Strike","Tactician"],"picked":"SKIP","floor":29}],"player_experience":3261636,"relics_obtained":[{"floor":6,"key":"Smiling Mask"},{"floor":8,"key":"Pen Nib"},{"floor":26,"key":"Tiny Chest"},{"floor":30,"key":"Regal Pillow"}],"event_choices":[{"damage_healed":0,"gold_gain":0,"player_choice":"Upgraded","damage_taken":0,"max_hp_gain":0,"max_hp_loss":0,"event_name":"Upgrade Shrine","floor":3,"gold_loss":0,"cards_upgraded":["Skewer"]},{"cards_removed":["Strike_G"],"damage_healed":0,"gold_gain":0,"player_choice":"Card Removal","damage_taken":0,"max_hp_gain":0,"max_hp_loss":0,"event_name":"The Cleric","floor":13,"gold_loss":75},{"cards_removed":["Strike_G"],"damage_healed":0,"gold_gain":0,"player_choice":"Forget","damage_taken":0,"max_hp_gain":0,"max_hp_loss":0,"event_name":"Living Wall","floor":14,"gold_loss":0},{"damage_healed":0,"gold_gain":50,"player_choice":"Stole From Cult","damage_taken":0,"max_hp_gain":0,"max_hp_loss":0,"event_name":"Nest","floor":19,"gold_loss":0},{"damage_healed":0,"gold_gain":0,"player_choice":"Ignored","damage_taken":0,"max_hp_gain":0,"max_hp_loss":0,"event_name":"Beggar","floor":25,"gold_loss":0},{"cards_removed":["Doppelganger"],"damage_healed":0,"gold_gain":0,"player_choice":"Gave Card","damage_taken":0,"relics_obtained":["Centennial Puzzle"],"max_hp_gain":0,"max_hp_loss":0,"event_name":"WeMeetAgain","floor":27,"gold_loss":0}],"is_beta":true,"boss_relics":[{"not_picked":["Cursed Key","Fusion Hammer"],"picked":"White Beast Statue"}],"items_purged_floors":[20],"is_endless":false,"potions_floor_spawned":[1,5,8,18,21,22,29],"killed_by":"Gremlin Leader","ascension_level":17}