{"gold_per_floor":[112,128,128,128,147,172,172,192,217,217,232,245,265,45,45,121,121,139,64,64,51,51,51,86,106,154,78,78,78,78,92,92,169,169,185,185,185,101,117,117,131,131,131,131,144,144,44,79,79,79,79,79,4,33,33],"floor_reached":55,"playtime":3389,"items_purged":["Strike_B","Strike_B+1"],"score":1369,"play_id":"2036e7a7-aaab-4ae7-a9ff-a2a745a8edbe","local_time":"20190423004513","is_ascension_mode":true,"campfire_choices":[{"data":"Fusion","floor":7.0,"key":"SMITH"},{"data":"Hologram","floor":10.0,"key":"SMITH"},{"data":"Go for the Eyes","floor":15.0,"key":"SMITH"},{"data":"Dualcast","floor":23.0,"key":"SMITH"},{"floor":30.0,"key":"REST"},{"floor":32.0,"key":"REST"},{"data":"Defragment","floor":40.0,"key":"SMITH"},{"data":"Reinforced Body","floor":42.0,"key":"SMITH"},{"floor":44.0,"key":"REST"},{"floor":49.0,"key":"RECALL"},{"data":"Biased Cognition","floor":52.0,"key":"SMITH"}],"neow_cost":"NONE","seed_source_timestamp":892503379865629,"circlet_count":0,"master_deck":["AscendersBane","Strike_B+1","Defend_B+1","Defend_B+1","Defend_B+1","Defend_B+1","Zap+1","Dualcast+1","Go for the Eyes+1","Hologram+1","Fusion+1","Streamline","Ball Lightning","Electrodynamics","Conserve Battery+1","Ball Lightning","Thunder Strike","Coolheaded+1","Loop","Conserve Battery+1","Capacitor","Hologram","Multi-Cast","Biased Cognition+1","Capacitor","All For One","Reinforced Body+1","Heatsinks+1","Stack+1","Defragment+1","BootSequence","Loop"],"special_seed":0,"relics":["FrozenCore","NeowsBlessing","Orichalcum","Bag of Marbles","Runic Capacitor","Pear","Dream Catcher","War Paint","Pantograph","Orrery","DataDisk","Regal Pillow","Emotion Chip"],"potions_floor_usage":[54,55,55],"damage_taken":[{"damage":0.0,"enemies":"Cultist","floor":1.0,"turns":1.0},{"damage":0.0,"enemies":"Jaw Worm","floor":2.0,"turns":1.0},{"damage":0.0,"enemies":"2 Louse","floor":5.0,"turns":1.0},{"damage":22.0,"enemies":"Lagavulin","floor":6.0,"turns":7.0},{"damage":9.0,"enemies":"Looter","floor":8.0,"turns":3.0},{"damage":11.0,"enemies":"Lots of Slimes","floor":11.0,"turns":2.0},{"damage":8.0,"enemies":"Large Slime","floor":12.0,"turns":4.0},{"damage":4.0,"enemies":"Exordium Thugs","floor":13.0,"turns":3.0},{"damage":0.0,"enemies":"Hexaghost","floor":16.0,"turns":8.0},{"damage":8.0,"enemies":"Spheric Guardian","floor":18.0,"turns":5.0},{"damage":18.0,"enemies":"2 Thieves","floor":21.0,"turns":4.0},{"damage":28.0,"enemies":"Slavers","floor":24.0,"turns":5.0},{"damage":8.0,"enemies":"Sentry and Sphere","floor":25.0,"turns":6.0},{"damage":6.0,"enemies":"Centurion and Healer","floor":31.0,"turns":7.0},{"damage":31.0,"enemies":"Collector","floor":33.0,"turns":11.0},{"damage":7.0,"enemies":"Orb Walker","floor":35.0,"turns":7.0},{"damage":30.0,"enemies":"3 Darklings","floor":39.0,"turns":7.0},{"damage":4.0,"enemies":"Sphere and 2 Shapes","floor":41.0,"turns":5.0},{"damage":15.0,"enemies":"4 Shapes","floor":45.0,"turns":3.0},{"damage":0.0,"enemies":"Giant Head","floor":48.0,"turns":10.0},{"damage":24.0,"enemies":"Donu and Deca","floor":50.0,"turns":12.0},{"damage":23,"enemies":"Shield and Spear","floor":54,"turns":9},{"damage":78,"enemies":"The Heart","floor":55,"turns":8}],"seed_played":"2776479189511995919","potions_obtained":[{"floor":2.0,"key":"Dexterity Potion"},{"floor":5.0,"key":"Strength Potion"},{"floor":6.0,"key":"FocusPotion"},{"floor":16.0,"key":"Ancient Potion"},{"floor":18.0,"key":"FocusPotion"},{"floor":24.0,"key":"Swift Potion"},{"floor":33.0,"key":"Strength Potion"},{"floor":48.0,"key":"Ancient Potion"},{"floor":54,"key":"AttackPotion"}],"is_trial":false,"path_per_floor":["M","M","?","?","M","E","R","M","T","R","M","M","M","$","R","B",null,"M","$","?","M","T","R","E","M","T","$","?","T","R","M","R","B",null,"M","?","$","$","M","R","M","R","T","R","M","?","$","E","R","B",null,"R","$","E","B"],"character_chosen":"DEFECT","items_purchased":["Runic Capacitor","Capacitor","Defragment","Loop"],"campfire_rested":3,"item_purchase_floors":[14,27,38,53],"current_hp_per_floor":[64,64,69,69,69,47,47,38,38,38,27,19,15,15,15,15,61,53,53,53,35,45,45,17,9,9,9,9,9,34,28,53,47,76,69,69,69,69,39,39,35,35,35,60,45,45,45,45,45,46,76,76,76,53,0],"gold":33,"neow_bonus":"THREE_ENEMY_KILL","is_prod":false,"is_daily":false,"chose_seed":false,"campfire_upgraded":7,"win_rate":0,"timestamp":1555947913,"path_taken":["M","?","?","?","M","E","R","M","T","R","?","M","M","$","R","BOSS","M","$","?","M","?","R","E","M","T","?","?","?","R","?","R","BOSS","M","?","?","$","M","R","M","R","T","R","M","?","$","E","R","BOSS","R","$","E","BOSS"],"build_version":"2019-04-21","purchased_purges":2,"victory":false,"max_hp_per_floor":[71,71,76,76,76,76,76,76,76,76,76,76,76,76,76,76,76,76,76,76,76,86,86,86,86,86,86,86,86,86,86,86,86,86,86,86,86,86,86,86,86,86,86,86,86,86,86,86,86,86,86,86,86,86,86],"card_choices":[{"not_picked":["Leap","Stack"],"picked":"Go for the Eyes","floor":1.0},{"not_picked":["Stack","Turbo"],"picked":"Hologram","floor":2.0},{"not_picked":["FTL","Turbo"],"picked":"Streamline","floor":5.0},{"not_picked":["Coolheaded","Rebound"],"picked":"Ball Lightning","floor":6.0},{"not_picked":["Redo","Glacier"],"picked":"Electrodynamics","floor":8.0},{"not_picked":["Beam Cell","Hello World"],"picked":"Coolheaded","floor":11.0},{"not_picked":["Stack","Turbo"],"picked":"Conserve Battery","floor":12.0},{"not_picked":["Leap","Gash"],"picked":"Ball Lightning","floor":13.0},{"not_picked":["Electrodynamics","Multi-Cast"],"picked":"Thunder Strike","floor":16.0},{"not_picked":["Cold Snap","Scrape"],"picked":"Coolheaded+1","floor":18.0},{"not_picked":["Heatsinks","Sweeping Beam"],"picked":"Loop","floor":21.0},{"not_picked":["Coolheaded","Go for the Eyes+1"],"picked":"Conserve Battery+1","floor":24.0},{"not_picked":["Coolheaded","Doom and Gloom","Stack"],"picked":"SKIP","floor":25.0},{"not_picked":["Darkness","Turbo+1"],"picked":"Hologram","floor":31.0},{"not_picked":["Scrape","Conserve Battery"],"picked":"Multi-Cast","floor":32.0},{"not_picked":["Reboot","Core Surge"],"picked":"Biased Cognition","floor":33.0},{"not_picked":["Recycle","Turbo"],"picked":"Capacitor","floor":34.0},{"not_picked":["Turbo","Leap"],"picked":"All For One","floor":34.0},{"not_picked":["Compile Driver","Turbo"],"picked":"Reinforced Body","floor":34.0},{"not_picked":["Chaos","Stack"],"picked":"Heatsinks+1","floor":34.0},{"not_picked":["Turbo","Tempest"],"picked":"Stack+1","floor":35.0},{"not_picked":["Steam+1","Static Discharge","Compile Driver"],"picked":"SKIP","floor":39.0},{"not_picked":["Go for the Eyes+1","Compile Driver","Turbo"],"picked":"SKIP","floor":41.0},{"not_picked":["Auto Shields","Sweeping Beam+1","Reprogram"],"picked":"SKIP","floor":45.0},{"not_picked":["Multi-Cast","Sweeping Beam"],"picked":"BootSequence","floor":48.0},{"not_picked":["Turbo","Doom and Gloom","FTL"],"picked":"SKIP","floor":54}],"player_experience":3014463,"relics_obtained":[{"floor":6.0,"key":"Orichalcum"},{"floor":9.0,"key":"Bag of Marbles"},{"floor":22.0,"key":"Pear"},{"floor":24.0,"key":"Dream Catcher"},{"floor":26.0,"key":"War Paint"},{"floor":29.0,"key":"Pantograph"},{"floor":48.0,"key":"Regal Pillow"},{"floor":54,"key":"Emotion Chip"}],"event_choices":[{"damage_healed":0.0,"max_hp_gain":5.0,"max_hp_loss":0.0,"gold_gain":0.0,"event_name":"Big Fish","player_choice":"Donut","floor":3.0,"gold_loss":0.0,"damage_taken":0.0},{"damage_healed":0.0,"max_hp_gain":0.0,"max_hp_loss":0.0,"gold_gain":0.0,"cards_transformed":["Strike_B"],"event_name":"Transmorgrifier","player_choice":"Transformed","floor":4.0,"gold_loss":0.0,"damage_taken":0.0,"cards_obtained":["Fusion"]},{"damage_healed":0.0,"max_hp_gain":0.0,"max_hp_loss":0.0,"gold_gain":0.0,"event_name":"Back to Basics","player_choice":"Simplicity","floor":20.0,"gold_loss":0.0,"damage_taken":0.0,"cards_upgraded":["Strike_B","Strike_B","Defend_B","Defend_B","Defend_B","Defend_B"]},{"damage_healed":0.0,"max_hp_gain":0.0,"max_hp_loss":0.0,"gold_gain":0.0,"event_name":"The Mausoleum","player_choice":"Ignored","floor":28.0,"gold_loss":0.0,"damage_taken":0.0},{"cards_removed":["Coolheaded"],"damage_healed":0.0,"max_hp_gain":0.0,"max_hp_loss":0.0,"gold_gain":0.0,"event_name":"WeMeetAgain","player_choice":"Gave Card","floor":36.0,"gold_loss":0.0,"damage_taken":0.0,"relics_obtained":["DataDisk"]},{"damage_healed":0.0,"max_hp_gain":0.0,"max_hp_loss":0.0,"gold_gain":0.0,"event_name":"Tomb of Lord Red Mask","player_choice":"Ignored","floor":46.0,"gold_loss":0.0,"damage_taken":0.0}],"is_beta":true,"boss_relics":[{"not_picked":["Pandora\u0027s Box","Calling Bell"],"picked":"FrozenCore"},{"not_picked":["Black Star","Empty Cage"],"picked":"Orrery"}],"items_purged_floors":[19,47],"is_endless":false,"potions_floor_spawned":[2,5,6,16,18,24,33,35,45,48,54],"killed_by":"The Heart","ascension_level":17}