{"gold_per_floor":[217,227,237,117,117,117,152,169,194,51,65,95,106,137,137,238,238,255,271,285,195,209,209,38,66,66,66,66,18,18,30,30,127,127,142,17,29,29,39,39,39,71,71,71,84,84],"floor_reached":46,"playtime":5800,"items_purged":["Strike_R","Strike_R","Strike_R"],"score":583,"play_id":"8a0f0adc-d139-4576-b551-30723a56b426","local_time":"20181226154957","is_ascension_mode":true,"campfire_choices":[{"data":"Armaments","floor":6.0,"key":"SMITH"},{"data":"Spot Weakness","floor":15.0,"key":"SMITH"},{"data":"Infernal Blade","floor":23.0,"key":"SMITH"},{"data":"Barricade","floor":28.0,"key":"SMITH"},{"data":"RitualDagger","floor":30.0,"key":"SMITH"},{"data":"Pummel","floor":32.0,"key":"SMITH"},{"data":"True Grit","floor":41.0,"key":"SMITH"},{"data":"Body Slam","floor":44.0,"key":"SMITH"}],"neow_cost":"NONE","seed_source_timestamp":320251294730857,"circlet_count":0,"master_deck":["Strike_R","Defend_R","Defend_R","Defend_R","Defend_R","Bash","Heavy Blade","Armaments+1","True Grit+1","Spot Weakness+1","Shrug It Off","Reaper","Headbutt","Iron Wave","Offering","Infernal Blade+1","Dual Wield","Pummel+1","Flex+1","Battle Trance","Infernal Blade+1","Inflame","Barricade+1","RitualDagger+1","Demon Form","Metallicize","Body Slam+1","Double Tap"],"special_seed":0,"relics":["Burning Blood","Happy Flower","Vajra","Pen Nib","Lantern","Tiny Chest","Magic Flower","Orrery","Dodecahedron","Sundial","Sozu","Meat on the Bone","Molten Egg 2"],"potions_floor_usage":[],"damage_taken":[{"damage":0.0,"enemies":"Small Slimes","floor":1.0,"turns":3.0},{"damage":6.0,"enemies":"Cultist","floor":2.0,"turns":3.0},{"damage":3.0,"enemies":"2 Louse","floor":3.0,"turns":3.0},{"damage":37.0,"enemies":"Lagavulin","floor":7.0,"turns":9.0},{"damage":8.0,"enemies":"Blue Slaver","floor":8.0,"turns":4.0},{"damage":0.0,"enemies":"2 Fungi Beasts","floor":11.0,"turns":4.0},{"damage":26.0,"enemies":"Exordium Thugs","floor":13.0,"turns":5.0},{"damage":20.0,"enemies":"3 Sentries","floor":14.0,"turns":7.0},{"damage":10.0,"enemies":"Hexaghost","floor":16.0,"turns":7.0},{"damage":13.0,"enemies":"Chosen","floor":18.0,"turns":3.0},{"damage":6.0,"enemies":"Spheric Guardian","floor":19.0,"turns":3.0},{"damage":28.0,"enemies":"Snake Plant","floor":20.0,"turns":5.0},{"damage":20.0,"enemies":"Centurion and Healer","floor":22.0,"turns":5.0},{"damage":19.0,"enemies":"Gremlin Leader","floor":25.0,"turns":5.0},{"damage":23.0,"enemies":"Shelled Parasite and Fungi","floor":31.0,"turns":4.0},{"damage":28.0,"enemies":"Automaton","floor":33.0,"turns":8.0},{"damage":11.0,"enemies":"3 Shapes","floor":35.0,"turns":3.0},{"damage":16.0,"enemies":"3 Darklings","floor":37.0,"turns":5.0},{"damage":55.0,"enemies":"4 Shapes","floor":39.0,"turns":5.0},{"damage":6.0,"enemies":"Giant Head","floor":42.0,"turns":7.0},{"damage":67.0,"enemies":"Spire Growth","floor":45.0,"turns":5.0},{"damage":61,"enemies":"Nemesis","floor":46,"turns":4}],"seed_played":"-8721894796927873698","potions_obtained":[{"floor":8.0,"key":"Swift Potion"},{"floor":11.0,"key":"Energy Potion"},{"floor":16.0,"key":"Fire Potion"},{"floor":25.0,"key":"Regen Potion"},{"floor":33.0,"key":"FearPotion"}],"is_trial":false,"path_per_floor":["M","M","M","$","?","R","E","M","T","$","M","?","M","E","R","B",null,"M","M","M","?","M","R","$","E","T","?","R","$","R","M","R","B",null,"M","$","M","?","M","$","R","E","T","R","M","E"],"character_chosen":"IRONCLAD","items_purchased":["True Grit","Lantern","Inflame","PowerPotion"],"campfire_rested":0,"item_purchase_floors":[4,10,24,29],"current_hp_per_floor":[80,80,80,80,73,73,42,40,40,40,46,46,38,40,40,62,80,76,79,68,68,80,80,80,80,80,74,74,74,74,60,60,73,80,78,78,80,80,62,62,62,65,65,65,42,0],"gold":84,"neow_bonus":"HUNDRED_GOLD","is_prod":false,"is_daily":false,"chose_seed":false,"campfire_upgraded":8,"win_rate":0,"timestamp":1545806997,"path_taken":["M","M","M","$","?","R","E","M","T","$","M","?","M","E","R","BOSS","M","?","?","?","M","R","?","E","T","?","R","?","R","M","R","BOSS","M","$","M","?","M","?","R","E","T","R","?","E"],"build_version":"2018-12-20","purchased_purges":3,"victory":false,"max_hp_per_floor":[80,80,80,80,80,80,80,80,80,80,80,80,80,80,80,80,80,80,80,80,80,80,80,80,80,80,80,80,80,80,80,80,80,80,80,80,80,80,80,80,80,80,80,80,80,80],"card_choices":[{"not_picked":["Havoc","Thunderclap"],"picked":"Heavy Blade","floor":1.0},{"not_picked":["Sentinel","Seeing Red"],"picked":"Armaments","floor":2.0},{"not_picked":["Thunderclap","Wild Strike","Carnage"],"picked":"SKIP","floor":3.0},{"not_picked":["Clothesline","Power Through"],"picked":"Spot Weakness","floor":7.0},{"not_picked":["Iron Wave","Uppercut"],"picked":"Shrug It Off","floor":8.0},{"not_picked":["Flex","Iron Wave"],"picked":"Reaper","floor":11.0},{"not_picked":["Disarm","Cleave"],"picked":"Headbutt","floor":13.0},{"not_picked":["Combust","Burning Pact"],"picked":"Iron Wave","floor":14.0},{"not_picked":["Dark Embrace","Feed"],"picked":"Offering","floor":16.0},{"not_picked":["Body Slam","Anger"],"picked":"Infernal Blade","floor":17.0},{"not_picked":["Warcry","Pommel Strike"],"picked":"Dual Wield","floor":17.0},{"not_picked":["Cleave","Perfected Strike"],"picked":"Pummel","floor":17.0},{"not_picked":["Heavy Blade","Burning Pact"],"picked":"Flex","floor":18.0},{"not_picked":["Sentinel","Reckless Charge+1","Rage"],"picked":"SKIP","floor":19.0},{"not_picked":["Iron Wave","Wild Strike"],"picked":"Battle Trance","floor":20.0},{"not_picked":["Corruption","Pommel Strike+1"],"picked":"Infernal Blade+1","floor":22.0},{"not_picked":["Anger+1","Flex"],"picked":"Barricade","floor":25.0},{"not_picked":["Anger","Sever Soul+1","Blood for Blood+1"],"picked":"SKIP","floor":31.0},{"not_picked":["Dark Embrace","Exhume"],"picked":"Demon Form","floor":33.0},{"not_picked":["Pommel Strike+1","Clothesline"],"picked":"Metallicize","floor":35.0},{"not_picked":["Heavy Blade","Wild Strike"],"picked":"Body Slam","floor":37.0},{"not_picked":["Rampage+1","Sword Boomerang","Havoc"],"picked":"SKIP","floor":39.0},{"not_picked":["Perfected Strike+1","Carnage+1","Battle Trance"],"picked":"SKIP","floor":42.0},{"not_picked":["Body Slam+1","Thunderclap+1"],"picked":"Double Tap","floor":45.0}],"player_experience":203241,"relics_obtained":[{"floor":7.0,"key":"Vajra"},{"floor":9.0,"key":"Pen Nib"},{"floor":12.0,"key":"Tiny Chest"},{"floor":14.0,"key":"Magic Flower"},{"floor":25.0,"key":"Dodecahedron"},{"floor":26.0,"key":"Sundial"},{"floor":42.0,"key":"Meat on the Bone"},{"floor":43.0,"key":"Molten Egg 2"}],"event_choices":[{"damage_healed":0.0,"max_hp_gain":0.0,"max_hp_loss":0.0,"gold_gain":0.0,"event_name":"Scrap Ooze","player_choice":"Success","floor":5.0,"gold_loss":0.0,"damage_taken":7.0,"relics_obtained":["Happy Flower"]},{"damage_healed":0.0,"max_hp_gain":0.0,"max_hp_loss":0.0,"gold_gain":0.0,"event_name":"Wheel of Change","player_choice":"Relic","floor":12.0,"gold_loss":0.0,"damage_taken":0.0},{"cards_removed":["Strike_R"],"damage_healed":0.0,"max_hp_gain":0.0,"max_hp_loss":0.0,"gold_gain":0.0,"event_name":"Designer","player_choice":"Upgrade and Remove","floor":21.0,"gold_loss":90.0,"damage_taken":0.0,"cards_upgraded":["Flex"]},{"damage_healed":0.0,"max_hp_gain":0.0,"max_hp_loss":0.0,"gold_gain":0.0,"event_name":"Nest","player_choice":"Joined the Cult","floor":27.0,"gold_loss":0.0,"damage_taken":6.0,"cards_obtained":["RitualDagger"]},{"damage_healed":0.0,"max_hp_gain":0.0,"max_hp_loss":0.0,"gold_gain":0.0,"event_name":"SecretPortal","player_choice":"Ignored","floor":38.0,"gold_loss":0.0,"damage_taken":0.0}],"is_beta":false,"boss_relics":[{"not_picked":["Runic Dome","Ectoplasm"],"picked":"Orrery"},{"not_picked":["Runic Pyramid","Eternal Feather"],"picked":"Sozu"}],"items_purged_floors":[4,24,36],"is_endless":false,"potions_floor_spawned":[3,7,8,11,16,25,31,33,37],"killed_by":"Nemesis","ascension_level":2}