{"gold_per_floor":[112,129,143,163,175,175,192,192,192,192,206,222,249,260,260,260],"floor_reached":16,"playtime":1171,"items_purged":[],"score":225,"play_id":"4c89a55f-dc45-4211-bd01-f6a283bcb35c","local_time":"20190424122548","is_ascension_mode":true,"campfire_choices":[{"data":"Armaments","floor":6,"key":"SMITH"},{"data":"Disarm","floor":8,"key":"SMITH"},{"data":"Feed","floor":10,"key":"SMITH"},{"data":"Pommel Strike","floor":15,"key":"SMITH"}],"neow_cost":"NONE","seed_source_timestamp":0,"circlet_count":0,"master_deck":["AscendersBane","Strike_R","Strike_R","Strike_R","Strike_R","Strike_R","Defend_R","Defend_R","Defend_R","Defend_R","Bash+1","Flex","Disarm+1","Headbutt","Armaments+1","Feed+1","Pommel Strike+1","Flame Barrier","Pommel Strike","Offering+1","Shrug It Off+1"],"special_seed":0,"relics":["Burning Blood","Toxic Egg 2"],"potions_floor_usage":[11,16],"damage_taken":[{"damage":1,"enemies":"Cultist","floor":1,"turns":3},{"damage":4,"enemies":"2 Louse","floor":2,"turns":4},{"damage":5,"enemies":"Jaw Worm","floor":3,"turns":4},{"damage":13,"enemies":"Blue Slaver","floor":4,"turns":5},{"damage":15,"enemies":"Large Slime","floor":5,"turns":6},{"damage":11,"enemies":"2 Fungi Beasts","floor":7,"turns":3},{"damage":11,"enemies":"Red Slaver","floor":11,"turns":5},{"damage":8,"enemies":"Blue Slaver","floor":12,"turns":5},{"damage":40,"enemies":"3 Sentries","floor":13,"turns":9},{"damage":9,"enemies":"Looter","floor":14,"turns":3},{"damage":43,"enemies":"Hexaghost","floor":16,"turns":10}],"seed_played":"-6797526492440185002","potions_obtained":[{"floor":2,"key":"PowerPotion"},{"floor":5,"key":"Regen Potion"},{"floor":13,"key":"SkillPotion"},{"floor":14,"key":"AttackPotion"}],"is_trial":false,"path_per_floor":["M","M","M","M","M","R","M","R","T","R","M","M","E","M","R","B"],"character_chosen":"IRONCLAD","items_purchased":[],"campfire_rested":0,"item_purchase_floors":[],"current_hp_per_floor":[73,75,75,68,59,59,58,58,58,58,69,71,41,42,42,0],"gold":260,"neow_bonus":"UPGRADE_CARD","is_prod":false,"is_daily":false,"chose_seed":false,"campfire_upgraded":4,"win_rate":0,"timestamp":1556076348,"path_taken":["M","M","M","M","?","R","M","R","T","R","M","M","E","M","R","BOSS"],"build_version":"2019-04-23","purchased_purges":0,"victory":false,"max_hp_per_floor":[75,75,75,75,75,75,79,79,79,79,83,87,91,95,95,95],"card_choices":[{"not_picked":["Bloodletting","Warcry"],"picked":"Flex","floor":1},{"not_picked":["Anger","Cleave"],"picked":"Disarm","floor":2},{"not_picked":["Bloodletting","Warcry"],"picked":"Headbutt","floor":3},{"not_picked":["Flex","Clash"],"picked":"Armaments","floor":4},{"not_picked":["Cleave","Sever Soul"],"picked":"Feed","floor":5},{"not_picked":["Clash","Sentinel"],"picked":"Pommel Strike","floor":7},{"not_picked":["Headbutt","Iron Wave"],"picked":"Flame Barrier","floor":11},{"not_picked":["Warcry","Sword Boomerang"],"picked":"Pommel Strike","floor":12},{"not_picked":["Heavy Blade","Rupture"],"picked":"Offering","floor":13},{"not_picked":["True Grit+1","Sever Soul"],"picked":"Shrug It Off+1","floor":14}],"player_experience":3038481,"relics_obtained":[{"floor":13,"key":"Toxic Egg 2"}],"event_choices":[],"is_beta":true,"boss_relics":[],"items_purged_floors":[],"is_endless":false,"potions_floor_spawned":[2,5,7,13,14],"killed_by":"Hexaghost","ascension_level":17}