{"gold_per_floor":[110,35,47,65,65,65,83,83,83,114,114,158,188,212,212,301,364,383,402,402,402,101,101,76,86,86,105,137,12,26,37,37,37],"floor_reached":33,"playtime":1575,"items_purged":["Strike_R","Strike_R","Strike_R"],"score":457,"play_id":"e2ac09ea-74c3-4e7e-ab50-0dea119625b7","local_time":"20190208145349","is_ascension_mode":true,"campfire_choices":[{"data":"Clothesline","floor":6,"key":"SMITH"},{"floor":11,"key":"REST"},{"data":"Bash","floor":15,"key":"SMITH"},{"data":"True Grit","floor":23,"key":"SMITH"},{"data":"Limit Break","floor":32,"key":"SMITH"}],"neow_cost":"NONE","seed_source_timestamp":2504972744921325,"circlet_count":0,"master_deck":["AscendersBane","Defend_R","Defend_R","Defend_R","Defend_R+1","Bash+1","Clothesline+1","Reckless Charge","Cleave+1","Headbutt+1","True Grit+1","Second Wind","Spot Weakness","Disarm","Offering","Anger","Anger+1","Shrug It Off","Rage","Shrug It Off","Seeing Red","Sword Boomerang","Limit Break+1","Armaments+1","Shockwave"],"relics":["Burning Blood","Bloody Idol","Ornamental Fan","Letter Opener","Orichalcum","Incense Burner","Tiny House","Lee\u0027s Waffle","PreservedInsect","Bird Faced Urn"],"potions_floor_usage":[10,33,33],"damage_taken":[{"damage":7,"enemies":"Cultist","floor":1,"turns":5},{"damage":7,"enemies":"Jaw Worm","floor":3,"turns":2},{"damage":0,"enemies":"2 Louse","floor":4,"turns":2},{"damage":12,"enemies":"2 Fungi Beasts","floor":7,"turns":4},{"damage":13,"enemies":"Lagavulin","floor":10,"turns":7},{"damage":23,"enemies":"3 Sentries","floor":12,"turns":9},{"damage":19,"enemies":"Large Slime","floor":14,"turns":5},{"damage":10,"enemies":"Hexaghost","floor":16,"turns":11},{"damage":14,"enemies":"Shell Parasite","floor":18,"turns":4},{"damage":21,"enemies":"Spheric Guardian","floor":19,"turns":5},{"damage":33,"enemies":"Snecko","floor":25,"turns":7},{"damage":13,"enemies":"Cultist and Chosen","floor":27,"turns":5},{"damage":21,"enemies":"Book of Stabbing","floor":28,"turns":5},{"damage":12,"enemies":"Shelled Parasite and Fungi","floor":30,"turns":7},{"damage":26,"enemies":"Centurion and Healer","floor":31,"turns":7},{"damage":50,"enemies":"Champ","floor":33,"turns":6}],"seed_played":"-6364549288807098341","potions_obtained":[{"floor":1,"key":"Poison Potion"},{"floor":14,"key":"SkillPotion"},{"floor":16,"key":"SpeedPotion"},{"floor":28,"key":"PowerPotion"}],"is_trial":false,"path_per_floor":["M","$","M","M","?","R","M","?","T","E","R","E","?","M","R","B",null,"M","M","?","?","$","R","$","M","T","M","E","$","M","M","R","B"],"character_chosen":"IRONCLAD","items_purchased":["Lee\u0027s Waffle","Shrug It Off"],"campfire_rested":1,"item_purchase_floors":[22,24],"current_hp_per_floor":[71,71,70,76,56,56,50,34,34,27,51,34,34,21,21,17,69,61,46,46,46,92,92,92,70,70,68,58,58,57,42,42,0],"gold":37,"neow_bonus":"THREE_CARDS","is_prod":false,"is_daily":false,"chose_seed":false,"campfire_upgraded":4,"win_rate":0,"timestamp":1549605229,"path_taken":["M","$","M","?","?","R","M","?","T","E","R","E","?","M","R","BOSS","M","M","?","?","$","R","?","M","T","?","E","$","M","M","R","BOSS"],"build_version":"2019-01-23","purchased_purges":3,"victory":false,"max_hp_per_floor":[80,80,80,80,80,80,80,80,80,80,80,80,80,80,80,80,85,85,85,85,85,92,92,92,92,92,92,92,92,92,92,92,92],"card_choices":[{"not_picked":["Iron Wave","Headbutt"],"picked":"Clothesline","floor":0},{"not_picked":["Bloodletting","Havoc"],"picked":"Reckless Charge","floor":1},{"not_picked":["Thunderclap","Second Wind"],"picked":"Cleave","floor":3},{"not_picked":["Twin Strike","Searing Blow"],"picked":"Headbutt","floor":4},{"not_picked":["Armaments","Heavy Blade"],"picked":"True Grit","floor":7},{"not_picked":["Anger","Heavy Blade"],"picked":"Second Wind","floor":10},{"not_picked":["Inflame","Disarm"],"picked":"Spot Weakness","floor":12},{"not_picked":["Whirlwind","Pummel"],"picked":"Disarm","floor":14},{"not_picked":["Double Tap","Dark Embrace"],"picked":"Offering","floor":16},{"not_picked":["Hemokinesis","Clash"],"picked":"Anger","floor":17},{"not_picked":["Clash","Bloodletting"],"picked":"Anger+1","floor":18},{"not_picked":["Headbutt","Combust","Hemokinesis"],"picked":"SKIP","floor":19},{"not_picked":["Spot Weakness","Havoc"],"picked":"Seeing Red","floor":25},{"not_picked":["Anger","Pommel Strike"],"picked":"Sword Boomerang","floor":27},{"not_picked":["Uppercut","Body Slam"],"picked":"Limit Break","floor":28},{"not_picked":["Metallicize","Heavy Blade"],"picked":"Armaments+1","floor":30},{"not_picked":["Clothesline","Iron Wave"],"picked":"Shockwave","floor":31}],"player_experience":567561,"relics_obtained":[{"floor":9,"key":"Ornamental Fan"},{"floor":10,"key":"Letter Opener"},{"floor":12,"key":"Orichalcum"},{"floor":26,"key":"PreservedInsect"},{"floor":28,"key":"Bird Faced Urn"}],"event_choices":[{"damage_healed":0,"gold_gain":0,"player_choice":"Take Damage","damage_taken":20,"relics_obtained":["Golden Idol"],"max_hp_gain":0,"max_hp_loss":0,"event_name":"Golden Idol","floor":5,"gold_loss":0},{"damage_healed":0,"gold_gain":0,"player_choice":"Entered Light","damage_taken":16,"max_hp_gain":0,"max_hp_loss":0,"event_name":"Shining Light","floor":8,"gold_loss":0,"cards_upgraded":["Defend_R","Headbutt"]},{"damage_healed":0,"gold_gain":30,"player_choice":"Searched \u00272\u0027 times","damage_taken":0,"relics_obtained":["Incense Burner"],"max_hp_gain":0,"max_hp_loss":0,"event_name":"Dead Adventurer","floor":13,"gold_loss":0},{"damage_healed":0,"gold_gain":0,"cards_transformed":["Strike_R","Strike_R"],"player_choice":"Became Test Subject","damage_taken":0,"max_hp_gain":0,"max_hp_loss":0,"event_name":"Drug Dealer","floor":20,"gold_loss":0,"cards_obtained":["Shrug It Off","Rage"]},{"damage_healed":0,"gold_gain":0,"player_choice":"Gave Idol","damage_taken":0,"relics_obtained":["Bloody Idol"],"max_hp_gain":0,"max_hp_loss":0,"event_name":"Forgotten Altar","floor":21,"relics_lost":["Golden Idol"],"gold_loss":0}],"is_beta":false,"boss_relics":[{"not_picked":["Cursed Key","Runic Cube"],"picked":"Tiny House"}],"items_purged_floors":[2,22,29],"is_endless":false,"potions_floor_spawned":[1,14,16,25,28,30],"killed_by":"Champ","ascension_level":13}