{"gold_per_floor":[113,131,146,166,91,91,111,111,138,155,155,169,169,169,169,248,248,268,280,300,313,333,368,26,52,52,85,35,61,80,91,91,168,168,181,199,211,230,230,230,242,242,311,323,335,368,195,206,206,206,206,206,206,95,129,129],"floor_reached":57,"playtime":1808,"items_purged":["Defend_G","Leg Sweep+1"],"score":3482,"play_id":"3bf3d1f1-b4fc-4238-a3f2-d891991a61e3","local_time":"20190529001655","is_ascension_mode":true,"campfire_choices":[{"data":"Blur","floor":6,"key":"SMITH"},{"data":"Entrench","floor":8,"key":"SMITH"},{"data":"Leg Sweep","floor":11,"key":"SMITH"},{"data":"Flash of Steel","floor":13,"key":"SMITH"},{"data":"Panache","floor":15,"key":"SMITH"},{"data":"Body Slam","floor":32,"key":"SMITH"},{"data":"Flying Knee","floor":40,"key":"PURGE"},{"data":"Finesse","floor":42,"key":"SMITH"},{"floor":49,"key":"RECALL"},{"data":"Master of Strategy","floor":53,"key":"SMITH"}],"neow_cost":"","seed_source_timestamp":177882738791300,"circlet_count":0,"master_deck":["Flash of Steel+1","Panache+1","Blur+1","Entrench+1","Master of Strategy+1","Finesse+1","Backflip+1","Body Slam+1","Finesse+1","Fire Breathing+1","Fire Breathing+1"],"relics":["Cracked Core","Question Card","PrismaticShard","Prayer Wheel","Coffee Dripper","Bag of Preparation","Membership Card","Vajra","Orichalcum","Peace Pipe","Bird Faced Urn","Dream Catcher","Lizard Tail","Blue Candle","Gambling Chip","Oddly Smooth Stone","Art of War","DollysMirror","Ice Cream"],"potions_floor_usage":[16,56],"damage_taken":[{"damage":34,"enemies":"Cultist","floor":1,"turns":6},{"damage":0,"enemies":"Small Slimes","floor":2,"turns":3},{"damage":0,"enemies":"2 Louse","floor":3,"turns":3},{"damage":4,"enemies":"Gremlin Gang","floor":4,"turns":3},{"damage":0,"enemies":"Blue Slaver","floor":7,"turns":3},{"damage":0,"enemies":"Large Slime","floor":10,"turns":6},{"damage":0,"enemies":"3 Louse","floor":12,"turns":2},{"damage":0,"enemies":"The Guardian","floor":16,"turns":8},{"damage":0,"enemies":"2 Thieves","floor":18,"turns":3},{"damage":0,"enemies":"Shell Parasite","floor":19,"turns":1},{"damage":0,"enemies":"Shelled Parasite and Fungi","floor":20,"turns":1},{"damage":0,"enemies":"Centurion and Healer","floor":21,"turns":1},{"damage":0,"enemies":"Sentry and Sphere","floor":22,"turns":1},{"damage":0,"enemies":"Book of Stabbing","floor":23,"turns":1},{"damage":0,"enemies":"Gremlin Leader","floor":25,"turns":1},{"damage":0,"enemies":"Slavers","floor":27,"turns":1},{"damage":0,"enemies":"Gremlin Leader","floor":29,"turns":1},{"damage":0,"enemies":"Cultist and Chosen","floor":30,"turns":1},{"damage":0,"enemies":"Centurion and Healer","floor":31,"turns":1},{"damage":0,"enemies":"Automaton","floor":33,"turns":2},{"damage":0,"enemies":"3 Darklings","floor":35,"turns":1},{"damage":0,"enemies":"Orb Walker","floor":36,"turns":1},{"damage":0,"enemies":"3 Darklings","floor":37,"turns":1},{"damage":0,"enemies":"Maw","floor":38,"turns":2},{"damage":0,"enemies":"Jaw Worm Horde","floor":39,"turns":1},{"damage":0,"enemies":"Writhing Mass","floor":41,"turns":1},{"damage":0,"enemies":"Maw","floor":44,"turns":1},{"damage":0,"enemies":"Transient","floor":45,"turns":1},{"damage":0,"enemies":"Nemesis","floor":46,"turns":1},{"damage":0,"enemies":"4 Shapes","floor":48,"turns":1},{"damage":0,"enemies":"Time Eater","floor":50,"turns":2},{"damage":0,"enemies":"Awakened One","floor":51,"turns":4},{"damage":0,"enemies":"Shield and Spear","floor":55,"turns":1},{"damage":0,"enemies":"The Heart","floor":56,"turns":6}],"seed_played":"4913996312244552534","potions_obtained":[{"floor":3,"key":"LiquidBronze"},{"floor":4,"key":"Fire Potion"},{"floor":16,"key":"PowerPotion"},{"floor":33,"key":"Energy Potion"},{"floor":41,"key":"SpeedPotion"}],"is_trial":true,"path_per_floor":["M","M","M","M","$","R","M","R","T","M","R","M","R","?","R","B",null,"M","M","M","M","M","E","$","E","T","E","?","E","M","M","R","B",null,"M","M","M","M","M","R","M","R","T","M","M","E","$","M","R","B","B",null,"R","$","E","B",null],"character_chosen":"DEFECT","items_purchased":["Membership Card","Vajra","Oddly Smooth Stone","Art of War","DollysMirror"],"campfire_rested":0,"item_purchase_floors":[24,24,47,47,54],"current_hp_per_floor":[30,30,30,26,26,26,26,26,26,26,26,26,26,26,26,26,60,60,60,60,60,60,60,60,60,60,60,60,62,64,66,66,68,70,71,71,71,71,71,71,71,71,71,71,71,71,71,71,71,71,71,71,71,71,71,71],"gold":129,"neow_bonus":"","is_prod":false,"is_daily":false,"chose_seed":false,"campfire_upgraded":8,"win_rate":0,"timestamp":1559056615,"path_taken":["M","M","M","?","$","R","M","R","T","M","R","M","R","?","R","BOSS","M","M","M","M","M","E","?","E","T","E","?","E","M","M","R","BOSS","M","?","M","M","M","R","M","R","T","M","M","E","$","M","R","BOSS","BOSS","R","$","E","BOSS"],"build_version":"2019-01-23","purchased_purges":2,"victory":true,"max_hp_per_floor":[71,71,71,71,71,71,71,71,71,71,71,71,71,71,71,71,71,71,71,71,71,71,71,71,71,71,71,71,71,71,71,71,71,71,71,71,71,71,71,71,71,71,71,71,71,71,71,71,71,71,71,71,71,71,71,71],"card_choices":[{"not_picked":["Armaments","Underhanded Strike","Blade Dance"],"picked":"Leg Sweep","floor":1},{"not_picked":["Dual Wield","Dark Shackles","Gash"],"picked":"Flying Knee","floor":1},{"not_picked":["Gash","Blood for Blood","Entrench"],"picked":"Flash of Steel","floor":2},{"not_picked":["Choke","Venomology","Rebound","Deflect"],"picked":"SKIP","floor":2},{"not_picked":["Genetic Algorithm","Armaments","Shockwave"],"picked":"Panache","floor":3},{"not_picked":["Cloak And Dagger","Underhanded Strike","Blade Dance","Compile Driver"],"picked":"SKIP","floor":3},{"not_picked":["Heatsinks","Searing Blow","Stack"],"picked":"Blur","floor":4},{"not_picked":["Sucker Punch","Double Energy","Gash","Clothesline"],"picked":"SKIP","floor":4},{"not_picked":["Sweeping Beam","Redo","Blur"],"picked":"Entrench","floor":7},{"not_picked":["Underhanded Strike","Backflip","Clothesline","Go for the Eyes"],"picked":"SKIP","floor":7},{"not_picked":["Reaper","Clothesline","Compile Driver","Auto Shields"],"picked":"SKIP","floor":10},{"not_picked":["Flex","Skim","Feel No Pain","Flying Knee"],"picked":"SKIP","floor":10},{"not_picked":["Reaper","Clothesline","Compile Driver","Auto Shields"],"picked":"SKIP","floor":10},{"not_picked":["Flex","Skim","Feel No Pain","Flying Knee"],"picked":"SKIP","floor":10},{"not_picked":["Sweeping Beam","Flex","Chaos","Heavy Blade"],"picked":"SKIP","floor":12},{"not_picked":["Go for the Eyes","Dagger Throw","Poisoned Stab","Crippling Poison"],"picked":"SKIP","floor":12},{"not_picked":["Reboot","Feed","Dark Embrace"],"picked":"Master of Strategy","floor":16},{"not_picked":["Endless Agony","Entrench","Clash"],"picked":"Finesse","floor":18},{"not_picked":["Rip and Tear","Deflect","Madness","Caltrops"],"picked":"SKIP","floor":18},{"not_picked":["Armaments","Entrench","Dagger Throw"],"picked":"Backflip+1","floor":19},{"not_picked":["Dagger Throw+1","Go for the Eyes","Concentrate","Turbo"],"picked":"SKIP","floor":19},{"not_picked":["Cloak And Dagger","Dagger Spray","Searing Blow+1","Static Discharge+1"],"picked":"SKIP","floor":20},{"not_picked":["Expertise","Carnage+1","Electrodynamics","Streamline"],"picked":"SKIP","floor":20},{"not_picked":["Redo+1","Deflect+1","Intimidate","Thunderclap"],"picked":"SKIP","floor":21},{"not_picked":["Chill","Twin Strike","Trip","Glacier"],"picked":"SKIP","floor":21},{"not_picked":["Redo+1","Deflect+1","Intimidate","Thunderclap"],"picked":"SKIP","floor":21},{"not_picked":["Chill","Twin Strike","Trip","Glacier"],"picked":"SKIP","floor":21},{"not_picked":["Havoc","Sweeping Beam","Searing Blow","Iron Wave"],"picked":"SKIP","floor":22},{"not_picked":["Heavy Blade","Clothesline","Quick Slash","Terror"],"picked":"SKIP","floor":22},{"not_picked":["Havoc","Sweeping Beam","Searing Blow","Iron Wave"],"picked":"SKIP","floor":22},{"not_picked":["Heavy Blade","Clothesline","Quick Slash","Terror"],"picked":"SKIP","floor":22},{"not_picked":["Backflip","Chill","Twin Strike","Corruption"],"picked":"SKIP","floor":23},{"not_picked":["Double Energy+1","Beam Cell","Deadly Poison","Riddle With Holes"],"picked":"SKIP","floor":25},{"not_picked":["Cleave","Anger+1","Warcry+1","Double Energy"],"picked":"SKIP","floor":27},{"not_picked":["Power Through","Flechettes+1","Hello World","Rebound"],"picked":"SKIP","floor":29},{"not_picked":["Reprogram","Intimidate","Poisoned Stab"],"picked":"Body Slam","floor":30},{"not_picked":["Mind Blast","Quick Slash","Panacea","Poisoned Stab"],"picked":"SKIP","floor":30},{"not_picked":["Exhume","True Grit","Barrage","Havoc"],"picked":"SKIP","floor":31},{"not_picked":["Redo","Turbo","Anger","Armaments"],"picked":"SKIP","floor":31},{"not_picked":["Cloak And Dagger","PanicButton+1","Ball Lightning","Noxious Fumes"],"picked":"SKIP","floor":35},{"not_picked":["Coolheaded+1","Anger","Barrage","Steam"],"picked":"SKIP","floor":35},{"not_picked":["Expertise+1","Slice+1","Skewer","Havoc"],"picked":"SKIP","floor":36},{"not_picked":["Go for the Eyes","Shrug It Off","Blind","Feed"],"picked":"SKIP","floor":36},{"not_picked":["Good Instincts","Uppercut+1","Poisoned Stab","Barrage"],"picked":"SKIP","floor":37},{"not_picked":["Clash","Steam Power","Poisoned Stab","Envenom"],"picked":"SKIP","floor":37},{"not_picked":["Rupture","Shrug It Off+1","Sucker Punch"],"picked":"Finesse+1","floor":38},{"not_picked":["Quick Slash+1","Backflip","Beam Cell","Steam+1"],"picked":"SKIP","floor":38},{"not_picked":["Steam","Headbutt","True Grit","Dagger Throw"],"picked":"SKIP","floor":39},{"not_picked":["Headbutt+1","Dagger Spray+1","Anger","Rip and Tear"],"picked":"SKIP","floor":39},{"not_picked":["Battle Trance","Blade Dance","Steam Power","Slice+1"],"picked":"SKIP","floor":41},{"not_picked":["Flex+1","Malaise","Disarm","Bouncing Flask"],"picked":"SKIP","floor":41},{"not_picked":["Dagger Throw","Hologram","Havoc","Swift Strike"],"picked":"SKIP","floor":44},{"not_picked":["Beam Cell","Reinforced Body+1","Gash","Purity"],"picked":"SKIP","floor":44},{"not_picked":["Prepared","Quick Slash+1","Disarm","Calculated Gamble"],"picked":"SKIP","floor":45},{"not_picked":["Sucker Punch+1","Perfected Strike+1","Eviscerate","Crippling Poison"],"picked":"SKIP","floor":45},{"not_picked":["Shrug It Off","Underhanded Strike+1","Caltrops","Hyperbeam"],"picked":"SKIP","floor":46},{"not_picked":["Steam Power","Dodge and Roll","Second Wind"],"picked":"Fire Breathing+1","floor":48},{"not_picked":["Ball Lightning+1","Glacier","Body Slam","Anger"],"picked":"SKIP","floor":48},{"not_picked":["Noxious Fumes","Finisher","Backflip","Bludgeon"],"picked":"SKIP","floor":55}],"player_experience":5181510,"relics_obtained":[{"floor":23,"key":"Bag of Preparation"},{"floor":25,"key":"Orichalcum"},{"floor":26,"key":"Peace Pipe"},{"floor":27,"key":"Bird Faced Urn"},{"floor":29,"key":"Dream Catcher"},{"floor":43,"key":"Blue Candle"},{"floor":46,"key":"Gambling Chip"},{"floor":55,"key":"Ice Cream"}],"event_choices":[{"cards_removed":["Strike_R"],"damage_healed":0,"gold_gain":0,"player_choice":"Offered Basic","damage_taken":0,"max_hp_gain":0,"max_hp_loss":0,"event_name":"Bonfire Elementals","floor":14,"gold_loss":0},{"damage_healed":0,"gold_gain":0,"player_choice":"Bet on Murderer","damage_taken":0,"max_hp_gain":0,"max_hp_loss":0,"event_name":"The Joust","floor":28,"gold_loss":50}],"is_beta":false,"boss_relics":[{"not_picked":["Fusion Hammer","Empty Cage"],"picked":"Coffee Dripper"},{"not_picked":["White Beast Statue","Tiny House"],"picked":"Lizard Tail"}],"items_purged_floors":[5,24],"is_endless":false,"potions_floor_spawned":[3,4,12,16,18,21,22,27,31,33,36,41,45,46,48,55],"ascension_level":20}