{"gold_per_floor":[118,118,50,50,64,64,92,92,92,92,120,120,148,158,158,235,235,247,259,29,29,29,29],"floor_reached":23,"playtime":863,"items_purged":["Strike_B"],"score":487,"play_id":"330a830d-cf8a-4132-8a91-2896e0ce4bcb","local_time":"20190529231518","is_ascension_mode":true,"campfire_choices":[{"data":"Doom and Gloom","floor":6,"key":"SMITH"},{"data":"Zap","floor":12,"key":"SMITH"},{"data":"Force Field","floor":15,"key":"SMITH"}],"neow_cost":"NONE","seed_source_timestamp":271747378765989,"circlet_count":0,"master_deck":["AscendersBane","Strike_B","Defend_B+1","Defend_B","Defend_B+1","Defend_B","Zap+1","Dualcast","Doom and Gloom+1","Loop+1","Steam+1","Steam Power","Electrodynamics","Force Field+1","Seek","Self Repair","Defragment"],"relics":["Cracked Core","NeowsBlessing","Pear","Meat on the Bone","War Paint","Emotion Chip","Philosopher\u0027s Stone","Lantern"],"potions_floor_usage":[11,22,23],"damage_taken":[{"damage":0,"enemies":"2 Louse","floor":1,"turns":1},{"damage":0,"enemies":"Cultist","floor":5,"turns":1},{"damage":0,"enemies":"Lagavulin","floor":7,"turns":1},{"damage":20,"enemies":"Gremlin Nob","floor":11,"turns":4},{"damage":12,"enemies":"Lagavulin","floor":13,"turns":4},{"damage":0,"enemies":"Small Slimes","floor":14,"turns":2},{"damage":0,"enemies":"Slime Boss","floor":16,"turns":5},{"damage":30,"enemies":"2 Thieves","floor":18,"turns":3},{"damage":12,"enemies":"Spheric Guardian","floor":19,"turns":4},{"damage":8,"enemies":"Colosseum Slavers","floor":22,"turns":2},{"damage":58,"enemies":"Book of Stabbing","floor":23,"turns":5}],"seed_played":"5798615991048070493","potions_obtained":[{"floor":1,"key":"PowerPotion"},{"floor":5,"key":"Fire Potion"},{"floor":18,"key":"PowerPotion"}],"is_trial":false,"path_per_floor":["M","?","$","?","M","R","E","?","T","?","E","R","E","M","R","B",null,"M","M","$","?","?","E"],"character_chosen":"DEFECT","items_purchased":["Loop","Lantern"],"campfire_rested":0,"item_purchase_floors":[3,20],"current_hp_per_floor":[68,68,68,53,53,53,63,68,68,68,48,48,48,48,48,48,80,50,57,57,57,49,0],"gold":29,"neow_bonus":"THREE_ENEMY_KILL","is_prod":false,"is_daily":false,"chose_seed":false,"campfire_upgraded":3,"win_rate":0,"timestamp":1559164518,"path_taken":["M","?","$","?","M","R","E","?","T","?","E","R","E","M","R","BOSS","M","?","$","?","?","E"],"build_version":"2019-01-23","purchased_purges":1,"victory":false,"max_hp_per_floor":[75,75,75,75,75,75,85,90,90,90,90,90,90,90,90,90,90,90,90,90,90,90,90],"card_choices":[{"not_picked":["White Noise","Conserve Battery"],"picked":"Doom and Gloom","floor":1},{"not_picked":["Darkness","Compile Driver"],"picked":"Steam","floor":5},{"not_picked":["Rip and Tear","Melter","Barrage"],"picked":"SKIP","floor":7},{"not_picked":["Stack","Tempest"],"picked":"Steam Power","floor":11},{"not_picked":["Beam Cell","Sweeping Beam"],"picked":"Electrodynamics","floor":13},{"not_picked":["Chill","Double Energy"],"picked":"Force Field","floor":14},{"not_picked":["Buffer","Hyperbeam"],"picked":"Seek","floor":16},{"not_picked":["Gash","Stack"],"picked":"Self Repair","floor":18},{"not_picked":["Consume","FTL"],"picked":"Defragment","floor":19}],"player_experience":629983,"relics_obtained":[{"floor":7,"key":"Pear"},{"floor":9,"key":"Meat on the Bone"},{"floor":11,"key":"War Paint"},{"floor":13,"key":"Emotion Chip"}],"event_choices":[{"cards_removed":["Strike_B"],"damage_healed":0,"gold_gain":0,"player_choice":"Offered Basic","damage_taken":0,"max_hp_gain":0,"max_hp_loss":0,"event_name":"Bonfire Elementals","floor":2,"gold_loss":0},{"damage_healed":0,"gold_gain":0,"player_choice":"Entered Light","damage_taken":15,"max_hp_gain":0,"max_hp_loss":0,"event_name":"Shining Light","floor":4,"gold_loss":0,"cards_upgraded":["Loop","Defend_B"]},{"damage_healed":0,"gold_gain":0,"player_choice":"Donut","damage_taken":0,"max_hp_gain":5,"max_hp_loss":0,"event_name":"Big Fish","floor":8,"gold_loss":0},{"cards_removed":["Strike_B"],"damage_healed":0,"gold_gain":0,"player_choice":"Purged","damage_taken":0,"max_hp_gain":0,"max_hp_loss":0,"event_name":"Purifier","floor":10,"gold_loss":0},{"damage_healed":0,"gold_gain":0,"player_choice":"Fight","damage_taken":0,"max_hp_gain":0,"max_hp_loss":0,"event_name":"Colosseum","floor":22,"gold_loss":0},{"damage_healed":0,"gold_gain":0,"player_choice":"Fled From Nobs","damage_taken":0,"max_hp_gain":0,"max_hp_loss":0,"event_name":"Colosseum","floor":22,"gold_loss":0}],"is_beta":false,"boss_relics":[{"not_picked":["Lizard Tail","FrozenCore"],"picked":"Philosopher\u0027s Stone"}],"items_purged_floors":[20],"is_endless":false,"potions_floor_spawned":[1,5,18,22],"killed_by":"Book of Stabbing","ascension_level":13}