{"gold_per_floor":[113,131,161,173,192,192,225,241,292,292,304,5,5,25,25,25],"floor_reached":16,"playtime":1012,"items_purged":[],"score":161,"play_id":"4532f296-1694-4054-a7fc-5fa31acecfe3","local_time":"20190428190639","is_ascension_mode":true,"campfire_choices":[{"floor":6,"key":"REST"},{"floor":13,"key":"REST"},{"floor":15,"key":"REST"}],"neow_cost":"NONE","seed_source_timestamp":1474016611147863,"circlet_count":0,"master_deck":["AscendersBane","Strike_R","Strike_R","Strike_R","Strike_R","Strike_R","Defend_R","Defend_R","Defend_R","Defend_R","Bash","Warcry","Fire Breathing","Pummel","Shockwave","Dark Embrace","Iron Wave","Infernal Blade","Dropkick","Pummel"],"relics":["Burning Blood","Tiny Chest","Blue Candle","PreservedInsect","Vajra"],"potions_floor_usage":[5,5,8],"damage_taken":[{"damage":20,"enemies":"Jaw Worm","floor":1,"turns":6},{"damage":4,"enemies":"Small Slimes","floor":2,"turns":4},{"damage":1,"enemies":"2 Louse","floor":4,"turns":3},{"damage":5,"enemies":"Gremlin Gang","floor":5,"turns":6},{"damage":44,"enemies":"Gremlin Nob","floor":7,"turns":5},{"damage":8,"enemies":"Blue Slaver","floor":8,"turns":4},{"damage":16,"enemies":"Exordium Thugs","floor":11,"turns":4},{"damage":10,"enemies":"Exordium Wildlife","floor":14,"turns":3},{"damage":98,"enemies":"The Guardian","floor":16,"turns":17}],"seed_played":"4896442975477327575","potions_obtained":[{"floor":2,"key":"AttackPotion"},{"floor":4,"key":"Energy Potion"},{"floor":7,"key":"Energy Potion"},{"floor":14,"key":"Weak Potion"}],"is_trial":false,"path_per_floor":["M","M","?","M","M","R","E","M","T","?","M","$","R","M","R","B"],"character_chosen":"IRONCLAD","items_purchased":["Infernal Blade","Vajra","Dropkick"],"campfire_rested":3,"item_purchase_floors":[12,12,12],"current_hp_per_floor":[66,68,61,66,67,88,50,48,48,53,43,43,70,66,93,0],"gold":25,"neow_bonus":"TEN_PERCENT_HP_BONUS","is_prod":false,"is_daily":false,"chose_seed":false,"campfire_upgraded":0,"win_rate":0,"timestamp":1556467599,"path_taken":["M","M","?","M","M","R","E","M","T","?","M","$","R","M","R","BOSS"],"build_version":"2019-01-23","purchased_purges":0,"victory":false,"max_hp_per_floor":[88,88,88,88,88,88,88,88,88,93,93,93,93,93,93,93],"card_choices":[{"not_picked":["Pommel Strike","Thunderclap"],"picked":"Warcry","floor":1},{"not_picked":["Reckless Charge","Blood for Blood"],"picked":"Fire Breathing","floor":2},{"not_picked":["Anger","Rupture"],"picked":"Pummel","floor":4},{"not_picked":["Blood for Blood","Whirlwind","Entrench"],"picked":"SKIP","floor":5},{"not_picked":["Warcry","Havoc"],"picked":"Shockwave","floor":7},{"not_picked":["Carnage","Wild Strike"],"picked":"Dark Embrace","floor":8},{"not_picked":["Headbutt","Pommel Strike"],"picked":"Iron Wave","floor":11},{"not_picked":["Juggernaut","Clothesline"],"picked":"Pummel","floor":14}],"player_experience":1262730,"relics_obtained":[{"floor":7,"key":"Blue Candle"},{"floor":9,"key":"PreservedInsect"}],"event_choices":[{"damage_healed":0,"gold_gain":0,"player_choice":"Success","damage_taken":7,"relics_obtained":["Tiny Chest"],"max_hp_gain":0,"max_hp_loss":0,"event_name":"Scrap Ooze","floor":3,"gold_loss":0},{"damage_healed":0,"gold_gain":0,"player_choice":"Donut","damage_taken":0,"max_hp_gain":5,"max_hp_loss":0,"event_name":"Big Fish","floor":10,"gold_loss":0}],"is_beta":false,"boss_relics":[],"items_purged_floors":[],"is_endless":false,"potions_floor_spawned":[2,4,7,14],"killed_by":"The Guardian","ascension_level":11}