{"gold_per_floor":[112,127,227,239,255,255,288,288,288,288,288,141,141,16,16,139,139,163,178,178,178],"floor_reached":21,"playtime":1695,"items_purged":["Strike_G"],"score":239,"play_id":"9e4c658e-0b5e-4bb8-b3dd-e024861d40f7","local_time":"20190110221719","is_ascension_mode":true,"campfire_choices":[{"floor":6.0,"key":"REST"},{"data":"Calculated Gamble","floor":8.0,"key":"SMITH"},{"data":"Tactician","floor":11.0,"key":"SMITH"},{"data":"Footwork","floor":15,"key":"SMITH"}],"neow_cost":"NONE","seed_source_timestamp":25827321009654,"circlet_count":0,"master_deck":["Defend_G","Defend_G","Defend_G","Defend_G","Defend_G","Strike_G","Strike_G","Strike_G","Strike_G","Survivor","Neutralize","Tactician+1","Caltrops","Backflip","Prepared","Calculated Gamble+1","Footwork+1","Injury","Well Laid Plans","Acrobatics","Grand Finale","Acrobatics"],"special_seed":0,"relics":["Ring of the Snake","Lantern","Incense Burner","StoneCalendar","Sundial","Golden Idol","Sozu"],"potions_floor_usage":[18],"damage_taken":[{"damage":8.0,"enemies":"2 Louse","floor":1.0,"turns":4.0},{"damage":0.0,"enemies":"Cultist","floor":2.0,"turns":4.0},{"damage":3.0,"enemies":"Small Slimes","floor":4.0,"turns":3.0},{"damage":14.0,"enemies":"Exordium Wildlife","floor":5.0,"turns":8.0},{"damage":7.0,"enemies":"3 Sentries","floor":7.0,"turns":7.0},{"damage":18,"enemies":"Slime Boss","floor":16,"turns":16},{"damage":6,"enemies":"Shell Parasite","floor":18,"turns":6},{"damage":6,"enemies":"2 Thieves","floor":19,"turns":4},{"damage":9,"enemies":"Colosseum Slavers","floor":20,"turns":5},{"damage":43,"enemies":"Masked Bandits","floor":21,"turns":3}],"seed_played":"-5573583763662281217","potions_obtained":[{"floor":1.0,"key":"EntropicBrew"},{"floor":4.0,"key":"Fire Potion"},{"floor":5.0,"key":"FearPotion"},{"floor":16,"key":"Poison Potion"}],"is_trial":false,"path_per_floor":["M","M","?","M","M","R","E","R","T","T","R","$","?","$","R","B",null,"M","M","?","?"],"character_chosen":"THE_SILENT","items_purchased":["Footwork","Well Laid Plans","Acrobatics"],"campfire_rested":1,"item_purchase_floors":[12,14,14],"current_hp_per_floor":[55,55,55,52,38,59,52,52,52,52,52,52,52,52,52,34,61,55,49,40,0],"gold":178,"neow_bonus":"RANDOM_COMMON_RELIC","is_prod":false,"is_daily":false,"chose_seed":false,"campfire_upgraded":3,"win_rate":0,"timestamp":1547126239,"path_taken":["M","M","?","M","?","R","E","R","T","?","R","$","?","?","R","BOSS","M","M","?","?"],"build_version":"2019-01-03v4","purchased_purges":1,"victory":false,"max_hp_per_floor":[70,70,70,70,70,70,70,70,70,70,70,70,70,70,70,70,70,70,70,70,70],"card_choices":[{"not_picked":["Terror","Heel Hook"],"picked":"Tactician","floor":1.0},{"not_picked":["Catalyst","Bane"],"picked":"Caltrops","floor":2.0},{"not_picked":["Bane","Backstab"],"picked":"Backflip","floor":4.0},{"not_picked":["Dagger Spray","Deadly Poison"],"picked":"Prepared","floor":5.0},{"not_picked":["Bouncing Flask","Infinite Blades"],"picked":"Calculated Gamble","floor":7.0},{"not_picked":["Phantasmal Killer","Burst"],"picked":"Grand Finale","floor":16},{"not_picked":["Leg Sweep+1","Concentrate+1"],"picked":"Acrobatics","floor":18},{"not_picked":["Flying Knee","Underhanded Strike","Masterful Stab"],"picked":"SKIP","floor":19}],"player_experience":335257,"relics_obtained":[{"floor":7.0,"key":"Incense Burner"},{"floor":9.0,"key":"StoneCalendar"},{"floor":10.0,"key":"Sundial"}],"event_choices":[{"damage_healed":0.0,"max_hp_gain":0.0,"max_hp_loss":0.0,"gold_gain":100.0,"event_name":"Golden Shrine","player_choice":"Pray","floor":3.0,"gold_loss":0.0,"damage_taken":0.0},{"damage_healed":0.0,"max_hp_gain":0.0,"max_hp_loss":0.0,"gold_gain":0.0,"event_name":"Golden Idol","player_choice":"Take Wound","floor":13.0,"gold_loss":0.0,"damage_taken":0.0,"relics_obtained":["Golden Idol"],"cards_obtained":["Injury"]},{"damage_healed":0,"gold_gain":0,"player_choice":"Fight","damage_taken":0,"max_hp_gain":0,"max_hp_loss":0,"event_name":"Colosseum","floor":20,"gold_loss":0},{"damage_healed":0,"gold_gain":0,"player_choice":"Fled From Nobs","damage_taken":0,"max_hp_gain":0,"max_hp_loss":0,"event_name":"Colosseum","floor":20,"gold_loss":0},{"damage_healed":0,"gold_gain":0,"player_choice":"Fought Bandits","damage_taken":0,"max_hp_gain":0,"max_hp_loss":0,"event_name":"Masked Bandits","floor":21,"gold_loss":0}],"is_beta":false,"boss_relics":[{"not_picked":["Orrery","Eternal Feather"],"picked":"Sozu"}],"items_purged_floors":[12],"is_endless":false,"potions_floor_spawned":[1,4,5,16,18],"killed_by":"Masked Bandits","ascension_level":7}