{"gold_per_floor":[118,131,131,306,36,36,69,92,119,137,137,156,156,181,181,181],"floor_reached":16,"playtime":800,"items_purged":[],"score":172,"play_id":"6319dca7-be78-48e3-b6b2-8e6c9ce9d0f1","local_time":"20190602114024","is_ascension_mode":true,"campfire_choices":[{"data":"Corruption","floor":6,"key":"SMITH"},{"data":"Bash","floor":15,"key":"SMITH"}],"neow_cost":"NONE","seed_source_timestamp":144332396407295,"circlet_count":0,"master_deck":["Strike_R","Strike_R+1","Strike_R","Strike_R","Strike_R","Defend_R","Defend_R+1","Defend_R","Defend_R","Bash+1","Corruption+1","Shrug It Off","Burning Pact","Chrysalis","Sentinel","Warcry","Havoc","Injury","Offering"],"relics":["Burning Blood","NeowsBlessing","Ice Cream","Odd Mushroom","Regal Pillow","Golden Idol","Strawberry"],"potions_floor_usage":[7,8],"damage_taken":[{"damage":0,"enemies":"Cultist","floor":1,"turns":1},{"damage":0,"enemies":"Jaw Worm","floor":2,"turns":1},{"damage":0,"enemies":"Lagavulin","floor":7,"turns":4},{"damage":6,"enemies":"The Mushroom Lair","floor":8,"turns":4},{"damage":1,"enemies":"2 Louse","floor":10,"turns":5},{"damage":25,"enemies":"2 Fungi Beasts","floor":12,"turns":5},{"damage":63,"enemies":"The Guardian","floor":16,"turns":8}],"seed_played":"157731539936366128","potions_obtained":[{"floor":1,"key":"Swift Potion"},{"floor":2,"key":"PowerPotion"}],"is_trial":false,"path_per_floor":["M","M","?","?","$","R","E","?","T","M","?","M","?","T","R","B"],"character_chosen":"IRONCLAD","items_purchased":["Burning Pact","Chrysalis"],"campfire_rested":0,"item_purchase_floors":[5,5],"current_hp_per_floor":[78,80,64,64,64,64,70,70,70,75,75,56,56,63,63,0],"gold":181,"neow_bonus":"THREE_ENEMY_KILL","is_prod":false,"is_daily":false,"chose_seed":false,"campfire_upgraded":2,"win_rate":0,"timestamp":1559490024,"path_taken":["M","M","?","?","$","R","E","?","T","M","?","M","?","?","R","BOSS"],"build_version":"2019-01-23","purchased_purges":0,"victory":false,"max_hp_per_floor":[80,80,80,80,80,80,80,80,80,80,80,80,80,87,87,87],"card_choices":[{"not_picked":["Intimidate","Heavy Blade"],"picked":"Corruption","floor":1},{"not_picked":["Anger","Second Wind"],"picked":"Shrug It Off","floor":2},{"not_picked":["Searing Blow","Clothesline"],"picked":"Sentinel","floor":7},{"not_picked":["Wild Strike","Heavy Blade"],"picked":"Warcry","floor":8},{"not_picked":["Heavy Blade","Armaments"],"picked":"Havoc","floor":10},{"not_picked":["Rupture","Inflame"],"picked":"Offering","floor":12}],"player_experience":355820,"relics_obtained":[{"floor":7,"key":"Ice Cream"},{"floor":8,"key":"Odd Mushroom"},{"floor":9,"key":"Regal Pillow"},{"floor":14,"key":"Strawberry"}],"event_choices":[{"damage_healed":0,"gold_gain":0,"player_choice":"Entered Light","damage_taken":16,"max_hp_gain":0,"max_hp_loss":0,"event_name":"Shining Light","floor":3,"gold_loss":0,"cards_upgraded":["Strike_R","Defend_R"]},{"damage_healed":0,"gold_gain":175,"player_choice":"AGREE","damage_taken":0,"max_hp_gain":0,"max_hp_loss":0,"event_name":"Liars Game","floor":4,"gold_loss":0,"cards_obtained":["Doubt"]},{"damage_healed":0,"gold_gain":0,"player_choice":"Fought Mushrooms","damage_taken":0,"max_hp_gain":0,"max_hp_loss":0,"event_name":"Mushrooms","floor":8,"gold_loss":0},{"damage_healed":0,"gold_gain":0,"player_choice":"Take Wound","damage_taken":0,"relics_obtained":["Golden Idol"],"max_hp_gain":0,"max_hp_loss":0,"event_name":"Golden Idol","floor":11,"gold_loss":0,"cards_obtained":["Injury"]},{"cards_removed":["Doubt"],"damage_healed":0,"gold_gain":0,"player_choice":"Forget","damage_taken":0,"max_hp_gain":0,"max_hp_loss":0,"event_name":"Living Wall","floor":13,"gold_loss":0}],"is_beta":false,"boss_relics":[],"items_purged_floors":[],"is_endless":false,"potions_floor_spawned":[1,2],"killed_by":"The Guardian","ascension_level":8}