{"gold_per_floor":[17,37,37,37,57,57,76,76,76,76,102,160,140,158,158,235,235,250,250,268,287,287,287],"floor_reached":23,"playtime":860,"items_purged":[],"score":334,"play_id":"f31f435b-73d1-4792-b1b3-b67b569b3a47","local_time":"20190310184152","is_ascension_mode":true,"campfire_choices":[{"data":"Bash","floor":6,"key":"SMITH"},{"data":"Cleave","floor":8,"key":"SMITH"},{"data":"Pummel","floor":10,"key":"SMITH"},{"floor":15,"key":"REST"}],"neow_cost":"NO_GOLD","seed_source_timestamp":928428601330482,"circlet_count":0,"master_deck":["AscendersBane","Strike_R","Defend_R","Defend_R","Defend_R","Defend_R","Bash+1","Pummel+1","Cleave+1","Sword Boomerang","Heavy Blade","Flex","Offering","Heavy Blade","Shrug It Off","Sever Soul","Armaments"],"relics":["Burning Blood","Shuriken","Matryoshka","Snecko Eye","Nloth\u0027s Gift"],"potions_floor_usage":[11,16,16],"damage_taken":[{"damage":11,"enemies":"Cultist","floor":1,"turns":4},{"damage":4,"enemies":"Jaw Worm","floor":2,"turns":4},{"damage":8,"enemies":"2 Louse","floor":5,"turns":4},{"damage":16,"enemies":"Looter","floor":7,"turns":4},{"damage":22,"enemies":"Gremlin Nob","floor":11,"turns":4},{"damage":30,"enemies":"3 Sentries","floor":12,"turns":7},{"damage":9,"enemies":"Red Slaver","floor":14,"turns":3},{"damage":46,"enemies":"Hexaghost","floor":16,"turns":9},{"damage":29,"enemies":"Spheric Guardian","floor":18,"turns":4},{"damage":7,"enemies":"2 Thieves","floor":20,"turns":2},{"damage":6,"enemies":"Snecko","floor":21,"turns":2},{"damage":47,"enemies":"Slavers","floor":23,"turns":2}],"seed_played":"5899310674502875241","potions_obtained":[{"floor":2,"key":"PowerPotion"},{"floor":5,"key":"GamblersBrew"},{"floor":7,"key":"EssenceOfSteel"},{"floor":13,"key":"FearPotion"},{"floor":14,"key":"Regen Potion"},{"floor":21,"key":"SteroidPotion"}],"is_trial":false,"path_per_floor":["M","M","?","$","M","R","M","R","T","R","E","?","?","M","R","B",null,"M","?","M","M","?","E"],"character_chosen":"IRONCLAD","items_purchased":[],"campfire_rested":1,"item_purchase_floors":[],"current_hp_per_floor":[63,65,70,70,68,68,58,58,58,58,42,18,18,15,39,14,64,41,41,40,40,40,0],"gold":287,"neow_bonus":"REMOVE_TWO","is_prod":false,"is_daily":false,"chose_seed":false,"campfire_upgraded":3,"win_rate":0,"timestamp":1552210912,"path_taken":["M","?","?","?","M","R","?","R","T","R","E","?","?","M","R","BOSS","M","?","?","M","?","E"],"build_version":"2019-02-06","purchased_purges":0,"victory":false,"max_hp_per_floor":[75,75,80,80,80,80,80,80,80,80,80,80,80,80,80,80,80,80,80,80,80,80,80],"card_choices":[{"not_picked":["Clash","Seeing Red","Armaments"],"picked":"SKIP","floor":1},{"not_picked":["Anger","Havoc","Heavy Blade"],"picked":"SKIP","floor":2},{"not_picked":["Wild Strike","Rage"],"picked":"Pummel","floor":5},{"not_picked":["Headbutt","Perfected Strike"],"picked":"Cleave","floor":7},{"not_picked":["Thunderclap","Armaments"],"picked":"Sword Boomerang","floor":11},{"not_picked":["Pommel Strike","Headbutt"],"picked":"Heavy Blade","floor":12},{"not_picked":["Wild Strike","Blood for Blood"],"picked":"Flex","floor":14},{"not_picked":["Bludgeon","Berserk"],"picked":"Offering","floor":16},{"not_picked":["Havoc+1","Flex"],"picked":"Heavy Blade","floor":18},{"not_picked":["Body Slam","Twin Strike","Iron Wave"],"picked":"SKIP","floor":20},{"not_picked":["Offering","Feel No Pain+1"],"picked":"Shrug It Off","floor":21}],"player_experience":2663066,"relics_obtained":[{"floor":9,"key":"Shuriken"},{"floor":11,"key":"Matryoshka"},{"floor":12,"key":"Pen Nib"}],"event_choices":[{"damage_healed":0,"gold_gain":0,"player_choice":"Donut","damage_taken":0,"max_hp_gain":5,"max_hp_loss":0,"event_name":"Big Fish","floor":3,"gold_loss":0},{"damage_healed":0,"gold_gain":30,"player_choice":"Searched \u00272\u0027 times","damage_taken":0,"max_hp_gain":0,"max_hp_loss":0,"event_name":"Dead Adventurer","floor":12,"gold_loss":0},{"damage_healed":0,"gold_gain":0,"player_choice":"Bought 1 Potion","damage_taken":0,"max_hp_gain":0,"max_hp_loss":0,"event_name":"The Woman in Blue","floor":13,"gold_loss":0},{"damage_healed":0,"gold_gain":0,"player_choice":"Traded Relic","damage_taken":0,"relics_obtained":["Nloth\u0027s Gift"],"max_hp_gain":0,"max_hp_loss":0,"event_name":"N\u0027loth","floor":19,"relics_lost":["Pen Nib"],"gold_loss":0},{"damage_healed":0,"gold_gain":0,"cards_transformed":["Strike_R","Strike_R"],"player_choice":"Became Test Subject","damage_taken":0,"max_hp_gain":0,"max_hp_loss":0,"event_name":"Drug Dealer","floor":22,"gold_loss":0,"cards_obtained":["Sever Soul","Armaments"]}],"is_beta":true,"boss_relics":[{"not_picked":["Orrery","Busted Crown"],"picked":"Snecko Eye"}],"items_purged_floors":[],"is_endless":false,"potions_floor_spawned":[2,5,7,14,21],"killed_by":"Slavers","ascension_level":15}