{"gold_per_floor":[109,129,129,145,145,145,170,170,170,170,5,5,5,30,30,107,157,171,171,171,188,199,199,225,225,225,240,240,267,293,6,6,83,83,99,99,71,71,85,85,118,133,160,175,188,188,88,100,100,100],"floor_reached":51,"playtime":2248,"items_purged":["Defend_B","Zap"],"score":1391,"play_id":"2ff83d50-8698-400f-821c-f7a309a1720d","local_time":"20190603064611","is_ascension_mode":true,"campfire_choices":[{"data":"Defragment","floor":6.0,"key":"SMITH"},{"floor":10.0,"key":"REST"},{"data":"Recycle","floor":12.0,"key":"SMITH"},{"floor":15.0,"key":"REST"},{"floor":23.0,"key":"REST"},{"data":"Buffer","floor":25.0,"key":"SMITH"},{"floor":28.0,"key":"REST"},{"floor":32,"key":"REST"},{"data":"1","floor":40,"key":"LIFT"},{"data":"2","floor":46,"key":"LIFT"},{"data":"3","floor":49,"key":"LIFT"}],"neow_cost":"NONE","seed_source_timestamp":114944030345089,"circlet_count":0,"master_deck":["AscendersBane","Dualcast","Recycle+1","Cold Snap","Electrodynamics+1","Coolheaded","Defragment+1","FTL","Gash","Buffer+1","Loop","Genetic Algorithm","Go for the Eyes+1","Ball Lightning","Undo+1","Defragment+1","Melter","Sunder","FTL","Heatsinks","Gash","Madness","Madness","Gash","Chill","Gash+1","Ball Lightning+1"],"special_seed":0,"relics":["Cracked Core","Girya","Orichalcum","Ginger","Oddly Smooth Stone","Ice Cream","Tiny House","FaceOfCleric","Lantern","Thread and Needle","MawBank","DollysMirror","Pandora\u0027s Box","Bottled Tornado","Bronze Scales"],"potions_floor_usage":[33,50,50],"damage_taken":[{"damage":12.0,"enemies":"Small Slimes","floor":1.0,"turns":3.0},{"damage":1.0,"enemies":"Cultist","floor":2.0,"turns":4.0},{"damage":9.0,"enemies":"2 Louse","floor":4.0,"turns":3.0},{"damage":7.0,"enemies":"3 Sentries","floor":7.0,"turns":4.0},{"damage":20.0,"enemies":"Gremlin Nob","floor":14.0,"turns":4.0},{"damage":20.0,"enemies":"Slime Boss","floor":16.0,"turns":7.0},{"damage":0.0,"enemies":"Chosen","floor":18.0,"turns":4.0},{"damage":28.0,"enemies":"2 Thieves","floor":21.0,"turns":4.0},{"damage":16.0,"enemies":"Chosen and Byrds","floor":22.0,"turns":5.0},{"damage":30.0,"enemies":"Slavers","floor":24.0,"turns":4.0},{"damage":13.0,"enemies":"Shelled Parasite and Fungi","floor":27.0,"turns":6.0},{"damage":0.0,"enemies":"Gremlin Leader","floor":29.0,"turns":7.0},{"damage":0,"enemies":"Snecko","floor":30,"turns":5},{"damage":13,"enemies":"Automaton","floor":33,"turns":10},{"damage":9,"enemies":"Orb Walker","floor":35,"turns":3},{"damage":0,"enemies":"3 Shapes","floor":39,"turns":4},{"damage":1,"enemies":"Reptomancer","floor":41,"turns":6},{"damage":6,"enemies":"Spire Growth","floor":42,"turns":5},{"damage":0,"enemies":"Maw","floor":44,"turns":8},{"damage":0,"enemies":"Sphere and 2 Shapes","floor":45,"turns":4},{"damage":0,"enemies":"4 Shapes","floor":48,"turns":6},{"damage":61,"enemies":"Donu and Deca","floor":50,"turns":8}],"seed_played":"5990537828549397305","potions_obtained":[{"floor":1.0,"key":"Fire Potion"},{"floor":7.0,"key":"EssenceOfSteel"},{"floor":16.0,"key":"Ancient Potion"},{"floor":17.0,"key":"FocusPotion"},{"floor":29.0,"key":"FocusPotion"},{"floor":33,"key":"PowerPotion"},{"floor":41,"key":"PowerPotion"}],"is_trial":false,"path_per_floor":["M","M","?","M","?","R","E","?","T","R","$","R","?","E","R","B",null,"M","?","?","M","M","R","E","R","T","M","R","E","M","$","R","B",null,"M","?","$","?","M","R","E","M","T","M","M","R","$","M","R","B",null],"character_chosen":"DEFECT","items_purchased":["Oddly Smooth Stone","DollysMirror","Gash"],"campfire_rested":5,"item_purchase_floors":[11,31,37],"current_hp_per_floor":[52,51,51,42,42,42,35,24,24,45,45,45,45,25,46,26,65,65,65,65,38,23,46,17,17,17,5,29,30,31,31,55,43,73,65,50,50,94,95,95,95,90,90,91,92,92,92,93,93,33],"gold":100,"neow_bonus":"REMOVE_CARD","is_prod":false,"is_daily":false,"chose_seed":false,"campfire_upgraded":3,"win_rate":0,"timestamp":1559515571,"path_taken":["M","M","?","?","?","R","E","?","T","R","?","R","?","E","R","BOSS","M","?","?","M","M","R","E","R","T","?","R","E","M","$","R","BOSS","M","?","$","?","M","R","E","?","T","M","M","R","$","M","R","BOSS"],"build_version":"2019-01-23","purchased_purges":2,"victory":true,"max_hp_per_floor":[71,71,71,71,71,71,71,71,71,71,71,71,71,71,71,71,76,76,76,76,77,78,78,79,79,79,80,80,81,82,82,82,83,83,84,84,84,94,95,95,96,97,97,98,99,99,99,100,100,101],"card_choices":[{"not_picked":["Hello World","Turbo"],"picked":"Recycle","floor":1.0},{"not_picked":["Conserve Battery","Lockon"],"picked":"Cold Snap","floor":2.0},{"not_picked":["Coolheaded","Beam Cell"],"picked":"Defragment","floor":4.0},{"not_picked":["Hyperbeam","Fusion"],"picked":"FTL","floor":7.0},{"not_picked":["Ball Lightning","Redo"],"picked":"Gash","floor":14.0},{"not_picked":["Machine Learning","Core Surge"],"picked":"Buffer","floor":16.0},{"not_picked":["Cold Snap","Turbo"],"picked":"Loop","floor":18.0},{"not_picked":["Barrage","Compile Driver","Redo"],"picked":"SKIP","floor":21.0},{"not_picked":["Streamline","Scrape","Rebound+1"],"picked":"SKIP","floor":22.0},{"not_picked":["Sweeping Beam","Storm"],"picked":"Genetic Algorithm","floor":24.0},{"not_picked":["Electrodynamics","Darkness"],"picked":"Go for the Eyes+1","floor":27.0},{"not_picked":["Coolheaded","Hologram"],"picked":"Ball Lightning","floor":29.0},{"not_picked":["Turbo","Ball Lightning+1"],"picked":"Undo+1","floor":30},{"not_picked":["Redo+1","Genetic Algorithm"],"picked":"Gash","floor":35},{"not_picked":["Coolheaded","Conserve Battery"],"picked":"Chill","floor":39},{"not_picked":["Conserve Battery","Sweeping Beam"],"picked":"Gash+1","floor":41},{"not_picked":["Compile Driver","Leap","Ball Lightning"],"picked":"SKIP","floor":42},{"not_picked":["Amplify","Streamline","Stack+1"],"picked":"SKIP","floor":44},{"not_picked":["Compile Driver","Stack"],"picked":"Ball Lightning+1","floor":45},{"not_picked":["Redo","Stack","Fusion"],"picked":"SKIP","floor":48}],"player_experience":626504,"relics_obtained":[{"floor":7.0,"key":"Girya"},{"floor":9.0,"key":"Ginger"},{"floor":14.0,"key":"Ice Cream"},{"floor":24.0,"key":"Lantern"},{"floor":26.0,"key":"Thread and Needle"},{"floor":29.0,"key":"MawBank"},{"floor":41,"key":"Bottled Tornado"},{"floor":43,"key":"Bronze Scales"}],"event_choices":[{"damage_healed":0.0,"max_hp_gain":0.0,"max_hp_loss":0.0,"gold_gain":0.0,"event_name":"Match and Keep!","player_choice":"2 cards matched","floor":3.0,"gold_loss":0.0,"damage_taken":0.0,"cards_obtained":["Electrodynamics","Coolheaded"]},{"damage_healed":0.0,"max_hp_gain":0.0,"max_hp_loss":0.0,"gold_gain":0.0,"event_name":"Liars Game","player_choice":"Ignored","floor":5.0,"gold_loss":0.0,"damage_taken":0.0},{"damage_healed":0.0,"max_hp_gain":0.0,"max_hp_loss":0.0,"gold_gain":0.0,"event_name":"Scrap Ooze","player_choice":"Success","floor":8.0,"gold_loss":0.0,"damage_taken":11.0,"relics_obtained":["Orichalcum"]},{"cards_removed":["Defend_B"],"damage_healed":0.0,"max_hp_gain":0.0,"max_hp_loss":0.0,"gold_gain":0.0,"event_name":"Living Wall","player_choice":"Forget","floor":13.0,"gold_loss":0.0,"damage_taken":0.0},{"damage_healed":0.0,"max_hp_gain":0.0,"max_hp_loss":0.0,"gold_gain":0.0,"event_name":"Vampires","player_choice":"Ignored","floor":19.0,"gold_loss":0.0,"damage_taken":0.0},{"damage_healed":0.0,"max_hp_gain":0.0,"max_hp_loss":0.0,"gold_gain":0.0,"event_name":"FaceTrader","player_choice":"Trade","floor":20.0,"gold_loss":0.0,"damage_taken":0.0,"relics_obtained":["FaceOfCleric"]},{"damage_healed":0,"gold_gain":0,"player_choice":"Embrace Madness","damage_taken":15,"max_hp_gain":0,"max_hp_loss":0,"event_name":"Winding Halls","floor":36,"gold_loss":0,"cards_obtained":["Madness","Madness"]},{"cards_removed":["Rainbow"],"damage_healed":34,"gold_gain":0,"player_choice":"Offered Rare","damage_taken":0,"max_hp_gain":10,"max_hp_loss":0,"event_name":"Bonfire Elementals","floor":38,"gold_loss":0}],"is_beta":false,"boss_relics":[{"not_picked":["Lizard Tail","Snecko Eye"],"picked":"Tiny House"},{"not_picked":["FrozenCore","Eternal Feather"],"picked":"Pandora\u0027s Box"}],"items_purged_floors":[31,47],"is_endless":false,"potions_floor_spawned":[1,7,16,21,29,33,41,44,45],"ascension_level":17}