{"gold_per_floor":[114,193,268,42,42,378,403,438,438,456,485,504,543,563,563,662,662,683,808,808,824,358,394,394,432,432,446,89,128,144,187,187,276,276,289,310,29,29,1028,1064,1064,1097,1097,1140,1165,1215,618,634,634,634,634,634,634,65,101,101],"floor_reached":57,"playtime":3577,"items_purged":["Auto Shields","Auto Shields","Zap"],"score":3857,"play_id":"700f25b9-2885-4b07-bc7e-a14f8a346a16","local_time":"20190501025524","is_ascension_mode":true,"campfire_choices":[{"data":"Turbo","floor":15,"key":"SMITH"},{"data":"Self Repair","floor":24,"key":"SMITH"},{"data":"Buffer","floor":32,"key":"SMITH"},{"floor":41,"key":"RECALL"},{"data":"Storm","floor":49,"key":"SMITH"},{"data":"Storm","floor":53,"key":"SMITH"}],"neow_cost":"NONE","seed_source_timestamp":860267510617500,"circlet_count":0,"master_deck":["AscendersBane","Dualcast","Consume","Static Discharge","White Noise","Cold Snap","Hologram","Barrage","Leap","Turbo+1","BootSequence","Electrodynamics","Rainbow","Storm+1","Double Energy","Skim","Conserve Battery","Buffer+1","Streamline+1","Tempest","Chill+1","Conserve Battery+1","Self Repair+1","Defragment+1","White Noise+1","Tempest+1","Force Field+1","Thunder Strike","Writhe","Normality","Normality","Steam Power+1","Conserve Battery+1","Injury","Creative AI","Double Energy+1","Fission+1","Storm+1","Master of Strategy+1","Dark Shackles+1","Chill+1"],"relics":["Cracked Core","NeowsBlessing","Meat on the Bone","OrangePellets","Golden Idol","Old Coin","Darkstone Periapt","Dead Branch","Odd Mushroom","Ice Cream","Pandora\u0027s Box","Thread and Needle","Letter Opener","GremlinMask","Toxic Egg 2","Pocketwatch","WingedGreaves","Mummified Hand","Kunai","Potion Belt","Cursed Key","Blue Candle","Smiling Mask","FossilizedHelix","Ornamental Fan","MawBank","Cables","Dodecahedron","TheAbacus","Oddly Smooth Stone","Shuriken"],"potions_floor_usage":[8,11,13,16,56,56,56,56],"damage_taken":[{"damage":0,"enemies":"Cultist","floor":1,"turns":1},{"damage":0,"enemies":"Gremlin Nob","floor":6,"turns":1},{"damage":0,"enemies":"Small Slimes","floor":7,"turns":1},{"damage":25,"enemies":"3 Sentries","floor":8,"turns":6},{"damage":5,"enemies":"2 Louse","floor":10,"turns":3},{"damage":11,"enemies":"The Mushroom Lair","floor":11,"turns":5},{"damage":1,"enemies":"Looter","floor":12,"turns":4},{"damage":21,"enemies":"Gremlin Nob","floor":13,"turns":5},{"damage":7,"enemies":"Red Slaver","floor":14,"turns":2},{"damage":35,"enemies":"The Guardian","floor":16,"turns":11},{"damage":7,"enemies":"Chosen","floor":18,"turns":4},{"damage":7,"enemies":"Colosseum Slavers","floor":19,"turns":4},{"damage":7,"enemies":"Colosseum Nobs","floor":19,"turns":3},{"damage":11,"enemies":"Spheric Guardian","floor":21,"turns":6},{"damage":0,"enemies":"Gremlin Leader","floor":23,"turns":4},{"damage":2,"enemies":"Slavers","floor":25,"turns":4},{"damage":0,"enemies":"Snake Plant","floor":27,"turns":4},{"damage":0,"enemies":"Book of Stabbing","floor":29,"turns":4},{"damage":0,"enemies":"Centurion and Healer","floor":30,"turns":2},{"damage":6,"enemies":"Slavers","floor":31,"turns":2},{"damage":0,"enemies":"Automaton","floor":33,"turns":8},{"damage":0,"enemies":"Orb Walker","floor":35,"turns":2},{"damage":0,"enemies":"3 Shapes","floor":36,"turns":2},{"damage":2,"enemies":"Giant Head","floor":40,"turns":5},{"damage":13,"enemies":"Reptomancer","floor":42,"turns":4},{"damage":2,"enemies":"Nemesis","floor":44,"turns":8},{"damage":3,"enemies":"Maw","floor":45,"turns":4},{"damage":0,"enemies":"Giant Head","floor":46,"turns":4},{"damage":0,"enemies":"3 Darklings","floor":48,"turns":2},{"damage":0,"enemies":"Donu and Deca","floor":50,"turns":3},{"damage":0,"enemies":"Awakened One","floor":51,"turns":4},{"damage":50,"enemies":"Shield and Spear","floor":55,"turns":3},{"damage":36,"enemies":"The Heart","floor":56,"turns":5}],"seed_played":"-2559838298625093003","potions_obtained":[{"floor":7,"key":"Fire Potion"},{"floor":10,"key":"Block Potion"},{"floor":11,"key":"SkillPotion"},{"floor":14,"key":"GamblersBrew"},{"floor":21,"key":"FearPotion"},{"floor":23,"key":"EssenceOfSteel"},{"floor":33,"key":"Regen Potion"},{"floor":36,"key":"Energy Potion"},{"floor":40,"key":"SteroidPotion"},{"floor":48,"key":"Ancient Potion"}],"is_trial":false,"path_per_floor":["M","T","?","$","?","E","M","E","T","M","?","M","E","M","R","B",null,"M","?","?","M","$","E","R","E","T","M","$","E","M","E","R","B",null,"M","M","$","?","?","E","R","E","T","E","M","E","$","M","R","B","B",null,"R","$","E","B",null],"character_chosen":"DEFECT","items_purchased":["OrangePellets","Toxic Egg 2","Chill+1","Conserve Battery+1","Mummified Hand","White Noise+1","Blue Candle","Dodecahedron","TheAbacus","Fission+1","Master of Strategy+1","Dark Shackles+1","Oddly Smooth Stone","SpeedPotion"],"campfire_rested":0,"item_purchase_floors":[4,22,22,22,28,28,37,47,47,47,54,54,54,54],"current_hp_per_floor":[64,64,53,53,29,41,41,28,28,35,36,47,38,43,43,20,58,51,37,37,38,38,38,38,46,46,46,46,56,66,60,60,70,71,71,71,71,77,89,89,89,86,92,95,95,95,95,95,95,95,95,95,95,95,67,57],"gold":101,"neow_bonus":"THREE_ENEMY_KILL","is_prod":false,"is_daily":false,"chose_seed":false,"campfire_upgraded":5,"win_rate":0,"timestamp":1556646924,"path_taken":["M","?","?","$","?","E","M","E","T","M","?","M","E","M","R","BOSS","M","?","?","M","$","E","R","E","T","?","$","E","M","E","R","BOSS","M","M","$","?","?","E","R","E","T","E","M","E","$","M","R","BOSS","BOSS","R","$","E","BOSS"],"build_version":"2019-01-23","purchased_purges":3,"victory":true,"max_hp_per_floor":[71,71,71,71,71,71,71,71,71,71,71,71,71,71,71,71,71,71,71,71,71,71,71,71,71,71,71,71,71,71,71,71,71,71,71,71,71,77,89,89,89,89,95,95,95,95,95,95,95,95,95,95,95,95,95,95],"card_choices":[{"not_picked":["Conserve Battery","Skim"],"picked":"Consume","floor":1},{"not_picked":["Blizzard","Steam"],"picked":"Static Discharge","floor":6},{"not_picked":["Reinforced Body","Coolheaded"],"picked":"White Noise","floor":7},{"not_picked":["Streamline","Sweeping Beam"],"picked":"Cold Snap","floor":8},{"not_picked":["Ball Lightning","Rebound"],"picked":"Hologram","floor":10},{"not_picked":["Consume","Coolheaded"],"picked":"Barrage","floor":11},{"not_picked":["Barrage","Darkness"],"picked":"Leap","floor":12},{"not_picked":["Amplify","Streamline"],"picked":"Turbo","floor":13},{"not_picked":["Rebound","Gash"],"picked":"BootSequence","floor":14},{"not_picked":["All For One","Rainbow"],"picked":"Electrodynamics","floor":16},{"not_picked":["Streamline+1","Cold Snap","Rip and Tear"],"picked":"SKIP","floor":18},{"not_picked":["Cold Snap","Rip and Tear"],"picked":"Streamline+1","floor":18},{"not_picked":["Streamline","Melter+1"],"picked":"Tempest","floor":21},{"not_picked":["Leap+1","Streamline"],"picked":"Self Repair","floor":23},{"not_picked":["Chaos+1","Self Repair"],"picked":"Defragment+1","floor":25},{"not_picked":["Cold Snap","Auto Shields+1","Gash"],"picked":"SKIP","floor":27},{"not_picked":["Sweeping Beam","Lockon"],"picked":"Tempest+1","floor":29},{"not_picked":["Rebound","Streamline"],"picked":"Force Field+1","floor":30},{"not_picked":["Sweeping Beam","Barrage","Rip and Tear"],"picked":"SKIP","floor":31},{"not_picked":["Electrodynamics","Rainbow+1"],"picked":"Thunder Strike","floor":33},{"not_picked":["Ball Lightning","Compile Driver","Rip and Tear"],"picked":"SKIP","floor":35},{"not_picked":["Rebound","Cold Snap","Auto Shields+1"],"picked":"SKIP","floor":36},{"not_picked":["Rebound","Cold Snap","Auto Shields+1"],"picked":"SKIP","floor":36},{"not_picked":["Doom and Gloom+1","Barrage"],"picked":"Steam Power+1","floor":40},{"not_picked":["Coolheaded+1","Genetic Algorithm+1"],"picked":"Conserve Battery+1","floor":42},{"not_picked":["Coolheaded+1","Stack+1"],"picked":"Creative AI","floor":44},{"not_picked":["Redo+1","Go for the Eyes","Genetic Algorithm+1"],"picked":"SKIP","floor":45},{"not_picked":["Gash","Compile Driver"],"picked":"Double Energy+1","floor":46},{"not_picked":["Force Field+1","Glacier+1"],"picked":"Storm","floor":48},{"not_picked":["Static Discharge","Skim+1"],"picked":"Chill+1","floor":55}],"player_experience":4882990,"relics_obtained":[{"floor":2,"key":"Meat on the Bone"},{"floor":6,"key":"Old Coin"},{"floor":8,"key":"Darkstone Periapt"},{"floor":9,"key":"Dead Branch"},{"floor":11,"key":"Odd Mushroom"},{"floor":13,"key":"Ice Cream"},{"floor":19,"key":"Thread and Needle"},{"floor":19,"key":"Letter Opener"},{"floor":23,"key":"Pocketwatch"},{"floor":25,"key":"WingedGreaves"},{"floor":29,"key":"Kunai"},{"floor":31,"key":"Potion Belt"},{"floor":40,"key":"Smiling Mask"},{"floor":42,"key":"FossilizedHelix"},{"floor":43,"key":"Ornamental Fan"},{"floor":44,"key":"MawBank"},{"floor":46,"key":"Cables"},{"floor":55,"key":"Shuriken"}],"event_choices":[{"damage_healed":0,"gold_gain":75,"player_choice":"Gather Gold","damage_taken":11,"max_hp_gain":0,"max_hp_loss":0,"event_name":"World of Goop","floor":3,"gold_loss":0},{"damage_healed":0,"gold_gain":0,"player_choice":"Take Damage","damage_taken":24,"relics_obtained":["Golden Idol"],"max_hp_gain":0,"max_hp_loss":0,"event_name":"Golden Idol","floor":5,"gold_loss":0},{"damage_healed":0,"gold_gain":0,"player_choice":"Fought Mushrooms","damage_taken":0,"max_hp_gain":0,"max_hp_loss":0,"event_name":"Mushrooms","floor":11,"gold_loss":0},{"damage_healed":0,"gold_gain":0,"player_choice":"Fight","damage_taken":0,"max_hp_gain":0,"max_hp_loss":0,"event_name":"Colosseum","floor":19,"gold_loss":0},{"damage_healed":0,"gold_gain":0,"player_choice":"Fought Nobs","damage_taken":0,"max_hp_gain":0,"max_hp_loss":0,"event_name":"Colosseum","floor":19,"gold_loss":0},{"damage_healed":0,"gold_gain":0,"player_choice":"Trade","damage_taken":0,"relics_obtained":["GremlinMask"],"max_hp_gain":0,"max_hp_loss":0,"event_name":"FaceTrader","floor":20,"gold_loss":0},{"damage_healed":14,"gold_gain":0,"player_choice":"Writhe","damage_taken":0,"max_hp_gain":0,"max_hp_loss":0,"event_name":"Winding Halls","floor":38,"gold_loss":0,"cards_obtained":["Writhe"]},{"damage_healed":0,"gold_gain":999,"player_choice":"Gold","damage_taken":0,"max_hp_gain":0,"max_hp_loss":0,"event_name":"MindBloom","floor":39,"gold_loss":0,"cards_obtained":["Normality","Normality"]}],"is_beta":false,"boss_relics":[{"not_picked":["Coffee Dripper","Busted Crown"],"picked":"Pandora\u0027s Box"},{"not_picked":["Eternal Feather","Astrolabe"],"picked":"Cursed Key"}],"items_purged_floors":[22,47,54],"is_endless":false,"potions_floor_spawned":[7,10,11,14,21,23,27,29,33,36,40,45,46,48,55],"ascension_level":20}