{"gold_per_floor":[110,110,34,52,68,68,96,96,96,96,121,136,136,48,48,119,119,119,119,119,19,19,19,19,19,19,19,19,19,19,19,19,19,19,19,19,19,19,19,19,19,19,19,19,19,19,19,19,19,19,19,19,19,19,19],"floor_reached":56,"playtime":6579,"items_purged":[],"score":2450,"play_id":"fd77d74f-cfd5-46e8-987c-39e53aa5e230","local_time":"20190404143835","is_ascension_mode":true,"campfire_choices":[{"data":"Neutralize","floor":6.0,"key":"SMITH"},{"data":"Leg Sweep","floor":8.0,"key":"SMITH"},{"data":"Concentrate","floor":13.0,"key":"SMITH"},{"data":"Footwork","floor":15.0,"key":"SMITH"},{"data":"Burst","floor":24.0,"key":"SMITH"},{"data":"Adrenaline","floor":32.0,"key":"SMITH"},{"data":"Expertise","floor":40.0,"key":"SMITH"},{"floor":42.0,"key":"RECALL"},{"data":"Well Laid Plans","floor":44,"key":"SMITH"},{"data":"Madness","floor":49,"key":"SMITH"},{"data":"Madness","floor":52,"key":"SMITH"}],"neow_cost":"NONE","seed_source_timestamp":3067967965984391,"circlet_count":0,"master_deck":["AscendersBane","Defend_G","Defend_G","Defend_G","Defend_G+1","Defend_G","Strike_G","Survivor","Neutralize+1","Blur","Predator","Deflect+1","Leg Sweep+1","Well Laid Plans+1","Concentrate+1","Footwork+1","Adrenaline+1","Deadly Poison","Flying Knee","Unload","Burst+1","Backflip","Expertise+1","Backstab","After Image","Blur+1","Backflip+1","Concentrate","Writhe","Escape Plan","Writhe","Madness+1","Madness+1"],"special_seed":0,"relics":["Ring of the Snake","NeowsBlessing","Ice Cream","Unceasing Top","Smiling Mask","Ectoplasm","Bag of Marbles","War Paint","Blue Candle","Art of War","Juzu Bracelet","Mercury Hourglass","Cursed Key","Old Coin","Frozen Egg 2","Singing Bowl","Bottled Tornado"],"potions_floor_usage":[55],"damage_taken":[{"damage":0.0,"enemies":"Small Slimes","floor":1.0,"turns":1.0},{"damage":0.0,"enemies":"Cultist","floor":4.0,"turns":1.0},{"damage":0.0,"enemies":"2 Louse","floor":5.0,"turns":1.0},{"damage":18.0,"enemies":"Gremlin Nob","floor":7.0,"turns":4.0},{"damage":14.0,"enemies":"3 Sentries","floor":11.0,"turns":15.0},{"damage":0.0,"enemies":"Red Slaver","floor":12.0,"turns":5.0},{"damage":26.0,"enemies":"Slime Boss","floor":16.0,"turns":35.0},{"damage":1.0,"enemies":"Shell Parasite","floor":18.0,"turns":6.0},{"damage":3.0,"enemies":"Colosseum Slavers","floor":20.0,"turns":6.0},{"damage":2.0,"enemies":"2 Thieves","floor":21.0,"turns":5.0},{"damage":5.0,"enemies":"Book of Stabbing","floor":23.0,"turns":7.0},{"damage":0.0,"enemies":"Gremlin Leader","floor":25.0,"turns":15.0},{"damage":0.0,"enemies":"Book of Stabbing","floor":27.0,"turns":6.0},{"damage":0.0,"enemies":"Centurion and Healer","floor":28.0,"turns":7.0},{"damage":4.0,"enemies":"Shelled Parasite and Fungi","floor":29.0,"turns":4.0},{"damage":1.0,"enemies":"Slavers","floor":30.0,"turns":6.0},{"damage":3.0,"enemies":"Champ","floor":33.0,"turns":16.0},{"damage":1.0,"enemies":"Orb Walker","floor":35.0,"turns":3.0},{"damage":0.0,"enemies":"3 Shapes","floor":36.0,"turns":7.0},{"damage":1.0,"enemies":"Transient","floor":37.0,"turns":6.0},{"damage":0.0,"enemies":"Spire Growth","floor":39.0,"turns":5.0},{"damage":1.0,"enemies":"Giant Head","floor":41.0,"turns":9.0},{"damage":2,"enemies":"Nemesis","floor":45,"turns":7},{"damage":3,"enemies":"Donu and Deca","floor":50,"turns":11},{"damage":2,"enemies":"Shield and Spear","floor":54,"turns":11},{"damage":27,"enemies":"The Heart","floor":55,"turns":16}],"seed_played":"-7084991543280258556","potions_obtained":[{"floor":1.0,"key":"GamblersBrew"},{"floor":4.0,"key":"Strength Potion"},{"floor":16.0,"key":"SpeedPotion"},{"floor":18.0,"key":"Block Potion"},{"floor":21.0,"key":"SpeedPotion"},{"floor":23.0,"key":"GhostInAJar"},{"floor":27.0,"key":"FearPotion"},{"floor":35.0,"key":"Regen Potion"},{"floor":39.0,"key":"Weak Potion"},{"floor":45,"key":"Energy Potion"},{"floor":54,"key":"PowerPotion"}],"is_trial":false,"path_per_floor":["M","?","$","M","M","R","E","R","T","?","E","M","R","$","R","B",null,"M","?","?","M","?","E","R","E","T","E","M","M","E","T","R","B",null,"M","M","M","?","M","R","E","R","T","R","E","T","$","?","R","B",null,"R","$","E","B",null],"character_chosen":"THE_SILENT","items_purchased":["Blur","Footwork"],"campfire_rested":0,"item_purchase_floors":[3,14],"current_hp_per_floor":[59,59,59,59,59,59,41,41,41,41,27,27,27,27,27,1,50,49,49,46,44,44,39,39,39,39,39,39,35,34,34,34,31,57,56,56,55,55,66,66,65,65,65,65,63,63,63,51,51,48,62,62,62,62,35],"gold":19,"neow_bonus":"THREE_ENEMY_KILL","is_prod":false,"is_daily":false,"chose_seed":false,"campfire_upgraded":10,"win_rate":0,"timestamp":1554356315,"path_taken":["M","?","$","M","?","R","E","R","T","?","E","M","R","$","R","BOSS","M","?","?","M","?","E","R","E","T","E","M","M","E","?","R","BOSS","M","M","M","?","M","R","E","R","T","R","E","?","$","?","R","BOSS","R","$","E","BOSS"],"build_version":"2019-03-15","purchased_purges":0,"victory":true,"max_hp_per_floor":[66,66,66,66,66,66,66,66,66,66,66,66,66,66,66,66,66,66,66,66,66,66,66,66,66,66,66,66,66,66,66,66,66,66,66,66,66,66,66,66,66,66,66,66,66,66,66,66,66,66,66,66,66,68,68],"card_choices":[{"not_picked":["Distraction","Concentrate","Underhanded Strike"],"picked":"SKIP","floor":1.0},{"not_picked":["Cloak And Dagger","Terror"],"picked":"Predator","floor":4.0},{"not_picked":["Infinite Blades","Catalyst"],"picked":"Deflect","floor":5.0},{"not_picked":["Underhanded Strike","Heel Hook"],"picked":"Leg Sweep","floor":7.0},{"not_picked":["Masterful Stab","Predator"],"picked":"Well Laid Plans","floor":11.0},{"not_picked":["Backflip","Flying Knee"],"picked":"Concentrate","floor":12.0},{"not_picked":["Grand Finale","Doppelganger"],"picked":"Adrenaline","floor":16.0},{"not_picked":["Flying Knee","Dodge and Roll"],"picked":"Deadly Poison","floor":18.0},{"not_picked":["PiercingWail+1","Backflip"],"picked":"Slice+1","floor":21.0},{"not_picked":["Deflect","Reflex"],"picked":"Burst","floor":23.0},{"not_picked":["Acrobatics","Predator","Prepared"],"picked":"SKIP","floor":25.0},{"not_picked":["Accuracy","Flying Knee","Dagger Throw"],"picked":"SKIP","floor":27.0},{"not_picked":["Dagger Throw","Bane"],"picked":"Backflip","floor":28.0},{"not_picked":["Catalyst+1","Skewer"],"picked":"Expertise","floor":29.0},{"not_picked":["Outmaneuver","Underhanded Strike"],"picked":"Backstab","floor":30.0},{"not_picked":["Wraith Form v2","Venomology"],"picked":"After Image","floor":33.0},{"not_picked":["Skewer","Quick Slash+1"],"picked":"Blur+1","floor":35.0},{"not_picked":["Endless Agony","Sucker Punch"],"picked":"Backflip+1","floor":36.0},{"not_picked":["Endless Agony","Slice+1"],"picked":"Concentrate","floor":37.0},{"not_picked":["All Out Attack","Flying Knee","Masterful Stab"],"picked":"SKIP","floor":39.0},{"not_picked":["Slice+1","Flying Knee+1","Dagger Throw"],"picked":"SKIP","floor":41.0},{"not_picked":["Skewer","Grand Finale"],"picked":"Escape Plan","floor":45},{"not_picked":["Crippling Poison+1","Leg Sweep+1","Dagger Spray+1"],"picked":"Singing Bowl","floor":54}],"player_experience":2816632,"relics_obtained":[{"floor":7.0,"key":"Ice Cream"},{"floor":9.0,"key":"Unceasing Top"},{"floor":11.0,"key":"Smiling Mask"},{"floor":23.0,"key":"Bag of Marbles"},{"floor":25.0,"key":"War Paint"},{"floor":26.0,"key":"Blue Candle"},{"floor":27.0,"key":"Art of War"},{"floor":30.0,"key":"Juzu Bracelet"},{"floor":31.0,"key":"Mercury Hourglass"},{"floor":41.0,"key":"Old Coin"},{"floor":45,"key":"Frozen Egg 2"},{"floor":46,"key":"Singing Bowl"},{"floor":54,"key":"Bottled Tornado"}],"event_choices":[{"cards_removed":["Strike_G"],"damage_healed":0.0,"max_hp_gain":0.0,"max_hp_loss":0.0,"gold_gain":0.0,"event_name":"Bonfire Elementals","player_choice":"Offered Basic","floor":2.0,"gold_loss":0.0,"damage_taken":0.0},{"cards_removed":["Strike_G"],"damage_healed":0.0,"max_hp_gain":0.0,"max_hp_loss":0.0,"gold_gain":0.0,"event_name":"Purifier","player_choice":"Purged","floor":10.0,"gold_loss":0.0,"damage_taken":0.0},{"damage_healed":0.0,"max_hp_gain":0.0,"max_hp_loss":0.0,"gold_gain":0.0,"cards_transformed":["Strike_G","Strike_G"],"event_name":"Drug Dealer","player_choice":"Became Test Subject","floor":19.0,"gold_loss":0.0,"damage_taken":0.0,"cards_obtained":["Flying Knee","Unload"]},{"damage_healed":0.0,"max_hp_gain":0.0,"max_hp_loss":0.0,"gold_gain":0.0,"event_name":"Colosseum","player_choice":"Fight","floor":20.0,"gold_loss":0.0,"damage_taken":0.0},{"damage_healed":0.0,"max_hp_gain":0.0,"max_hp_loss":0.0,"gold_gain":0.0,"event_name":"Colosseum","player_choice":"Fled From Nobs","floor":20.0,"gold_loss":0.0,"damage_taken":0.0},{"damage_healed":0.0,"max_hp_gain":0.0,"max_hp_loss":0.0,"gold_gain":0.0,"event_name":"Ghosts","player_choice":"Ignored","floor":22.0,"gold_loss":0.0,"damage_taken":0.0},{"cards_removed":["Slice"],"damage_healed":0.0,"max_hp_gain":0.0,"max_hp_loss":0.0,"gold_gain":0.0,"event_name":"Falling","player_choice":"Removed Attack","floor":38.0,"gold_loss":0.0,"damage_taken":0.0},{"damage_healed":0,"gold_gain":0,"player_choice":"Embrace Madness","damage_taken":12,"max_hp_gain":0,"max_hp_loss":0,"event_name":"Winding Halls","floor":48,"gold_loss":0,"cards_obtained":["Madness","Madness"]}],"is_beta":true,"boss_relics":[{"not_picked":["Lizard Tail","Empty Cage"],"picked":"Ectoplasm"},{"not_picked":["White Beast Statue","Philosopher\u0027s Stone"],"picked":"Cursed Key"}],"items_purged_floors":[],"is_endless":false,"potions_floor_spawned":[1,4,16,18,21,23,27,35,39,45,54],"ascension_level":17}