{"gold_per_floor":[117,130,49,63,63,63,94,94,94,105,105,115,115,129,129,129],"floor_reached":16,"playtime":576,"items_purged":[],"score":179,"play_id":"99a27593-6822-4c0d-a6a6-7a4f252ba8b5","local_time":"20190209182140","is_ascension_mode":true,"campfire_choices":[{"data":"Deadly Poison","floor":6,"key":"SMITH"},{"data":"Tactician","floor":8,"key":"SMITH"},{"floor":11,"key":"REST"},{"data":"Footwork","floor":13,"key":"SMITH"},{"data":"Poisoned Stab","floor":15,"key":"SMITH"}],"neow_cost":"NONE","seed_source_timestamp":2604846469821741,"circlet_count":0,"master_deck":["AscendersBane","Defend_G","Defend_G","Defend_G","Defend_G","Defend_G","Strike_G","Strike_G","Strike_G","Strike_G","Strike_G","Survivor","Neutralize+1","Poisoned Stab+1","Deadly Poison+1","Escape Plan","Backstab","Tactician+1","Backflip","Footwork+1","Escape Plan"],"relics":["Ring of the Snake","Dodecahedron","Omamori"],"potions_floor_usage":[12,16,16],"damage_taken":[{"damage":4,"enemies":"Small Slimes","floor":1,"turns":4},{"damage":1,"enemies":"Cultist","floor":2,"turns":4},{"damage":0,"enemies":"2 Louse","floor":4,"turns":3},{"damage":26,"enemies":"Lagavulin","floor":7,"turns":8},{"damage":6,"enemies":"Large Slime","floor":10,"turns":7},{"damage":1,"enemies":"3 Louse","floor":12,"turns":3},{"damage":0,"enemies":"Red Slaver","floor":14,"turns":4},{"damage":54,"enemies":"Slime Boss","floor":16,"turns":14}],"seed_played":"2735817707625462062","potions_obtained":[{"floor":7,"key":"Dexterity Potion"},{"floor":10,"key":"Fire Potion"},{"floor":12,"key":"Swift Potion"}],"is_trial":false,"path_per_floor":["M","M","$","M","?","R","E","R","T","M","R","M","R","M","R","B"],"character_chosen":"THE_SILENT","items_purchased":["Escape Plan"],"campfire_rested":1,"item_purchase_floors":[3],"current_hp_per_floor":[61,60,60,60,60,60,34,34,34,28,49,48,48,48,48,0],"gold":129,"neow_bonus":"TEN_PERCENT_HP_BONUS","is_prod":false,"is_daily":false,"chose_seed":false,"campfire_upgraded":4,"win_rate":0,"timestamp":1549704100,"path_taken":["M","M","$","M","?","R","E","R","T","M","R","?","R","?","R","BOSS"],"build_version":"2019-01-23","purchased_purges":0,"victory":false,"max_hp_per_floor":[72,72,72,72,72,72,72,72,72,72,72,72,72,72,72,72],"card_choices":[{"not_picked":["Accuracy","Reflex"],"picked":"Poisoned Stab","floor":1},{"not_picked":["Flying Knee","Eviscerate"],"picked":"Deadly Poison","floor":2},{"not_picked":["Slice","Poisoned Stab"],"picked":"Backstab","floor":4},{"not_picked":["Slice","A Thousand Cuts"],"picked":"Tactician","floor":7},{"not_picked":["Bane","Poisoned Stab"],"picked":"Backflip","floor":10},{"not_picked":["Dodge and Roll","Eviscerate"],"picked":"Footwork","floor":12},{"not_picked":["Slice","Acrobatics"],"picked":"Escape Plan","floor":14}],"player_experience":595262,"relics_obtained":[{"floor":7,"key":"Dodecahedron"},{"floor":9,"key":"Omamori"}],"event_choices":[{"damage_healed":0,"gold_gain":0,"player_choice":"Forge","damage_taken":0,"max_hp_gain":0,"max_hp_loss":0,"event_name":"Accursed Blacksmith","floor":5,"gold_loss":0,"cards_upgraded":["Neutralize"]}],"is_beta":false,"boss_relics":[],"items_purged_floors":[],"is_endless":false,"potions_floor_spawned":[7,10,12],"killed_by":"Slime Boss","ascension_level":15}