{"gold_per_floor":[110,128,57,132,132,164,178,191,242,253,253,272,272,284,284,382,382,395,145,165,175,210,210,229,244,244,263,128,128,128,3,3,3],"floor_reached":33,"playtime":1676,"items_purged":["Pain","Injury","Strike_G"],"score":442,"play_id":"24361b45-2047-48f9-85f6-b52812b10d35","local_time":"20190128191737","is_ascension_mode":true,"campfire_choices":[{"floor":13,"key":"REST"},{"data":"Neutralize","floor":15,"key":"SMITH"},{"data":"Dodge and Roll","floor":23,"key":"SMITH"},{"floor":29,"key":"REST"},{"floor":32,"key":"DIG"}],"neow_cost":"NONE","seed_source_timestamp":1570300951042310,"circlet_count":0,"master_deck":["AscendersBane","Defend_G","Defend_G","Defend_G","Defend_G","Defend_G","Strike_G","Strike_G","Strike_G","Survivor+1","Neutralize+1","Backflip","Crippling Poison","Bouncing Flask+1","Die Die Die","Masterful Stab","Backstab","Acrobatics","Footwork","Malaise","Parasite","Setup","Footwork","Cloak And Dagger+1","Dodge and Roll+1","Caltrops","Dodge and Roll","Blur","Dash","Well Laid Plans"],"relics":["Ring of the Snake","NeowsBlessing","Letter Opener","Bronze Scales","Calling Bell","Regal Pillow","Mercury Hourglass","Thread and Needle","Red Mask","Shovel","Snake Skull"],"potions_floor_usage":[12,19,22,25,25],"damage_taken":[{"damage":0,"enemies":"Cultist","floor":1,"turns":1},{"damage":0,"enemies":"2 Louse","floor":2,"turns":1},{"damage":0,"enemies":"Lagavulin","floor":6,"turns":1},{"damage":0,"enemies":"Jaw Worm","floor":7,"turns":4},{"damage":3,"enemies":"Blue Slaver","floor":8,"turns":4},{"damage":8,"enemies":"Looter","floor":10,"turns":3},{"damage":2,"enemies":"Exordium Thugs","floor":12,"turns":4},{"damage":0,"enemies":"Lots of Slimes","floor":14,"turns":1},{"damage":15,"enemies":"Hexaghost","floor":16,"turns":10},{"damage":1,"enemies":"3 Byrds","floor":18,"turns":2},{"damage":4,"enemies":"Chosen","floor":20,"turns":6},{"damage":6,"enemies":"Snake Plant","floor":21,"turns":5},{"damage":4,"enemies":"Masked Bandits","floor":22,"turns":4},{"damage":0,"enemies":"Shelled Parasite and Fungi","floor":24,"turns":9},{"damage":30,"enemies":"Sentry and Sphere","floor":25,"turns":8},{"damage":16,"enemies":"Snake Plant","floor":27,"turns":4},{"damage":70,"enemies":"Champ","floor":33,"turns":14}],"seed_played":"-3867362898292363323","potions_obtained":[{"floor":2,"key":"GamblersBrew"},{"floor":8,"key":"EssenceOfSteel"},{"floor":14,"key":"Swift Potion"},{"floor":21,"key":"GhostInAJar"},{"floor":22,"key":"SpeedPotion"},{"floor":24,"key":"Regen Potion"}],"is_trial":false,"path_per_floor":["M","M","$","?","?","E","M","M","T","M","?","M","R","M","R","B",null,"M","$","M","M","?","R","M","M","T","M","$","R","?","$","R","B"],"character_chosen":"THE_SILENT","items_purchased":["Bouncing Flask","Footwork","Fruit Juice","Dash"],"campfire_rested":2,"item_purchase_floors":[3,19,19,28],"current_hp_per_floor":[63,63,63,52,38,38,38,35,35,27,20,18,39,39,39,24,59,58,63,59,53,49,49,49,34,34,18,18,55,55,55,55,0],"gold":3,"neow_bonus":"THREE_ENEMY_KILL","is_prod":false,"is_daily":false,"chose_seed":false,"campfire_upgraded":2,"win_rate":0,"timestamp":1548670657,"path_taken":["M","?","$","?","?","E","?","M","T","M","?","M","R","M","R","BOSS","M","$","M","M","?","R","M","M","T","M","$","R","?","$","R","BOSS"],"build_version":"2019-01-23","purchased_purges":3,"victory":false,"max_hp_per_floor":[70,70,70,70,70,70,70,70,70,70,70,70,70,70,70,70,70,70,75,75,75,75,75,75,75,75,75,75,75,75,75,75,75],"card_choices":[{"not_picked":["Dagger Throw","Quick Slash"],"picked":"Backflip","floor":1},{"not_picked":["PiercingWail","Masterful Stab"],"picked":"Crippling Poison","floor":2},{"not_picked":["Choke","Flying Knee"],"picked":"Die Die Die","floor":6},{"not_picked":["Accuracy","Setup"],"picked":"Masterful Stab","floor":7},{"not_picked":["Dagger Throw","Cloak And Dagger"],"picked":"Backstab","floor":8},{"not_picked":["Quick Slash","Dagger Spray"],"picked":"Acrobatics","floor":10},{"not_picked":["Tactician","Expertise"],"picked":"Footwork","floor":12},{"not_picked":["Dagger Spray","Heel Hook","Blade Dance"],"picked":"SKIP","floor":14},{"not_picked":["Die Die Die","Doppelganger"],"picked":"Malaise","floor":16},{"not_picked":["Quick Slash","Backstab"],"picked":"Setup","floor":18},{"not_picked":["Blade Dance","Outmaneuver","Deflect"],"picked":"SKIP","floor":20},{"not_picked":["Expertise","PiercingWail"],"picked":"Cloak And Dagger+1","floor":21},{"not_picked":["Bouncing Flask","Phantasmal Killer"],"picked":"Dodge and Roll","floor":22},{"not_picked":["Acrobatics","Concentrate"],"picked":"Caltrops","floor":24},{"not_picked":["Acrobatics","Riddle With Holes"],"picked":"Dodge and Roll","floor":25},{"not_picked":["Underhanded Strike","Dodge and Roll"],"picked":"Blur","floor":27}],"player_experience":460847,"relics_obtained":[{"floor":6,"key":"Letter Opener"},{"floor":9,"key":"Bronze Scales"},{"floor":17,"key":"Regal Pillow"},{"floor":17,"key":"Mercury Hourglass"},{"floor":17,"key":"Thread and Needle"},{"floor":22,"key":"Red Mask"},{"floor":26,"key":"Shovel"},{"floor":32,"key":"Snake Skull"}],"event_choices":[{"damage_healed":0,"gold_gain":75,"player_choice":"Gather Gold","damage_taken":11,"max_hp_gain":0,"max_hp_loss":0,"event_name":"World of Goop","floor":4,"gold_loss":0},{"damage_healed":0,"gold_gain":0,"player_choice":"Entered Light","damage_taken":14,"max_hp_gain":0,"max_hp_loss":0,"event_name":"Shining Light","floor":5,"gold_loss":0,"cards_upgraded":["Survivor","Bouncing Flask"]},{"cards_removed":["Strike_G"],"damage_healed":0,"gold_gain":0,"player_choice":"Card Removal","damage_taken":7,"max_hp_gain":0,"max_hp_loss":0,"event_name":"Golden Wing","floor":11,"gold_loss":0},{"damage_healed":0,"gold_gain":0,"player_choice":"Fought Bandits","damage_taken":0,"max_hp_gain":0,"max_hp_loss":0,"event_name":"Masked Bandits","floor":22,"gold_loss":0},{"damage_healed":0,"gold_gain":0,"player_choice":"Read","damage_taken":0,"max_hp_gain":0,"max_hp_loss":0,"event_name":"The Library","floor":30,"gold_loss":0,"cards_obtained":["Well Laid Plans"]}],"is_beta":false,"boss_relics":[{"not_picked":["Snecko Eye","HoveringKite"],"picked":"Calling Bell"}],"items_purged_floors":[19,28,31],"is_endless":false,"potions_floor_spawned":[2,8,14,21,22,24],"killed_by":"Champ","ascension_level":12}