{"gold_per_floor":[119,132,152,168,168,202,213,223,223,223,3,3,29,44,44,44],"floor_reached":16,"playtime":352,"items_purged":["Strike_B"],"score":139,"play_id":"c8d61cf4-9a7a-43e9-9de3-f5734eef134e","local_time":"20190322000826","is_ascension_mode":false,"campfire_choices":[{"data":"Defragment","floor":10,"key":"SMITH"},{"data":"Sunder","floor":12,"key":"SMITH"},{"data":"Lockon","floor":15,"key":"SMITH"}],"neow_cost":"NONE","seed_source_timestamp":692419403540900,"circlet_count":0,"master_deck":["Strike_B+1","Strike_B+1","Strike_B","Defend_B","Defend_B","Defend_B","Defend_B","Zap","Dualcast","Compile Driver","Sunder+1","Turbo","Rebound","Core Surge","Defragment+1","Lockon+1","Ball Lightning+1","BootSequence"],"relics":["Cracked Core","Art of War","Whetstone","Anchor","Molten Egg 2"],"potions_floor_usage":[6,7,16],"damage_taken":[{"damage":6,"enemies":"Jaw Worm","floor":1,"turns":3},{"damage":5,"enemies":"Small Slimes","floor":2,"turns":3},{"damage":0,"enemies":"2 Louse","floor":3,"turns":2},{"damage":3,"enemies":"Lots of Slimes","floor":4,"turns":3},{"damage":0,"enemies":"3 Sentries","floor":6,"turns":1},{"damage":6,"enemies":"Exordium Wildlife","floor":7,"turns":2},{"damage":0,"enemies":"Looter","floor":8,"turns":2},{"damage":16,"enemies":"Lagavulin","floor":13,"turns":5},{"damage":0,"enemies":"3 Louse","floor":14,"turns":2},{"damage":20,"enemies":"The Guardian","floor":16,"turns":6}],"seed_played":"2300961313542687485","potions_obtained":[{"floor":1,"key":"AttackPotion"},{"floor":6,"key":"AttackPotion"},{"floor":7,"key":"FearPotion"},{"floor":13,"key":"Block Potion"},{"floor":14,"key":"Regen Potion"}],"is_trial":false,"path_per_floor":["M","M","M","M","?","E","M","M","T","R","$","R","E","M","R","B"],"character_chosen":"DEFECT","items_purchased":["Anchor"],"campfire_rested":0,"item_purchase_floors":[11],"current_hp_per_floor":[69,64,64,61,66,66,60,60,60,60,60,60,44,44,44,33],"gold":44,"neow_bonus":"RANDOM_COMMON_RELIC","is_prod":false,"is_daily":false,"chose_seed":false,"campfire_upgraded":3,"win_rate":0,"timestamp":1553180906,"path_taken":["M","M","M","M","?","E","M","M","T","R","$","R","E","M","R","BOSS"],"build_version":"2019-01-23","purchased_purges":1,"victory":false,"max_hp_per_floor":[75,75,75,75,80,80,80,80,80,80,80,80,80,80,80,80],"card_choices":[{"not_picked":["Hello World","Coolheaded"],"picked":"Compile Driver","floor":1},{"not_picked":["FTL","Capacitor"],"picked":"Sunder","floor":2},{"not_picked":["Compile Driver","Barrage"],"picked":"Turbo","floor":3},{"not_picked":["Hologram","Stack"],"picked":"Rebound","floor":4},{"not_picked":["Hologram","Recycle"],"picked":"Core Surge","floor":6},{"not_picked":["Turbo","Reinforced Body"],"picked":"Defragment","floor":7},{"not_picked":["Go for the Eyes","Compile Driver"],"picked":"Lockon","floor":8},{"not_picked":["Multi-Cast","Redo"],"picked":"Ball Lightning","floor":13},{"not_picked":["Rebound+1","Heatsinks"],"picked":"BootSequence","floor":14}],"player_experience":4579627,"relics_obtained":[{"floor":6,"key":"Whetstone"},{"floor":13,"key":"Molten Egg 2"}],"event_choices":[{"damage_healed":0,"gold_gain":0,"player_choice":"Donut","damage_taken":0,"max_hp_gain":5,"max_hp_loss":0,"event_name":"Big Fish","floor":5,"gold_loss":0}],"is_beta":false,"boss_relics":[],"items_purged_floors":[11],"is_endless":false,"potions_floor_spawned":[1,6,7,13,14],"killed_by":"The Guardian","ascension_level":0}