{"gold_per_floor":[118,131,111,131,142,142,159,159,159,174,191,202,202,218,218,218],"floor_reached":16,"playtime":430,"items_purged":[],"score":196,"play_id":"c232a6a9-ad6c-4084-b4be-9c8c09e33f77","local_time":"20190525105303","is_ascension_mode":true,"campfire_choices":[{"data":"Static Discharge","floor":6,"key":"SMITH"},{"floor":8,"key":"REST"},{"floor":15,"key":"REST"}],"neow_cost":"NONE","seed_source_timestamp":213093940075300,"circlet_count":0,"master_deck":["AscendersBane","Strike_B","Strike_B","Defend_B","Defend_B","Defend_B","Defend_B","Zap","Dualcast","Meteor Strike","Conserve Battery","Static Discharge+1","Turbo","Double Energy","Reinforced Body","Melter","Core Surge","Redo","Sweeping Beam"],"relics":["Cracked Core","Kunai"],"potions_floor_usage":[4,12,16,16],"damage_taken":[{"damage":2,"enemies":"2 Louse","floor":1,"turns":3},{"damage":6,"enemies":"Cultist","floor":2,"turns":5},{"damage":0,"enemies":"Jaw Worm","floor":4,"turns":3},{"damage":27,"enemies":"3 Louse","floor":5,"turns":3},{"damage":18,"enemies":"2 Fungi Beasts","floor":7,"turns":4},{"damage":10,"enemies":"Large Slime","floor":10,"turns":6},{"damage":0,"enemies":"Exordium Wildlife","floor":11,"turns":4},{"damage":1,"enemies":"3 Louse","floor":12,"turns":3},{"damage":15,"enemies":"Gremlin Gang","floor":14,"turns":7},{"damage":27,"enemies":"Slime Boss","floor":16,"turns":7}],"seed_played":"8407947522817818769","potions_obtained":[{"floor":1,"key":"SpeedPotion"},{"floor":3,"key":"Weak Potion"},{"floor":7,"key":"Poison Potion"},{"floor":12,"key":"SpeedPotion"}],"is_trial":false,"path_per_floor":["M","M","?","M","M","R","M","R","T","M","M","M","?","M","R","B"],"character_chosen":"DEFECT","items_purchased":[],"campfire_rested":2,"item_purchase_floors":[],"current_hp_per_floor":[62,56,56,56,29,29,11,32,32,22,22,21,21,6,27,0],"gold":218,"neow_bonus":"TRANSFORM_CARD","is_prod":false,"is_daily":false,"chose_seed":false,"campfire_upgraded":1,"win_rate":0,"timestamp":1558749183,"path_taken":["M","M","?","M","M","R","M","R","T","M","M","?","?","M","R","BOSS"],"build_version":"2019-01-23","purchased_purges":0,"victory":false,"max_hp_per_floor":[71,71,71,71,71,71,71,71,71,71,71,71,71,71,71,71],"card_choices":[{"not_picked":["Reprogram","Auto Shields"],"picked":"Conserve Battery","floor":1},{"not_picked":["Stack","Cold Snap"],"picked":"Static Discharge","floor":2},{"not_picked":["Skim","Rebound"],"picked":"Turbo","floor":4},{"not_picked":["Ball Lightning","Compile Driver"],"picked":"Double Energy","floor":5},{"not_picked":["Sweeping Beam","Aggregate"],"picked":"Reinforced Body","floor":7},{"not_picked":["White Noise","Turbo"],"picked":"Melter","floor":10},{"not_picked":["Rip and Tear","Ball Lightning"],"picked":"Core Surge","floor":11},{"not_picked":["Sweeping Beam","Gash"],"picked":"Redo","floor":12},{"not_picked":["Steam","Blizzard"],"picked":"Sweeping Beam","floor":14}],"player_experience":5148946,"relics_obtained":[{"floor":9,"key":"Kunai"}],"event_choices":[{"damage_healed":0,"gold_gain":0,"player_choice":"Bought 1 Potion","damage_taken":0,"max_hp_gain":0,"max_hp_loss":0,"event_name":"The Woman in Blue","floor":3,"gold_loss":0},{"cards_removed":["Strike_B"],"damage_healed":0,"gold_gain":0,"player_choice":"Forget","damage_taken":0,"max_hp_gain":0,"max_hp_loss":0,"event_name":"Living Wall","floor":13,"gold_loss":0}],"is_beta":false,"boss_relics":[],"items_purged_floors":[],"is_endless":false,"potions_floor_spawned":[1,7,11,12],"killed_by":"Slime Boss","ascension_level":20}