{"gold_per_floor":[109,121,131,146,163,197,197,197,220,232,276,298,46,58,58,132,132,148,159,175,225,225,225,242,157,227,261,261,261,279,297,297,374,374,394,405,405,106,506,535,535,546,546,12,12,12,12,27,27,27],"floor_reached":50,"playtime":1802,"items_purged":["Strike_B","Strike_B"],"score":1083,"play_id":"b46e26b5-413d-4ec6-834e-f1650fe05519","local_time":"20190506005024","is_ascension_mode":true,"campfire_choices":[{"floor":8.0,"key":"REST"},{"data":"Hyperbeam","floor":10.0,"key":"SMITH"},{"data":"Defragment","floor":15.0,"key":"SMITH"},{"data":"Defragment","floor":23.0,"key":"SMITH"},{"floor":29.0,"key":"REST"},{"data":"Creative AI","floor":32.0,"key":"SMITH"},{"floor":45.0,"key":"REST"},{"floor":49.0,"key":"RECALL"}],"neow_cost":"PERCENT_DAMAGE","seed_source_timestamp":22933035536000,"circlet_count":0,"master_deck":["AscendersBane","Defend_B+1","Defend_B","Defend_B","Defend_B","Zap","Dualcast","Rebound","Chill","Ball Lightning","Ball Lightning","Cold Snap","FTL","Conserve Battery","Hyperbeam+1","Defragment+1","White Noise+1","Defragment+1","Creative AI+1","Steam","Stack+1","Heatsinks+1","Leap","Cold Snap","Reboot","Buffer+1","Aggregate+1","Reinforced Body","Cold Snap+1","Mayhem"],"special_seed":0,"relics":["Sundial","Letter Opener","MawBank","Blood Vial","OrangePellets","White Beast Statue","Nloth\u0027s Gift","Thread and Needle","Cables","Lantern","War Paint","Fusion Hammer","PrismaticShard","Old Coin","Bag of Marbles","Pantograph","Anchor"],"potions_floor_usage":[50],"damage_taken":[{"damage":0.0,"enemies":"Cultist","floor":1.0,"turns":3.0},{"damage":12.0,"enemies":"Jaw Worm","floor":2.0,"turns":2.0},{"damage":2.0,"enemies":"2 Louse","floor":3.0,"turns":2.0},{"damage":7.0,"enemies":"2 Fungi Beasts","floor":4.0,"turns":3.0},{"damage":9.0,"enemies":"3 Louse","floor":5.0,"turns":2.0},{"damage":0.0,"enemies":"Gremlin Nob","floor":6.0,"turns":2.0},{"damage":3.0,"enemies":"3 Sentries","floor":11.0,"turns":3.0},{"damage":7.0,"enemies":"Lots of Slimes","floor":12.0,"turns":2.0},{"damage":0.0,"enemies":"2 Fungi Beasts","floor":14.0,"turns":1.0},{"damage":6.0,"enemies":"Hexaghost","floor":16.0,"turns":8.0},{"damage":11.0,"enemies":"Shell Parasite","floor":18.0,"turns":5.0},{"damage":11.0,"enemies":"2 Thieves","floor":19.0,"turns":3.0},{"damage":18.0,"enemies":"Snake Plant","floor":20.0,"turns":5.0},{"damage":11.0,"enemies":"Centurion and Healer","floor":24.0,"turns":6.0},{"damage":16.0,"enemies":"Gremlin Leader","floor":27.0,"turns":7.0},{"damage":3.0,"enemies":"Shelled Parasite and Fungi","floor":30.0,"turns":6.0},{"damage":11.0,"enemies":"Snake Plant","floor":31.0,"turns":4.0},{"damage":1.0,"enemies":"Collector","floor":33.0,"turns":10.0},{"damage":0.0,"enemies":"3 Shapes","floor":35.0,"turns":9.0},{"damage":11.0,"enemies":"3 Darklings","floor":36.0,"turns":6.0},{"damage":0.0,"enemies":"Mind Bloom Boss Battle","floor":39.0,"turns":7.0},{"damage":47.0,"enemies":"Giant Head","floor":40.0,"turns":10.0},{"damage":5.0,"enemies":"Maw","floor":42.0,"turns":9.0},{"damage":0.0,"enemies":"Spire Growth","floor":48.0,"turns":6.0},{"damage":77,"enemies":"Awakened One","floor":50,"turns":14}],"seed_played":"7239414785101780242","potions_obtained":[{"floor":4.0,"key":"FearPotion"},{"floor":5.0,"key":"GamblersBrew"},{"floor":11.0,"key":"FocusPotion"},{"floor":12.0,"key":"Weak Potion"},{"floor":16.0,"key":"Swift Potion"},{"floor":18.0,"key":"Poison Potion"},{"floor":19.0,"key":"Strength Potion"},{"floor":20.0,"key":"Fruit Juice"},{"floor":24.0,"key":"SkillPotion"},{"floor":27.0,"key":"PowerPotion"},{"floor":30.0,"key":"AttackPotion"},{"floor":33.0,"key":"Block Potion"},{"floor":35.0,"key":"Weak Potion"},{"floor":36.0,"key":"Poison Potion"},{"floor":39.0,"key":"Fruit Juice"},{"floor":40.0,"key":"Swift Potion"},{"floor":42.0,"key":"Ancient Potion"}],"is_trial":false,"path_per_floor":["M","M","M","M","M","E","T","R","T","R","E","M","$","M","R","B",null,"M","M","M","?","?","R","M","?","T","E","?","R","M","M","R","B",null,"M","M","?","$","?","E","?","M","T","$","R","?","?","M","R","B"],"character_chosen":"DEFECT","items_purchased":["OrangePellets","White Noise","PrismaticShard","Pantograph","Anchor"],"campfire_rested":3,"item_purchase_floors":[13,13,38,44,44],"current_hp_per_floor":[46,34,32,25,16,16,16,37,37,37,34,29,29,31,31,27,60,51,42,31,31,31,31,22,22,22,8,8,30,29,20,20,21,62,64,55,55,55,62,17,17,14,14,14,38,38,38,40,40,0],"gold":27,"neow_bonus":"TRANSFORM_TWO_CARDS","is_prod":false,"is_daily":false,"chose_seed":false,"campfire_upgraded":4,"win_rate":0,"timestamp":1557071424,"path_taken":["M","M","M","M","M","E","?","R","T","R","E","M","$","M","R","BOSS","M","M","M","?","?","R","?","?","T","E","?","R","M","M","R","BOSS","M","?","?","$","?","E","?","?","T","?","R","?","?","M","R","BOSS"],"build_version":"2019-01-23","purchased_purges":2,"victory":false,"max_hp_per_floor":[71,71,71,71,71,71,71,71,71,71,71,71,71,71,71,71,71,71,71,76,76,76,76,76,76,76,76,76,76,76,76,76,76,76,76,76,76,76,81,81,81,81,81,81,81,77,77,77,77,77],"card_choices":[{"not_picked":["Beam Cell","Self Repair"],"picked":"Ball Lightning","floor":1.0},{"not_picked":["Hologram","Stack"],"picked":"Ball Lightning","floor":2.0},{"not_picked":["Sweeping Beam","Recycle"],"picked":"Cold Snap","floor":3.0},{"not_picked":["Hologram","Coolheaded"],"picked":"FTL","floor":4.0},{"not_picked":["Double Energy","Gash"],"picked":"Conserve Battery","floor":5.0},{"not_picked":["Sweeping Beam","Ball Lightning"],"picked":"Hyperbeam","floor":6.0},{"not_picked":["Rebound","Double Energy"],"picked":"Defragment","floor":11.0},{"not_picked":["Rebound","Gash","Tempest"],"picked":"SKIP","floor":12.0},{"not_picked":["Streamline","Sweeping Beam"],"picked":"Defragment","floor":14.0},{"not_picked":["Machine Learning","All For One"],"picked":"Creative AI","floor":16.0},{"not_picked":["Sweeping Beam","Redo"],"picked":"Steam","floor":18.0},{"not_picked":["Capacitor","Self Repair"],"picked":"Stack+1","floor":19.0},{"not_picked":["Go for the Eyes","Scrape"],"picked":"Heatsinks+1","floor":20.0},{"not_picked":["Gash+1","Stack","Beam Cell"],"picked":"SKIP","floor":24.0},{"not_picked":["Machine Learning","Rainbow","Conserve Battery"],"picked":"SKIP","floor":27.0},{"not_picked":["Turbo","Ball Lightning"],"picked":"Leap","floor":30.0},{"not_picked":["Rebound","Rainbow"],"picked":"Cold Snap","floor":31.0},{"not_picked":["Fission","Hyperbeam"],"picked":"Reboot","floor":33.0},{"not_picked":["Streamline","Static Discharge"],"picked":"Buffer","floor":35.0},{"not_picked":["Gash","Conserve Battery"],"picked":"Aggregate+1","floor":36.0},{"not_picked":["Redo","Armaments"],"picked":"Reinforced Body","floor":39.0},{"not_picked":["Thunderclap","Armaments","Redo"],"picked":"SKIP","floor":40.0},{"not_picked":["Meteor Strike","Compile Driver+1"],"picked":"Cold Snap+1","floor":42.0},{"not_picked":["Sever Soul","Sword Boomerang+1"],"picked":"Mayhem","floor":48.0}],"player_experience":4920161,"relics_obtained":[{"floor":6.0,"key":"Sundial"},{"floor":7.0,"key":"Letter Opener"},{"floor":9.0,"key":"MawBank"},{"floor":11.0,"key":"Blood Vial"},{"floor":26.0,"key":"Cables"},{"floor":27.0,"key":"Lantern"},{"floor":39.0,"key":"Old Coin"},{"floor":40.0,"key":"Bag of Marbles"}],"event_choices":[{"damage_healed":0.0,"max_hp_gain":0.0,"max_hp_loss":0.0,"gold_gain":50.0,"event_name":"Nest","player_choice":"Stole From Cult","floor":21.0,"gold_loss":0.0,"damage_taken":0.0},{"damage_healed":0.0,"max_hp_gain":0.0,"max_hp_loss":0.0,"gold_gain":0.0,"event_name":"N\u0027loth","player_choice":"Traded Relic","floor":22.0,"relics_lost":["Cracked Core"],"gold_loss":0.0,"damage_taken":0.0,"relics_obtained":["Nloth\u0027s Gift"]},{"damage_healed":0.0,"max_hp_gain":0.0,"max_hp_loss":0.0,"gold_gain":0.0,"event_name":"Addict","player_choice":"Obtained Relic","floor":25.0,"gold_loss":85.0,"damage_taken":0.0,"relics_obtained":["Thread and Needle"]},{"damage_healed":0.0,"max_hp_gain":0.0,"max_hp_loss":0.0,"gold_gain":0.0,"event_name":"WeMeetAgain","player_choice":"Gave Potion","floor":28.0,"gold_loss":0.0,"damage_taken":0.0,"relics_obtained":["War Paint"]},{"damage_healed":0.0,"max_hp_gain":0.0,"max_hp_loss":0.0,"gold_gain":0.0,"event_name":"Tomb of Lord Red Mask","player_choice":"Ignored","floor":37.0,"gold_loss":0.0,"damage_taken":0.0},{"damage_healed":0.0,"max_hp_gain":0.0,"max_hp_loss":0.0,"gold_gain":0.0,"event_name":"MindBloom","player_choice":"Fight","floor":39.0,"gold_loss":0.0,"damage_taken":0.0},{"damage_healed":0.0,"max_hp_gain":0.0,"max_hp_loss":0.0,"gold_gain":0.0,"event_name":"Upgrade Shrine","player_choice":"Upgraded","floor":41.0,"gold_loss":0.0,"damage_taken":0.0,"cards_upgraded":["Buffer"]},{"damage_healed":0.0,"max_hp_gain":0.0,"max_hp_loss":4.0,"gold_gain":0.0,"event_name":"Winding Halls","player_choice":"Max HP","floor":46.0,"gold_loss":0.0,"damage_taken":0.0},{"damage_healed":0.0,"max_hp_gain":0.0,"max_hp_loss":0.0,"gold_gain":0.0,"event_name":"Mysterious Sphere","player_choice":"Ignored","floor":47.0,"gold_loss":0.0,"damage_taken":0.0}],"is_beta":false,"boss_relics":[{"not_picked":["Ectoplasm","Cursed Key"],"picked":"White Beast Statue"},{"not_picked":["Velvet Choker","Sozu"],"picked":"Fusion Hammer"}],"items_purged_floors":[38,44],"is_endless":false,"potions_floor_spawned":[4,5,11,12,14,16,18,19,20,24,27,30,31,33,35,36,39,40,42,48],"killed_by":"Awakened One","ascension_level":20}