{"gold_per_floor":[116,116,116,133,148,148,176,176,247,258,223,234,264,264,264,343,343,361,374,374,419,429,429,457,457,457,224,224,235,235,235,235,309,309,323,341,353,353,367,394,394,419,419,419,419,437,437,457,457,457],"floor_reached":51,"playtime":4503,"items_purged":["Accuracy"],"score":1452,"play_id":"950c6351-e973-46dc-ad50-8f5db92e5631","local_time":"20190426131427","is_ascension_mode":true,"campfire_choices":[{"data":"Bouncing Flask","floor":6.0,"key":"SMITH"},{"floor":8.0,"key":"REST"},{"data":"Noxious Fumes","floor":15.0,"key":"SMITH"},{"data":"Ghostly","floor":23.0,"key":"SMITH"},{"data":"Night Terror","floor":25.0,"key":"SMITH"},{"data":"Ghostly","floor":28.0,"key":"SMITH"},{"floor":32.0,"key":"REST"},{"data":"Well Laid Plans","floor":41.0,"key":"SMITH"},{"data":"Ghostly","floor":44.0,"key":"SMITH"},{"data":"Footwork","floor":47.0,"key":"SMITH"},{"data":"Noxious Fumes","floor":49.0,"key":"SMITH"}],"neow_cost":"NONE","seed_source_timestamp":1195907040571706,"circlet_count":0,"master_deck":["AscendersBane","Survivor","Neutralize","Cloak And Dagger","Bouncing Flask+1","Dodge and Roll","Expertise","Noxious Fumes+1","Leg Sweep","Wraith Form v2","Dodge and Roll","Footwork+1","Quick Slash","Dash","Dodge and Roll","Sucker Punch","Night Terror+1","Blade Dance+1","Well Laid Plans+1","Ghostly+1","Ghostly+1","Ghostly+1","Noxious Fumes+1","Deflect","Predator","Night Terror+1","After Image","Escape Plan","Backflip","Tools of the Trade"],"special_seed":0,"relics":["Ring of the Snake","NeowsBlessing","Strawberry","Happy Flower","Letter Opener","Pear","Pandora\u0027s Box","Omamori","Bottled Lightning","Gremlin Horn","Bronze Scales","Sozu","Singing Bowl","Tough Bandages"],"potions_floor_usage":[],"damage_taken":[{"damage":0.0,"enemies":"Cultist","floor":1.0,"turns":1.0},{"damage":0.0,"enemies":"Small Slimes","floor":4.0,"turns":1.0},{"damage":0.0,"enemies":"Jaw Worm","floor":5.0,"turns":1.0},{"damage":47.0,"enemies":"Gremlin Nob","floor":7.0,"turns":5.0},{"damage":15.0,"enemies":"Exordium Thugs","floor":10.0,"turns":5.0},{"damage":1.0,"enemies":"Exordium Wildlife","floor":12.0,"turns":5.0},{"damage":4.0,"enemies":"Lagavulin","floor":13.0,"turns":7.0},{"damage":12.0,"enemies":"Hexaghost","floor":16.0,"turns":9.0},{"damage":3.0,"enemies":"Shell Parasite","floor":18.0,"turns":9.0},{"damage":0.0,"enemies":"Chosen","floor":19.0,"turns":6.0},{"damage":1.0,"enemies":"Centurion and Healer","floor":22.0,"turns":8.0},{"damage":25.0,"enemies":"Slavers","floor":24.0,"turns":7.0},{"damage":10.0,"enemies":"3 Cultists","floor":29.0,"turns":6.0},{"damage":15.0,"enemies":"Collector","floor":33.0,"turns":13.0},{"damage":0.0,"enemies":"3 Darklings","floor":35.0,"turns":5.0},{"damage":0.0,"enemies":"3 Shapes","floor":36.0,"turns":5.0},{"damage":0.0,"enemies":"Maw","floor":37.0,"turns":10.0},{"damage":0.0,"enemies":"3 Darklings","floor":39.0,"turns":5.0},{"damage":0.0,"enemies":"Reptomancer","floor":40.0,"turns":10.0},{"damage":0.0,"enemies":"Nemesis","floor":42.0,"turns":9.0},{"damage":0.0,"enemies":"Jaw Worm Horde","floor":46.0,"turns":7.0},{"damage":0.0,"enemies":"4 Shapes","floor":48.0,"turns":7.0},{"damage":0,"enemies":"Awakened One","floor":50,"turns":18}],"seed_played":"-6813302189792618444","potions_obtained":[{"floor":1.0,"key":"Explosive Potion"},{"floor":10.0,"key":"Dexterity Potion"},{"floor":16.0,"key":"Strength Potion"},{"floor":18.0,"key":"Ancient Potion"},{"floor":29.0,"key":"FearPotion"}],"is_trial":false,"path_per_floor":["M","$","?","M","M","R","E","R","T","M","?","M","E","?","R","B",null,"M","M","?","T","M","R","E","R","T","$","R","M","?","?","R","B",null,"M","M","M","?","M","E","R","E","T","R","?","M","R","M","R","B",null],"character_chosen":"THE_SILENT","items_purchased":["Bronze Scales"],"campfire_rested":2,"item_purchase_floors":[27],"current_hp_per_floor":[59,59,66,66,66,66,19,40,40,25,43,42,48,41,41,29,70,67,67,41,41,40,40,15,15,15,15,15,5,5,5,17,2,31,31,31,31,31,31,31,31,33,33,33,43,45,45,47,47,47],"gold":457,"neow_bonus":"THREE_ENEMY_KILL","is_prod":false,"is_daily":false,"chose_seed":false,"campfire_upgraded":9,"win_rate":0,"timestamp":1556252067,"path_taken":["M","$","?","M","?","R","E","R","T","M","?","M","E","?","R","BOSS","M","M","?","?","M","R","E","R","T","$","R","?","?","?","R","BOSS","M","?","?","?","M","E","R","E","T","R","?","?","R","M","R","BOSS"],"build_version":"2019-04-23","purchased_purges":1,"victory":true,"max_hp_per_floor":[66,66,73,73,73,73,73,73,73,73,73,73,83,83,83,83,83,83,83,41,41,41,41,41,41,41,41,41,41,41,41,41,41,41,41,41,41,41,41,41,41,43,43,43,43,45,45,47,47,47],"card_choices":[{"not_picked":["Bane","Prepared"],"picked":"Cloak And Dagger","floor":1.0},{"not_picked":["Outmaneuver","Poisoned Stab"],"picked":"Bouncing Flask","floor":4.0},{"not_picked":["Blade Dance","Quick Slash"],"picked":"Dodge and Roll","floor":5.0},{"not_picked":["Quick Slash","Riddle With Holes"],"picked":"Expertise","floor":7.0},{"not_picked":["Quick Slash","Predator"],"picked":"Noxious Fumes","floor":10.0},{"not_picked":["Blade Dance","Poisoned Stab"],"picked":"Leg Sweep","floor":12.0},{"not_picked":["Prepared","Storm of Steel","Accuracy"],"picked":"SKIP","floor":13.0},{"not_picked":["Tools of the Trade","Phantasmal Killer"],"picked":"Wraith Form v2","floor":16.0},{"not_picked":["Slice","Underhanded Strike"],"picked":"Blade Dance+1","floor":18.0},{"not_picked":["Terror+1","Masterful Stab"],"picked":"Well Laid Plans","floor":19.0},{"not_picked":["Bane","Dodge and Roll"],"picked":"Noxious Fumes","floor":22.0},{"not_picked":["Dagger Throw","Leg Sweep+1"],"picked":"Deflect","floor":24.0},{"not_picked":["All Out Attack","Bouncing Flask"],"picked":"Predator","floor":29.0},{"not_picked":["Storm of Steel","Glass Knife"],"picked":"After Image","floor":33.0},{"not_picked":["Backstab","Bouncing Flask","Expertise"],"picked":"SKIP","floor":35.0},{"not_picked":["Quick Slash","Expertise"],"picked":"Escape Plan","floor":36.0},{"not_picked":["Sucker Punch+1","Accuracy+1"],"picked":"Backflip","floor":37.0},{"not_picked":["Dodge and Roll","Backstab","Dagger Throw"],"picked":"SKIP","floor":39.0},{"not_picked":["All Out Attack+1","Masterful Stab"],"picked":"Tools of the Trade","floor":40.0},{"not_picked":["Noxious Fumes","Outmaneuver","Bouncing Flask"],"picked":"Singing Bowl","floor":42.0},{"not_picked":["Poisoned Stab","Blade Dance","Deadly Poison+1"],"picked":"Singing Bowl","floor":46.0},{"not_picked":["All Out Attack+1","Cloak And Dagger+1","Dagger Spray"],"picked":"Singing Bowl","floor":48.0}],"player_experience":3079808,"relics_obtained":[{"floor":7.0,"key":"Happy Flower"},{"floor":9.0,"key":"Letter Opener"},{"floor":13.0,"key":"Pear"},{"floor":21.0,"key":"Omamori"},{"floor":24.0,"key":"Bottled Lightning"},{"floor":26.0,"key":"Gremlin Horn"},{"floor":40.0,"key":"Singing Bowl"},{"floor":42.0,"key":"Tough Bandages"}],"event_choices":[{"damage_healed":0.0,"max_hp_gain":0.0,"max_hp_loss":0.0,"gold_gain":0.0,"event_name":"WeMeetAgain","player_choice":"Gave Potion","floor":3.0,"gold_loss":0.0,"damage_taken":0.0,"relics_obtained":["Strawberry"]},{"damage_healed":18.0,"max_hp_gain":0.0,"max_hp_loss":0.0,"gold_gain":0.0,"event_name":"The Cleric","player_choice":"Healed","floor":11.0,"gold_loss":35.0,"damage_taken":0.0},{"cards_removed":["Strike_G"],"damage_healed":0.0,"max_hp_gain":0.0,"max_hp_loss":0.0,"gold_gain":0.0,"event_name":"Golden Wing","player_choice":"Card Removal","floor":14.0,"gold_loss":0.0,"damage_taken":7.0},{"damage_healed":0.0,"max_hp_gain":0.0,"max_hp_loss":42.0,"gold_gain":0.0,"event_name":"Ghosts","player_choice":"Became a Ghost","floor":20.0,"gold_loss":0.0,"damage_taken":0.0,"cards_obtained":["Ghostly","Ghostly","Ghostly"]},{"damage_healed":0.0,"max_hp_gain":0.0,"max_hp_loss":0.0,"gold_gain":0.0,"event_name":"Vampires","player_choice":"Ignored","floor":30.0,"gold_loss":0.0,"damage_taken":0.0},{"damage_healed":0.0,"max_hp_gain":0.0,"max_hp_loss":0.0,"gold_gain":0.0,"event_name":"Duplicator","player_choice":"Copied","floor":31.0,"gold_loss":0.0,"damage_taken":0.0,"cards_obtained":["Night Terror"]},{"damage_healed":0.0,"max_hp_gain":0.0,"max_hp_loss":0.0,"gold_gain":0.0,"event_name":"Tomb of Lord Red Mask","player_choice":"Ignored","floor":38.0,"gold_loss":0.0,"damage_taken":0.0},{"cards_removed":["Terror"],"damage_healed":10.0,"max_hp_gain":0.0,"max_hp_loss":0.0,"gold_gain":0.0,"event_name":"Bonfire Elementals","player_choice":"Offered Uncommon","floor":45.0,"gold_loss":0.0,"damage_taken":0.0}],"is_beta":true,"boss_relics":[{"not_picked":["Fusion Hammer","Tiny House"],"picked":"Pandora\u0027s Box"},{"not_picked":["Orrery","Eternal Feather"],"picked":"Sozu"}],"items_purged_floors":[27],"is_endless":false,"potions_floor_spawned":[1,10,16,18,29,36,39,40,48],"ascension_level":17}