{"gold_per_floor":[109,109,186,202,215,250,250,284,308,308,323,323,336,7,7,82,132,132,146,146,146,0,30,30,30,30,46,61,61,61,73,73,144,144,160,160,16,16,27,27,62,62,62,72,72,91,91,109,109,109,109],"floor_reached":51,"playtime":2449,"items_purged":["Defend_B","Strike_B","Gash+1"],"score":1335,"play_id":"0a291c06-220c-4487-9fa6-1a5011f9c2e9","local_time":"20190302024648","is_ascension_mode":true,"campfire_choices":[{"data":"Consume","floor":7.0,"key":"SMITH"},{"data":"Defend_B","floor":10.0,"key":"PURGE"},{"data":"Strike_B","floor":15.0,"key":"PURGE"},{"data":"Beam Cell","floor":24.0,"key":"PURGE"},{"data":"Defend_B","floor":30.0,"key":"PURGE"},{"floor":32.0,"key":"REST"},{"data":"Streamline+1","floor":40.0,"key":"PURGE"},{"floor":42.0,"key":"REST"},{"floor":49,"key":"REST"}],"neow_cost":"NONE","seed_source_timestamp":1338826061171000,"circlet_count":0,"master_deck":["AscendersBane","Dualcast+1","Chill","Consume+1","Ball Lightning","Blizzard","Hologram","Conserve Battery+1","Redo","Coolheaded","Cold Snap","FTL+1","Genetic Algorithm","Capacitor+1","Reinforced Body+1","Capacitor+1","Dark Shackles","Coolheaded+1","Coolheaded+1"],"special_seed":0,"relics":["Cracked Core","Matryoshka","Potion Belt","Peace Pipe","Blood Vial","Lantern","Membership Card","Tiny House","PreservedInsect","Pen Nib","Astrolabe","Molten Egg 2","Juzu Bracelet","Toxic Egg 2"],"potions_floor_usage":[46,46,46,51],"damage_taken":[{"damage":7.0,"enemies":"Jaw Worm","floor":1.0,"turns":3.0},{"damage":0.0,"enemies":"2 Louse","floor":4.0,"turns":2.0},{"damage":8.0,"enemies":"Small Slimes","floor":5.0,"turns":4.0},{"damage":8.0,"enemies":"Gremlin Nob","floor":6.0,"turns":3.0},{"damage":20.0,"enemies":"3 Sentries","floor":8.0,"turns":6.0},{"damage":12.0,"enemies":"Looter","floor":11.0,"turns":3.0},{"damage":0.0,"enemies":"Lots of Slimes","floor":13.0,"turns":1.0},{"damage":9.0,"enemies":"Hexaghost","floor":16.0,"turns":7.0},{"damage":0.0,"enemies":"Shell Parasite","floor":18.0,"turns":1.0},{"damage":0.0,"enemies":"Spheric Guardian","floor":19.0,"turns":2.0},{"damage":6.0,"enemies":"Colosseum Slavers","floor":21.0,"turns":4.0},{"damage":45.0,"enemies":"Slavers","floor":23.0,"turns":7.0},{"damage":13.0,"enemies":"Snecko","floor":27.0,"turns":5.0},{"damage":12.0,"enemies":"Centurion and Healer","floor":28.0,"turns":8.0},{"damage":28.0,"enemies":"Snake Plant","floor":31.0,"turns":7.0},{"damage":23.0,"enemies":"Collector","floor":33.0,"turns":15.0},{"damage":13.0,"enemies":"Orb Walker","floor":35.0,"turns":4.0},{"damage":23.0,"enemies":"3 Darklings","floor":39.0,"turns":6.0},{"damage":34.0,"enemies":"Nemesis","floor":41.0,"turns":15.0},{"damage":3,"enemies":"Writhing Mass","floor":44,"turns":10},{"damage":36,"enemies":"Jaw Worm Horde","floor":46,"turns":6},{"damage":7,"enemies":"4 Shapes","floor":48,"turns":11},{"damage":34,"enemies":"Time Eater","floor":50,"turns":33},{"damage":4,"enemies":"Awakened One","floor":51,"turns":3}],"seed_played":"-5876128957150312609","potions_obtained":[{"floor":1.0,"key":"GamblersBrew"},{"floor":6.0,"key":"AttackPotion"},{"floor":13.0,"key":"FocusPotion"},{"floor":17.0,"key":"SmokeBomb"},{"floor":33.0,"key":"Swift Potion"},{"floor":35.0,"key":"SteroidPotion"},{"floor":39.0,"key":"Poison Potion"},{"floor":41.0,"key":"Block Potion"},{"floor":46,"key":"LiquidBronze"}],"is_trial":false,"path_per_floor":["M","?","T","M","M","E","R","E","T","R","M","?","M","$","R","B",null,"M","M","?","?","$","E","R","?","T","M","M","?","R","M","R","B",null,"M","?","$","T","M","R","E","R","T","M","?","M","?","M","R","B","B"],"character_chosen":"DEFECT","items_purchased":["Membership Card","Redo","FocusPotion","Cold Snap","Seek","SkillPotion","Block Potion","Dark Shackles"],"campfire_rested":3,"item_purchase_floors":[14,14,14,22,22,22,37,37],"current_hp_per_floor":[64,64,64,64,56,48,48,28,28,28,18,11,13,13,13,6,65,67,69,69,65,65,22,22,93,93,80,70,42,42,16,45,24,80,69,69,69,69,48,48,16,45,45,44,44,10,10,5,33,1,0],"gold":109,"neow_bonus":"TEN_PERCENT_HP_BONUS","is_prod":false,"is_daily":false,"chose_seed":false,"campfire_upgraded":1,"win_rate":0,"timestamp":1551462408,"path_taken":["M","?","?","M","M","E","R","E","T","R","?","?","M","$","R","BOSS","M","M","?","?","$","E","R","?","T","?","M","?","R","M","R","BOSS","M","?","$","?","M","R","E","R","T","M","?","M","?","M","R","BOSS","BOSS"],"build_version":"2019-01-23","purchased_purges":3,"victory":false,"max_hp_per_floor":[78,78,78,78,78,78,78,78,78,78,78,78,78,78,78,78,83,83,83,83,83,83,83,83,93,93,93,93,98,98,98,98,98,98,98,98,98,98,98,98,98,98,98,98,95,95,95,95,95,95,95],"card_choices":[{"not_picked":["Glacier","BootSequence"],"picked":"Chill","floor":1.0},{"not_picked":["Fusion","Redo"],"picked":"Consume","floor":4.0},{"not_picked":["Coolheaded","Barrage"],"picked":"Ball Lightning","floor":5.0},{"not_picked":["Static Discharge","Force Field"],"picked":"Melter","floor":6.0},{"not_picked":["Steam","Leap"],"picked":"Blizzard","floor":8.0},{"not_picked":["Reboot","Barrage"],"picked":"Hologram","floor":11.0},{"not_picked":["Heatsinks","Static Discharge"],"picked":"Conserve Battery","floor":13.0},{"not_picked":["Hologram","Go for the Eyes","Steam"],"picked":"SKIP","floor":19.0},{"not_picked":["Leap","Storm","Compile Driver"],"picked":"SKIP","floor":23.0},{"not_picked":["Consume","Recycle"],"picked":"FTL+1","floor":27.0},{"not_picked":["Gash+1","Go for the Eyes"],"picked":"Genetic Algorithm","floor":28.0},{"not_picked":["Compile Driver","Gash"],"picked":"Capacitor+1","floor":31.0},{"not_picked":["Scrape+1","Ball Lightning+1"],"picked":"Capacitor+1","floor":35.0},{"not_picked":["Go for the Eyes+1","Auto Shields+1"],"picked":"Coolheaded+1","floor":39.0},{"not_picked":["Gash+1","Hello World","Leap"],"picked":"SKIP","floor":41.0},{"not_picked":["Rip and Tear+1","Heatsinks","Sweeping Beam+1"],"picked":"SKIP","floor":44},{"not_picked":["Steam+1","Consume+1"],"picked":"Coolheaded+1","floor":46},{"not_picked":["Machine Learning","Gash+1","Capacitor+1"],"picked":"SKIP","floor":48}],"player_experience":4445778,"relics_obtained":[{"floor":3.0,"key":"Matryoshka"},{"floor":6.0,"key":"Potion Belt"},{"floor":8.0,"key":"Peace Pipe"},{"floor":9.0,"key":"Blood Vial"},{"floor":9.0,"key":"Lantern"},{"floor":23.0,"key":"PreservedInsect"},{"floor":26.0,"key":"Pen Nib"},{"floor":38.0,"key":"Molten Egg 2"},{"floor":41.0,"key":"Juzu Bracelet"},{"floor":43.0,"key":"Toxic Egg 2"}],"event_choices":[{"damage_healed":0.0,"max_hp_gain":0.0,"max_hp_loss":0.0,"gold_gain":0.0,"cards_transformed":["Strike_B"],"event_name":"Living Wall","player_choice":"Change","floor":2.0,"gold_loss":0.0,"damage_taken":0.0,"cards_obtained":["Beam Cell"]},{"cards_removed":["Strike_B"],"damage_healed":0.0,"max_hp_gain":0.0,"max_hp_loss":0.0,"gold_gain":0.0,"event_name":"Golden Wing","player_choice":"Card Removal","floor":12.0,"gold_loss":0.0,"damage_taken":7.0},{"damage_healed":0.0,"max_hp_gain":0.0,"max_hp_loss":0.0,"gold_gain":0.0,"event_name":"The Library","player_choice":"Read","floor":20.0,"gold_loss":0.0,"damage_taken":0.0,"cards_obtained":["Coolheaded"]},{"damage_healed":0.0,"max_hp_gain":0.0,"max_hp_loss":0.0,"gold_gain":0.0,"event_name":"Colosseum","player_choice":"Fight","floor":21.0,"gold_loss":0.0,"damage_taken":0.0},{"damage_healed":0.0,"max_hp_gain":0.0,"max_hp_loss":0.0,"gold_gain":0.0,"event_name":"Colosseum","player_choice":"Fled From Nobs","floor":21.0,"gold_loss":0.0,"damage_taken":0.0},{"cards_removed":["Seek"],"damage_healed":61.0,"max_hp_gain":10.0,"max_hp_loss":0.0,"gold_gain":0.0,"event_name":"Bonfire Elementals","player_choice":"Offered Rare","floor":25.0,"gold_loss":0.0,"damage_taken":0.0},{"damage_healed":0.0,"max_hp_gain":5.0,"max_hp_loss":0.0,"gold_gain":0.0,"event_name":"Forgotten Altar","player_choice":"Shed Blood","floor":29.0,"gold_loss":0.0,"damage_taken":33.0},{"damage_healed":0.0,"max_hp_gain":0.0,"max_hp_loss":0.0,"gold_gain":0.0,"event_name":"Match and Keep!","player_choice":"0 cards matched","floor":36.0,"gold_loss":0.0,"damage_taken":0.0,"cards_obtained":[]},{"cards_removed":["Parasite"],"damage_healed":0,"gold_gain":0,"player_choice":"Removed Curses","damage_taken":0,"max_hp_gain":0,"max_hp_loss":0,"event_name":"Fountain of Cleansing","floor":45,"gold_loss":0},{"damage_healed":0,"gold_gain":0,"player_choice":"Upgraded","damage_taken":0,"max_hp_gain":0,"max_hp_loss":0,"event_name":"Upgrade Shrine","floor":47,"gold_loss":0,"cards_upgraded":["Conserve Battery"]}],"is_beta":false,"boss_relics":[{"not_picked":["White Beast Statue","Calling Bell"],"picked":"Tiny House"},{"not_picked":["Velvet Choker","Snecko Eye"],"picked":"Astrolabe"}],"items_purged_floors":[14,22,37],"is_endless":false,"potions_floor_spawned":[1,6,13,18,21,33,35,39,41,46],"killed_by":"Awakened One","ascension_level":20}