{"gold_per_floor":[12,24,39,0,75,75,103,103,103,28,28,28,60,72,72,144,144,144,44,44,44,44,44,44,44,44,44,44,44,44,44,44,44,44,44,44,44,44,44,44,44,44,44,44,44,44,44,44,44,44],"floor_reached":50,"playtime":4034,"items_purged":["Strike_G"],"score":1001,"play_id":"d8811dae-798a-4482-8f76-f1d1c68c7965","local_time":"20190527095353","is_ascension_mode":true,"campfire_choices":[{"data":"Noxious Fumes","floor":6.0,"key":"SMITH"},{"data":"Neutralize","floor":8.0,"key":"SMITH"},{"floor":12.0,"key":"REST"},{"data":"Deflect","floor":15.0,"key":"SMITH"},{"data":"Acrobatics","floor":23.0,"key":"SMITH"},{"data":"Bullet Time","floor":25.0,"key":"SMITH"},{"data":"Strike_G","floor":30.0,"key":"PURGE"},{"data":"Defend_G","floor":32.0,"key":"PURGE"},{"data":"Defend_G","floor":40,"key":"PURGE"},{"floor":42,"key":"REST"},{"floor":49,"key":"RECALL"}],"neow_cost":"NO_GOLD","seed_source_timestamp":694233024190477,"circlet_count":0,"master_deck":["AscendersBane","Defend_G","Defend_G","Defend_G","Survivor","Neutralize+1","Noxious Fumes+1","Acrobatics+1","Slice","Leg Sweep","PiercingWail","Deflect+1","Bane","Predator","Dodge and Roll","Bullet Time+1","Flying Knee+1","Backflip","Backflip","Prepared+1","After Image","Heel Hook","Predator","Noxious Fumes","Caltrops","Wraith Form v2"],"special_seed":0,"relics":["Ring of the Snake","Bag of Marbles","Bottled Tornado","Calipers","Ectoplasm","Blood Vial","Peace Pipe","Paper Crane","Torii","Orrery","Ice Cream","Ginger","Gremlin Horn"],"potions_floor_usage":[47],"damage_taken":[{"damage":3.0,"enemies":"Jaw Worm","floor":1.0,"turns":7.0},{"damage":1.0,"enemies":"Cultist","floor":2.0,"turns":4.0},{"damage":0.0,"enemies":"2 Louse","floor":3.0,"turns":6.0},{"damage":0.0,"enemies":"Looter","floor":4.0,"turns":4.0},{"damage":11.0,"enemies":"3 Sentries","floor":7.0,"turns":7.0},{"damage":12.0,"enemies":"Lagavulin","floor":13.0,"turns":8.0},{"damage":0.0,"enemies":"3 Louse","floor":14.0,"turns":3.0},{"damage":5.0,"enemies":"The Guardian","floor":16.0,"turns":13.0},{"damage":4.0,"enemies":"Spheric Guardian","floor":18.0,"turns":6.0},{"damage":15.0,"enemies":"2 Thieves","floor":19.0,"turns":4.0},{"damage":2.0,"enemies":"Centurion and Healer","floor":22.0,"turns":10.0},{"damage":0.0,"enemies":"3 Cultists","floor":24.0,"turns":6.0},{"damage":3.0,"enemies":"Snake Plant","floor":27.0,"turns":5.0},{"damage":3.0,"enemies":"Colosseum Slavers","floor":28.0,"turns":5.0},{"damage":0.0,"enemies":"Colosseum Nobs","floor":28.0,"turns":6.0},{"damage":0.0,"enemies":"Slavers","floor":29.0,"turns":6.0},{"damage":1.0,"enemies":"Shelled Parasite and Fungi","floor":31.0,"turns":8.0},{"damage":25.0,"enemies":"Champ","floor":33.0,"turns":20.0},{"damage":9.0,"enemies":"3 Darklings","floor":35.0,"turns":6.0},{"damage":28.0,"enemies":"2 Orb Walkers","floor":36.0,"turns":6.0},{"damage":1.0,"enemies":"Orb Walker","floor":37.0,"turns":4.0},{"damage":1,"enemies":"Writhing Mass","floor":39,"turns":9},{"damage":9,"enemies":"Transient","floor":41,"turns":6},{"damage":0,"enemies":"Maw","floor":44,"turns":8},{"damage":0,"enemies":"Mind Bloom Boss Battle","floor":45,"turns":8},{"damage":15,"enemies":"Nemesis","floor":47,"turns":11},{"damage":19,"enemies":"Spire Growth","floor":48,"turns":8},{"damage":11,"enemies":"Time Eater","floor":50,"turns":5}],"seed_played":"-326027591043024683","potions_obtained":[{"floor":2.0,"key":"Ancient Potion"},{"floor":16.0,"key":"EntropicBrew"},{"floor":28.0,"key":"Dexterity Potion"},{"floor":29.0,"key":"SkillPotion"},{"floor":35.0,"key":"SkillPotion"},{"floor":39,"key":"GamblersBrew"},{"floor":44,"key":"LiquidBronze"}],"is_trial":false,"path_per_floor":["M","M","M","M","?","R","E","R","T","$","?","R","E","M","R","B",null,"M","M","?","?","M","R","M","R","T","M","?","E","R","M","R","B",null,"M","?","M","?","M","R","M","R","T","M","?","$","E","M","R","B"],"character_chosen":"THE_SILENT","items_purchased":[],"campfire_rested":2,"item_purchase_floors":[],"current_hp_per_floor":[56,55,55,55,44,44,33,33,33,33,33,52,40,40,40,35,58,54,39,39,39,37,37,37,37,37,36,37,39,39,40,40,17,54,47,21,22,22,23,23,16,34,34,36,38,38,25,8,8,0],"gold":44,"neow_bonus":"TRANSFORM_TWO_CARDS","is_prod":false,"is_daily":false,"chose_seed":false,"campfire_upgraded":5,"win_rate":0,"timestamp":1558918433,"path_taken":["M","M","M","M","?","R","E","R","T","$","?","R","E","?","R","BOSS","M","M","?","?","M","R","M","R","T","M","?","E","R","?","R","BOSS","M","?","M","?","M","R","M","R","T","M","?","$","E","M","R","BOSS"],"build_version":"2019-05-24v2","purchased_purges":1,"victory":false,"max_hp_per_floor":[66,66,66,66,66,66,66,66,66,66,66,66,66,66,66,66,66,66,66,66,66,66,66,66,66,66,66,66,66,66,66,66,66,66,66,66,66,63,63,63,63,63,63,63,63,63,63,63,63,63],"card_choices":[{"not_picked":["Blade Dance","Dagger Throw"],"picked":"Slice","floor":1.0},{"not_picked":["Deadly Poison","Well Laid Plans"],"picked":"Leg Sweep","floor":2.0},{"not_picked":["Backflip","Masterful Stab"],"picked":"PiercingWail","floor":3.0},{"not_picked":["Bane","Backflip"],"picked":"Deflect","floor":4.0},{"not_picked":["Unload","Sucker Punch"],"picked":"Bane","floor":7.0},{"not_picked":["Quick Slash","Outmaneuver"],"picked":"Predator","floor":13.0},{"not_picked":["Flying Knee","Dagger Spray"],"picked":"Dodge and Roll","floor":14.0},{"not_picked":["Wraith Form v2","A Thousand Cuts"],"picked":"Bullet Time","floor":16.0},{"not_picked":["Deflect","Riddle With Holes+1","Reflex"],"picked":"SKIP","floor":18.0},{"not_picked":["Deflect","Riddle With Holes+1","Reflex"],"picked":"SKIP","floor":18.0},{"not_picked":["Dagger Throw","Slice","Dodge and Roll"],"picked":"SKIP","floor":19.0},{"not_picked":["Deflect","Blade Dance"],"picked":"Flying Knee+1","floor":22.0},{"not_picked":["Flying Knee","Accuracy"],"picked":"Backflip","floor":24.0},{"not_picked":["Slice","Deflect+1"],"picked":"Backflip","floor":27.0},{"not_picked":["Riddle With Holes","Phantasmal Killer"],"picked":"Prepared+1","floor":28.0},{"not_picked":["Slice","Underhanded Strike","Infinite Blades"],"picked":"SKIP","floor":29.0},{"not_picked":["Dodge and Roll","Poisoned Stab","Slice"],"picked":"SKIP","floor":31.0},{"not_picked":["Doppelganger","Night Terror"],"picked":"After Image","floor":33.0},{"not_picked":["Outmaneuver","Sucker Punch"],"picked":"Heel Hook","floor":34.0},{"not_picked":["Sucker Punch","Acrobatics"],"picked":"Predator","floor":34.0},{"not_picked":["Backstab","Dagger Spray"],"picked":"Noxious Fumes","floor":35.0},{"not_picked":["Eviscerate","Tactician","Noxious Fumes+1"],"picked":"SKIP","floor":37.0},{"not_picked":["Blade Dance+1","Prepared"],"picked":"Caltrops","floor":39},{"not_picked":["Deadly Poison","Skewer"],"picked":"Wraith Form v2","floor":41},{"not_picked":["Infinite Blades","Outmaneuver","Dagger Spray+1"],"picked":"SKIP","floor":44},{"not_picked":["Dodge and Roll+1","Grand Finale","All Out Attack+1"],"picked":"SKIP","floor":47},{"not_picked":["Sucker Punch+1","Slice","Dagger Spray+1"],"picked":"SKIP","floor":48}],"player_experience":3350382,"relics_obtained":[{"floor":7.0,"key":"Bag of Marbles"},{"floor":9.0,"key":"Bottled Tornado"},{"floor":13.0,"key":"Calipers"},{"floor":26.0,"key":"Blood Vial"},{"floor":28.0,"key":"Peace Pipe"},{"floor":28.0,"key":"Paper Crane"},{"floor":29.0,"key":"Torii"},{"floor":36.0,"key":"Ice Cream"},{"floor":45,"key":"Ginger"},{"floor":47,"key":"Gremlin Horn"}],"event_choices":[{"damage_healed":0.0,"max_hp_gain":0.0,"max_hp_loss":0.0,"gold_gain":75.0,"event_name":"World of Goop","player_choice":"Gather Gold","floor":5.0,"gold_loss":0.0,"damage_taken":11.0},{"cards_removed":["Strike_G"],"damage_healed":0.0,"max_hp_gain":0.0,"max_hp_loss":0.0,"gold_gain":0.0,"event_name":"Purifier","player_choice":"Purged","floor":11.0,"gold_loss":0.0,"damage_taken":0.0},{"damage_healed":0.0,"max_hp_gain":0.0,"max_hp_loss":0.0,"gold_gain":0.0,"event_name":"The Mausoleum","player_choice":"Ignored","floor":20.0,"gold_loss":0.0,"damage_taken":0.0},{"damage_healed":0.0,"max_hp_gain":0.0,"max_hp_loss":0.0,"gold_gain":0.0,"event_name":"Beggar","player_choice":"Ignored","floor":21.0,"gold_loss":0.0,"damage_taken":0.0},{"damage_healed":0.0,"max_hp_gain":0.0,"max_hp_loss":0.0,"gold_gain":0.0,"event_name":"Colosseum","player_choice":"Fight","floor":28.0,"gold_loss":0.0,"damage_taken":0.0},{"damage_healed":0.0,"max_hp_gain":0.0,"max_hp_loss":0.0,"gold_gain":0.0,"event_name":"Colosseum","player_choice":"Fought Nobs","floor":28.0,"gold_loss":0.0,"damage_taken":0.0},{"damage_healed":0.0,"max_hp_gain":0.0,"max_hp_loss":0.0,"gold_gain":0.0,"event_name":"Mysterious Sphere","player_choice":"Fight","floor":36.0,"gold_loss":0.0,"damage_taken":0.0},{"damage_healed":0.0,"max_hp_gain":0.0,"max_hp_loss":3.0,"gold_gain":0.0,"event_name":"Winding Halls","player_choice":"Max HP","floor":38.0,"gold_loss":0.0,"damage_taken":0.0},{"damage_healed":0,"gold_gain":0,"player_choice":"Fight","damage_taken":0,"max_hp_gain":0,"max_hp_loss":0,"event_name":"MindBloom","floor":45,"gold_loss":0}],"is_beta":true,"boss_relics":[{"not_picked":["Busted Crown","Coffee Dripper"],"picked":"Ectoplasm"},{"not_picked":["Runic Dome","Tiny House"],"picked":"Orrery"}],"items_purged_floors":[10],"is_endless":false,"potions_floor_spawned":[2,16,19,22,28,28,29,35,39,44],"killed_by":"Time Eater","ascension_level":18}