{"gold_per_floor":[109,127,19,0,0,0,31,31,57,57,81,94,94,5,5,5],"floor_reached":16,"playtime":613,"items_purged":[],"score":172,"play_id":"42bcc884-ae6f-441e-8895-c7aef016fc7a","local_time":"20181203205017","is_ascension_mode":true,"campfire_choices":[{"data":"Neutralize","floor":6.0,"key":"SMITH"},{"floor":13,"key":"REST"},{"data":"Forethought","floor":15,"key":"SMITH"}],"neow_cost":"NONE","seed_source_timestamp":37516324338899,"circlet_count":0,"master_deck":["AscendersBane","Defend_G","Defend_G","Defend_G","Defend_G","Defend_G","Strike_G","Strike_G","Strike_G","Strike_G","Survivor","Neutralize+1","Setup","Tactician","Backstab","Noxious Fumes","Slice","Caltrops","Slice","Cloak And Dagger","Forethought+1"],"special_seed":0,"relics":["Runic Pyramid","Golden Idol","Juzu Bracelet","Happy Flower"],"potions_floor_usage":[],"damage_taken":[{"damage":0.0,"enemies":"Small Slimes","floor":1.0,"turns":3.0},{"damage":0.0,"enemies":"Jaw Worm","floor":2.0,"turns":5.0},{"damage":39.0,"enemies":"Gremlin Nob","floor":7.0,"turns":6.0},{"damage":6.0,"enemies":"Cultist","floor":11.0,"turns":4.0},{"damage":13,"enemies":"Gremlin Gang","floor":12,"turns":6},{"damage":19,"enemies":"The Guardian","floor":16,"turns":10}],"seed_played":"-8830939267575367706","potions_obtained":[],"is_trial":false,"path_per_floor":["M","M","$","?","?","R","E","$","T","?","M","M","R","$","R","B"],"character_chosen":"THE_SILENT","items_purchased":["Backstab","Noxious Fumes","Forethought"],"campfire_rested":1,"item_purchase_floors":[3,3,14],"current_hp_per_floor":[59,59,59,59,59,59,20,20,20,20,14,1,19,19,19,0],"gold":5,"neow_bonus":"BOSS_RELIC","is_prod":false,"is_daily":false,"chose_seed":false,"campfire_upgraded":2,"win_rate":0,"timestamp":1543837817,"path_taken":["M","M","$","?","?","R","E","?","T","?","M","M","R","$","R","BOSS"],"build_version":"2018-11-15","purchased_purges":0,"victory":false,"max_hp_per_floor":[66,66,66,66,60,60,60,60,60,60,60,60,60,60,60,60],"card_choices":[{"not_picked":["Acrobatics","Dagger Throw"],"picked":"Setup","floor":1.0},{"not_picked":["Finisher","Acrobatics"],"picked":"Tactician","floor":2.0},{"not_picked":["Unload","Flying Knee"],"picked":"Slice","floor":7.0},{"not_picked":["Well Laid Plans","PiercingWail"],"picked":"Slice","floor":11.0},{"not_picked":["Slice","Poisoned Stab"],"picked":"Cloak And Dagger","floor":12}],"player_experience":2495779,"relics_obtained":[{"floor":7.0,"key":"Juzu Bracelet"},{"floor":9.0,"key":"Happy Flower"}],"event_choices":[{"damage_healed":0.0,"max_hp_gain":0.0,"max_hp_loss":0.0,"gold_gain":0.0,"event_name":"World of Goop","player_choice":"Left Gold","floor":4.0,"gold_loss":19.0,"damage_taken":0.0},{"damage_healed":0.0,"max_hp_gain":0.0,"max_hp_loss":6.0,"gold_gain":0.0,"event_name":"Golden Idol","player_choice":"Lose Max HP","floor":5.0,"gold_loss":0.0,"damage_taken":0.0,"relics_obtained":["Golden Idol"]},{"damage_healed":0.0,"max_hp_gain":0.0,"max_hp_loss":0.0,"gold_gain":0.0,"cards_transformed":["Strike_G"],"event_name":"Transmorgrifier","player_choice":"Transformed","floor":10.0,"gold_loss":0.0,"damage_taken":0.0,"cards_obtained":["Caltrops"]}],"is_beta":true,"boss_relics":[],"items_purged_floors":[],"is_endless":false,"potions_floor_spawned":[],"killed_by":"The Guardian","ascension_level":15}