{"gold_per_floor":[109,123,137,137,62,98,98,98,124,124,158,158,173,192,192,282,282,306,306,306,321,321,321,321],"floor_reached":24,"playtime":701,"items_purged":[],"score":408,"play_id":"1d5b606b-e968-459b-a83e-4582cafb7a48","local_time":"20190324012206","is_ascension_mode":true,"campfire_choices":[{"data":"Melter","floor":8,"key":"SMITH"},{"data":"Chaos","floor":10,"key":"SMITH"},{"data":"Dualcast","floor":12,"key":"SMITH"},{"data":"Coolheaded","floor":15,"key":"SMITH"},{"data":"Hyperbeam","floor":23,"key":"SMITH"}],"neow_cost":"NONE","seed_source_timestamp":869290918818900,"circlet_count":0,"master_deck":["AscendersBane","Strike_B","Strike_B","Defend_B","Defend_B","Defend_B","Defend_B","Zap","Dualcast+1","Sweeping Beam","Genetic Algorithm","Chaos+1","Melter+1","Coolheaded+1","Undo","Compile Driver","Hyperbeam+1"],"relics":["Cracked Core","Golden Idol","Sundial","Omamori","Centennial Puzzle","Bronze Scales","Eternal Feather","Strawberry","Enchiridion"],"potions_floor_usage":[6,11,16,21],"damage_taken":[{"damage":0,"enemies":"2 Louse","floor":1,"turns":1},{"damage":7,"enemies":"Jaw Worm","floor":2,"turns":3},{"damage":7,"enemies":"Cultist","floor":3,"turns":4},{"damage":27,"enemies":"3 Sentries","floor":6,"turns":9},{"damage":18,"enemies":"Lagavulin","floor":11,"turns":7},{"damage":4,"enemies":"Looter","floor":13,"turns":3},{"damage":0,"enemies":"Exordium Thugs","floor":14,"turns":3},{"damage":2,"enemies":"Hexaghost","floor":16,"turns":7},{"damage":0,"enemies":"Spheric Guardian","floor":18,"turns":3},{"damage":2,"enemies":"Shell Parasite","floor":21,"turns":4},{"damage":47,"enemies":"Book of Stabbing","floor":24,"turns":5}],"seed_played":"7621550367578770384","potions_obtained":[{"floor":1,"key":"EssenceOfSteel"},{"floor":6,"key":"Regen Potion"},{"floor":11,"key":"Fire Potion"},{"floor":13,"key":"Energy Potion"},{"floor":18,"key":"Weak Potion"}],"is_trial":false,"path_per_floor":["M","M","M","?","?","E","T","R","T","R","E","R","M","M","R","B",null,"M","?","?","M","?","R","E"],"character_chosen":"DEFECT","items_purchased":[],"campfire_rested":0,"item_purchase_floors":[],"current_hp_per_floor":[64,57,50,50,50,23,23,23,23,23,20,20,16,16,16,14,52,52,52,59,57,36,45,0],"gold":321,"neow_bonus":"REMOVE_CARD","is_prod":false,"is_daily":false,"chose_seed":false,"campfire_upgraded":5,"win_rate":0,"timestamp":1553358126,"path_taken":["M","M","M","?","?","E","?","R","T","R","E","R","M","?","R","BOSS","M","?","?","?","?","R","E"],"build_version":"2019-01-23","purchased_purges":0,"victory":false,"max_hp_per_floor":[71,71,71,64,64,64,64,64,64,64,64,64,64,64,64,64,64,64,64,71,71,71,71,71],"card_choices":[{"not_picked":["Consume","Scrape"],"picked":"Sweeping Beam","floor":1},{"not_picked":["Stack","White Noise"],"picked":"Genetic Algorithm","floor":2},{"not_picked":["Heatsinks","Storm"],"picked":"Chaos","floor":3},{"not_picked":["Redo","Ball Lightning"],"picked":"Melter","floor":6},{"not_picked":["Cold Snap","Steam Power"],"picked":"Coolheaded","floor":11},{"not_picked":["Darkness","Defragment"],"picked":"Undo","floor":13},{"not_picked":["Conserve Battery","Aggregate"],"picked":"Compile Driver","floor":14},{"not_picked":["Biased Cognition","Amplify"],"picked":"Hyperbeam","floor":16},{"not_picked":["Leap","Beam Cell","Turbo"],"picked":"SKIP","floor":18},{"not_picked":["Beam Cell","Leap","Glacier"],"picked":"SKIP","floor":21}],"player_experience":4602851,"relics_obtained":[{"floor":6,"key":"Sundial"},{"floor":7,"key":"Omamori"},{"floor":9,"key":"Centennial Puzzle"},{"floor":11,"key":"Bronze Scales"},{"floor":22,"key":"Enchiridion"}],"event_choices":[{"damage_healed":0,"gold_gain":0,"player_choice":"Lose Max HP","damage_taken":0,"relics_obtained":["Golden Idol"],"max_hp_gain":0,"max_hp_loss":7,"event_name":"Golden Idol","floor":4,"gold_loss":0},{"cards_removed":["Strike_B"],"damage_healed":0,"gold_gain":0,"player_choice":"Card Removal","damage_taken":0,"max_hp_gain":0,"max_hp_loss":0,"event_name":"The Cleric","floor":5,"gold_loss":75},{"damage_healed":0,"gold_gain":0,"player_choice":"Ignored","damage_taken":0,"max_hp_gain":0,"max_hp_loss":0,"event_name":"Ghosts","floor":19,"gold_loss":0},{"damage_healed":0,"gold_gain":0,"player_choice":"Gave Potion","damage_taken":0,"relics_obtained":["Strawberry"],"max_hp_gain":0,"max_hp_loss":0,"event_name":"WeMeetAgain","floor":20,"gold_loss":0},{"damage_healed":0,"gold_gain":0,"player_choice":"Obtained Book","damage_taken":21,"max_hp_gain":0,"max_hp_loss":0,"event_name":"Cursed Tome","floor":22,"gold_loss":0}],"is_beta":false,"boss_relics":[{"not_picked":["Fusion Hammer","Philosopher\u0027s Stone"],"picked":"Eternal Feather"}],"items_purged_floors":[],"is_endless":false,"potions_floor_spawned":[1,6,11,13,18],"killed_by":"Book of Stabbing","ascension_level":20}