{"gold_per_floor":[114,114,137,150,450,450,491,510,510,510,475,475,515,572,572,572],"floor_reached":16,"playtime":255,"items_purged":[],"score":216,"play_id":"93ca4282-b1a3-4685-925c-aeb2c2134e11","local_time":"20190506001016","is_ascension_mode":true,"campfire_choices":[{"data":"Zap","floor":6,"key":"SMITH"},{"floor":10,"key":"REST"},{"floor":15,"key":"REST"}],"neow_cost":"NONE","seed_source_timestamp":22242609197000,"circlet_count":0,"master_deck":["AscendersBane","Strike_B","Strike_B","Strike_B","Strike_B","Defend_B","Defend_B","Defend_B","Defend_B","Zap+1","Dualcast","Rip and Tear","Conserve Battery","Ball Lightning","Coolheaded","Lockon","Ball Lightning"],"relics":["Cracked Core","NeowsBlessing","Golden Idol","Old Coin","Ice Cream","Torii","Juzu Bracelet","Tiny Chest"],"potions_floor_usage":[],"damage_taken":[{"damage":0,"enemies":"Cultist","floor":1,"turns":1},{"damage":0,"enemies":"Small Slimes","floor":3,"turns":1},{"damage":0,"enemies":"2 Louse","floor":4,"turns":1},{"damage":38,"enemies":"3 Sentries","floor":7,"turns":7},{"damage":1,"enemies":"2 Fungi Beasts","floor":8,"turns":3},{"damage":40,"enemies":"Gremlin Nob","floor":13,"turns":4},{"damage":33,"enemies":"Hexaghost","floor":16,"turns":7}],"seed_played":"5781088759033569939","potions_obtained":[{"floor":1,"key":"Strength Potion"},{"floor":13,"key":"Dexterity Potion"}],"is_trial":false,"path_per_floor":["M","?","M","M","?","R","E","M","T","R","?","?","E","T","R","B"],"character_chosen":"DEFECT","items_purchased":[],"campfire_rested":2,"item_purchase_floors":[],"current_hp_per_floor":[64,40,40,40,40,40,2,1,1,22,39,44,4,4,26,0],"gold":572,"neow_bonus":"THREE_ENEMY_KILL","is_prod":false,"is_daily":false,"chose_seed":false,"campfire_upgraded":1,"win_rate":0,"timestamp":1557069016,"path_taken":["M","?","M","M","?","R","E","?","T","R","?","?","E","?","R","BOSS"],"build_version":"2019-01-23","purchased_purges":0,"victory":false,"max_hp_per_floor":[71,71,71,71,71,71,71,71,71,71,71,76,76,76,76,76],"card_choices":[{"not_picked":["Conserve Battery","Steam"],"picked":"Rip and Tear","floor":1},{"not_picked":["Barrage","Defragment"],"picked":"Conserve Battery","floor":3},{"not_picked":["Stack","Double Energy"],"picked":"Ball Lightning","floor":4},{"not_picked":["Go for the Eyes","Steam"],"picked":"Coolheaded","floor":7},{"not_picked":["Storm","Compile Driver"],"picked":"Lockon","floor":8},{"not_picked":["Aggregate","Skim"],"picked":"Ball Lightning","floor":13}],"player_experience":4919512,"relics_obtained":[{"floor":7,"key":"Ice Cream"},{"floor":9,"key":"Torii"},{"floor":13,"key":"Juzu Bracelet"},{"floor":14,"key":"Tiny Chest"}],"event_choices":[{"damage_healed":0,"gold_gain":0,"player_choice":"Take Damage","damage_taken":24,"relics_obtained":["Golden Idol"],"max_hp_gain":0,"max_hp_loss":0,"event_name":"Golden Idol","floor":2,"gold_loss":0},{"damage_healed":0,"gold_gain":0,"player_choice":"Gave Potion","damage_taken":0,"relics_obtained":["Old Coin"],"max_hp_gain":0,"max_hp_loss":0,"event_name":"WeMeetAgain","floor":5,"gold_loss":0},{"damage_healed":17,"gold_gain":0,"player_choice":"Healed","damage_taken":0,"max_hp_gain":0,"max_hp_loss":0,"event_name":"The Cleric","floor":11,"gold_loss":35},{"damage_healed":0,"gold_gain":0,"player_choice":"Donut","damage_taken":0,"max_hp_gain":5,"max_hp_loss":0,"event_name":"Big Fish","floor":12,"gold_loss":0}],"is_beta":false,"boss_relics":[],"items_purged_floors":[],"is_endless":false,"potions_floor_spawned":[1,13],"killed_by":"Hexaghost","ascension_level":20}