{"gold_per_floor":[119,23,39,55,55,55,84,104,104,104,62,62,89,102,102,175,175,175],"floor_reached":18,"playtime":1116,"items_purged":[],"score":340,"play_id":"355ee640-d8e4-47a2-a408-4a018a8868cb","local_time":"20190107220421","is_ascension_mode":true,"campfire_choices":[{"data":"Neutralize","floor":6.0,"key":"SMITH"},{"data":"Envenom","floor":10,"key":"SMITH"},{"data":"Blade Dance","floor":12,"key":"SMITH"},{"data":"Well Laid Plans","floor":15,"key":"SMITH"}],"neow_cost":"NONE","seed_source_timestamp":447565131712561,"circlet_count":0,"master_deck":["AscendersBane","Defend_G","Defend_G","Defend_G","Defend_G","Defend_G","Strike_G","Strike_G","Strike_G","Survivor","Neutralize+1","Choke","Backstab","Bandage Up","Endless Agony","Blade Dance+1","Expertise","Envenom+1","Well Laid Plans+1","Caltrops","Terror","Night Terror"],"special_seed":0,"relics":["Ring of the Snake","Question Card","Meat on the Bone","Lantern","Snecko Eye"],"potions_floor_usage":[8,13],"damage_taken":[{"damage":0.0,"enemies":"2 Louse","floor":1.0,"turns":3.0},{"damage":0.0,"enemies":"Cultist","floor":3.0,"turns":3.0},{"damage":0.0,"enemies":"Jaw Worm","floor":4.0,"turns":3.0},{"damage":53,"enemies":"Lagavulin","floor":7,"turns":9},{"damage":5,"enemies":"Blue Slaver","floor":8,"turns":6},{"damage":20,"enemies":"3 Sentries","floor":13,"turns":7},{"damage":0,"enemies":"Exordium Wildlife","floor":14,"turns":3},{"damage":26,"enemies":"Hexaghost","floor":16,"turns":8},{"damage":11,"enemies":"Chosen","floor":18,"turns":5}],"seed_played":"-5446293061257496236","potions_obtained":[{"floor":4.0,"key":"Regen Potion"},{"floor":7,"key":"SteroidPotion"},{"floor":14,"key":"Poison Potion"},{"floor":16,"key":"PowerPotion"}],"is_trial":false,"path_per_floor":["M","$","M","M","?","R","E","M","T","R","$","R","E","M","R","B",null,"M"],"character_chosen":"THE_SILENT","items_purchased":["Bandage Up","Caltrops"],"campfire_rested":0,"item_purchase_floors":[2,11],"current_hp_per_floor":[59,59,63,66,66,66,17,30,30,30,30,30,26,42,42,32,58,47],"gold":175,"neow_bonus":"TRANSFORM_CARD","is_prod":false,"is_daily":false,"chose_seed":false,"campfire_upgraded":4,"win_rate":0,"timestamp":1546866261,"path_taken":["M","$","M","M","?","R","E","M","T","R","?","R","E","M","R","BOSS","M"],"build_version":"2019-01-03v4","purchased_purges":0,"victory":false,"max_hp_per_floor":[66,66,66,66,66,66,66,66,66,66,66,66,66,66,66,66,66,66],"card_choices":[{"not_picked":["Backflip","Expertise"],"picked":"Backstab","floor":1.0},{"not_picked":["Quick Slash","Bane"],"picked":"Endless Agony","floor":3.0},{"not_picked":["Dagger Throw","Poisoned Stab"],"picked":"Blade Dance","floor":4.0},{"not_picked":["Underhanded Strike","PiercingWail"],"picked":"Envenom","floor":7},{"not_picked":["Sucker Punch","Dagger Spray","Footwork"],"picked":"Well Laid Plans","floor":8},{"not_picked":["Eviscerate","PiercingWail","Blade Dance"],"picked":"Terror","floor":13},{"not_picked":["Dash","Riddle With Holes","Bouncing Flask","Sucker Punch"],"picked":"SKIP","floor":14},{"not_picked":["Wraith Form v2","Storm of Steel","Glass Knife"],"picked":"Night Terror","floor":16}],"player_experience":2616927,"relics_obtained":[{"floor":7,"key":"Question Card"},{"floor":9,"key":"Meat on the Bone"},{"floor":13,"key":"Lantern"}],"event_choices":[{"damage_healed":0.0,"max_hp_gain":0.0,"max_hp_loss":0.0,"gold_gain":0.0,"cards_transformed":["Strike_G"],"event_name":"Transmorgrifier","player_choice":"Transformed","floor":5.0,"gold_loss":0.0,"damage_taken":0.0,"cards_obtained":["Expertise"]}],"is_beta":true,"boss_relics":[{"not_picked":["Eternal Feather","Runic Dome"],"picked":"Snecko Eye"}],"items_purged_floors":[],"is_endless":false,"potions_floor_spawned":[4,7,14,16],"killed_by":"Chosen","ascension_level":20}