{"gold_per_floor":[11,11,24,41,41,41,69,96,96,128,138,138,154,184,184,184],"floor_reached":16,"playtime":652,"items_purged":[],"score":210,"play_id":"00d6a74f-a0c4-488f-a9e5-b379a1532b11","local_time":"20190312203839","is_ascension_mode":true,"campfire_choices":[{"data":"Zap","floor":6,"key":"SMITH"},{"data":"Dualcast","floor":12,"key":"SMITH"},{"data":"Hologram","floor":15,"key":"SMITH"}],"neow_cost":"NO_GOLD","seed_source_timestamp":1108439638320219,"circlet_count":0,"master_deck":["AscendersBane","Strike_B+1","Strike_B","Defend_B+1","Defend_B","Defend_B","Defend_B","Zap+1","Dualcast+1","Glacier","Ball Lightning","Streamline","Core Surge","Hologram+1","Self Repair"],"relics":["Cracked Core","Vajra","Blood Vial","PreservedInsect","Bag of Preparation"],"potions_floor_usage":[10,16],"damage_taken":[{"damage":10,"enemies":"2 Louse","floor":1,"turns":3},{"damage":7,"enemies":"Jaw Worm","floor":3,"turns":3},{"damage":0,"enemies":"Cultist","floor":4,"turns":4},{"damage":10,"enemies":"3 Sentries","floor":7,"turns":8},{"damage":11,"enemies":"Gremlin Nob","floor":10,"turns":4},{"damage":0,"enemies":"Large Slime","floor":11,"turns":3},{"damage":4,"enemies":"2 Fungi Beasts","floor":13,"turns":2},{"damage":12,"enemies":"Lagavulin","floor":14,"turns":5},{"damage":19,"enemies":"Slime Boss","floor":16,"turns":7}],"seed_played":"5660831953669153683","potions_obtained":[{"floor":1,"key":"GamblersBrew"},{"floor":3,"key":"Energy Potion"},{"floor":4,"key":"Weak Potion"}],"is_trial":false,"path_per_floor":["M","?","M","M","?","R","E","T","T","E","M","R","M","E","R","B"],"character_chosen":"DEFECT","items_purchased":[],"campfire_rested":0,"item_purchase_floors":[],"current_hp_per_floor":[54,33,26,26,49,49,39,39,39,30,32,32,30,20,20,3],"gold":184,"neow_bonus":"REMOVE_TWO","is_prod":false,"is_daily":false,"chose_seed":false,"campfire_upgraded":3,"win_rate":0,"timestamp":1552390719,"path_taken":["M","?","M","M","?","R","E","?","T","E","M","R","M","E","R","BOSS"],"build_version":"2019-02-06","purchased_purges":0,"victory":false,"max_hp_per_floor":[71,71,71,71,71,71,71,71,71,71,71,71,71,71,71,71],"card_choices":[{"not_picked":["Consume","Conserve Battery"],"picked":"Glacier","floor":1},{"not_picked":["Rebound","Hologram"],"picked":"Ball Lightning","floor":3},{"not_picked":["Rebound","Stack"],"picked":"Streamline","floor":4},{"not_picked":["Storm","Beam Cell"],"picked":"Core Surge","floor":7},{"not_picked":["Doom and Gloom","Stack"],"picked":"Hologram","floor":10},{"not_picked":["Gash","Redo","Rip and Tear"],"picked":"SKIP","floor":11},{"not_picked":["Gash","Compile Driver","Turbo"],"picked":"SKIP","floor":13},{"not_picked":["Compile Driver","Core Surge"],"picked":"Self Repair","floor":14}],"player_experience":2672858,"relics_obtained":[{"floor":7,"key":"Vajra"},{"floor":8,"key":"Blood Vial"},{"floor":10,"key":"PreservedInsect"},{"floor":14,"key":"Bag of Preparation"}],"event_choices":[{"damage_healed":0,"gold_gain":0,"player_choice":"Entered Light","damage_taken":21,"max_hp_gain":0,"max_hp_loss":0,"event_name":"Shining Light","floor":2,"gold_loss":0,"cards_upgraded":["Defend_B","Strike_B"]},{"damage_healed":23,"gold_gain":0,"player_choice":"Banana","damage_taken":0,"max_hp_gain":0,"max_hp_loss":0,"event_name":"Big Fish","floor":5,"gold_loss":0}],"is_beta":true,"boss_relics":[],"items_purged_floors":[],"is_endless":false,"potions_floor_spawned":[1,3,4],"killed_by":"Slime Boss","ascension_level":15}