{"gold_per_floor":[109,123,123,198,198,198,101,128,128,128,128,53,67,77,77,77],"floor_reached":16,"playtime":543,"items_purged":["Parasite"],"score":157,"play_id":"3b033e7b-768e-4820-af5c-8d56755c619b","local_time":"20190501111948","is_ascension_mode":true,"campfire_choices":[{"floor":6,"key":"REST"},{"floor":11,"key":"REST"},{"data":"Infernal Blade","floor":15,"key":"SMITH"}],"neow_cost":"TEN_PERCENT_HP_LOSS","seed_source_timestamp":1705663768473527,"circlet_count":0,"master_deck":["AscendersBane","Strike_R","Strike_R","Strike_R","Strike_R","Strike_R","Defend_R","Defend_R","Defend_R","Defend_R","Bash","Havoc","Fire Breathing","Dark Shackles","True Grit","Warcry","Infernal Blade+1"],"relics":["Burning Blood","Charon\u0027s Ashes","Art of War","Ancient Tea Set","Blue Candle"],"potions_floor_usage":[],"damage_taken":[{"damage":8,"enemies":"Jaw Worm","floor":1,"turns":4},{"damage":7,"enemies":"Small Slimes","floor":2,"turns":3},{"damage":61,"enemies":"Gremlin Nob","floor":8,"turns":5},{"damage":2,"enemies":"2 Louse","floor":13,"turns":2},{"damage":1,"enemies":"2 Fungi Beasts","floor":14,"turns":3},{"damage":65,"enemies":"Hexaghost","floor":16,"turns":11}],"seed_played":"9087525171041156939","potions_obtained":[{"floor":8,"key":"EssenceOfSteel"},{"floor":13,"key":"FearPotion"}],"is_trial":false,"path_per_floor":["M","M","?","?","?","R","$","E","T","?","R","$","M","M","R","B"],"character_chosen":"IRONCLAD","items_purchased":["Dark Shackles"],"campfire_rested":2,"item_purchase_floors":[7],"current_hp_per_floor":[70,69,69,58,51,72,72,17,17,35,56,56,60,65,65,0],"gold":77,"neow_bonus":"ONE_RARE_RELIC","is_prod":false,"is_daily":false,"chose_seed":false,"campfire_upgraded":1,"win_rate":0,"timestamp":1556698788,"path_taken":["M","M","?","?","?","R","?","E","T","?","R","$","M","M","R","BOSS"],"build_version":"2019-01-23","purchased_purges":1,"victory":false,"max_hp_per_floor":[72,72,72,72,72,72,72,72,72,72,72,69,69,69,69,69],"card_choices":[{"not_picked":["Sword Boomerang","Body Slam"],"picked":"Havoc","floor":1},{"not_picked":["Pommel Strike","Blood for Blood"],"picked":"Fire Breathing","floor":2},{"not_picked":["Pommel Strike","Iron Wave"],"picked":"True Grit","floor":8},{"not_picked":["Searing Blow","Clash"],"picked":"Warcry","floor":13},{"not_picked":["Cleave","Heavy Blade"],"picked":"Infernal Blade","floor":14}],"player_experience":1285899,"relics_obtained":[{"floor":8,"key":"Ancient Tea Set"},{"floor":9,"key":"Blue Candle"}],"event_choices":[{"damage_healed":0,"gold_gain":0,"player_choice":"Ignored","damage_taken":0,"max_hp_gain":0,"max_hp_loss":0,"event_name":"Golden Idol","floor":3,"gold_loss":0},{"damage_healed":0,"gold_gain":75,"player_choice":"Gather Gold","damage_taken":11,"max_hp_gain":0,"max_hp_loss":0,"event_name":"World of Goop","floor":4,"gold_loss":0},{"damage_healed":0,"gold_gain":0,"player_choice":"Success","damage_taken":7,"relics_obtained":["Art of War"],"max_hp_gain":0,"max_hp_loss":0,"event_name":"Scrap Ooze","floor":5,"gold_loss":0},{"damage_healed":18,"gold_gain":0,"player_choice":"Healed and dodged fight","damage_taken":0,"max_hp_gain":0,"max_hp_loss":0,"event_name":"Mushrooms","floor":10,"gold_loss":0,"cards_obtained":["Parasite"]}],"is_beta":false,"boss_relics":[],"items_purged_floors":[12],"is_endless":false,"potions_floor_spawned":[8,13],"killed_by":"Hexaghost","ascension_level":12}