{"gold_per_floor":[109,109,17,29,43,43,78,3,3,3,19,47,47,79,79,150,150,164,164,1,1,19,19,54,54,54,70,70,170,60,76,76,151,151,169,32,50,50,50,50,50,50,50,65,65,98,198,212,212,212,212,212,212,11,11],"floor_reached":55,"playtime":2455,"items_purged":["Strike_B","Strike_B"],"score":1808,"play_id":"09252245-c49e-430a-a6d2-9e5aa4c599a8","local_time":"20190602013147","is_ascension_mode":true,"campfire_choices":[{"data":"Doom and Gloom","floor":6.0,"key":"SMITH"},{"floor":13.0,"key":"REST"},{"data":"Redo","floor":15.0,"key":"SMITH"},{"data":"Turbo","floor":23.0,"key":"SMITH"},{"data":"Dualcast","floor":25.0,"key":"SMITH"},{"floor":28.0,"key":"REST"},{"floor":32.0,"key":"REST"},{"data":"Capacitor","floor":40.0,"key":"SMITH"},{"floor":42.0,"key":"REST"},{"data":"Apotheosis","floor":45.0,"key":"SMITH"},{"floor":49.0,"key":"RECALL"},{"data":"Fission","floor":53.0,"key":"SMITH"}],"neow_cost":"TEN_PERCENT_HP_LOSS","seed_source_timestamp":530196842358100,"circlet_count":0,"master_deck":["AscendersBane","Defend_B","Defend_B","Zap+1","Dualcast+1","Biased Cognition","Conserve Battery","Doom and Gloom+1","Streamline+1","Coolheaded","Rebound+1","Coolheaded","Reinforced Body","FTL","Redo+1","Electrodynamics","Cold Snap","Stack","Meteor Strike","Turbo+1","Sweeping Beam+1","Leap+1","Fission+1","Core Surge","Capacitor+1","Madness","Madness","Dark Shackles","Apotheosis+1","Lockon+1","Machine Learning","Deep Breath","Force Field"],"special_seed":0,"relics":["Cracked Core","Gambling Chip","Whetstone","Bottled Flame","Runic Pyramid","Sundial","Mercury Hourglass","Du-Vu Doll","Kunai","Eternal Feather","Dodecahedron","Meat on the Bone"],"potions_floor_usage":[55],"damage_taken":[{"damage":4.0,"enemies":"Jaw Worm","floor":1.0,"turns":5.0},{"damage":1.0,"enemies":"Cultist","floor":4.0,"turns":3.0},{"damage":1.0,"enemies":"2 Louse","floor":5.0,"turns":2.0},{"damage":19.0,"enemies":"3 Sentries","floor":7.0,"turns":4.0},{"damage":7.0,"enemies":"Exordium Wildlife","floor":11.0,"turns":2.0},{"damage":11.0,"enemies":"Gremlin Nob","floor":12.0,"turns":3.0},{"damage":11.0,"enemies":"3 Sentries","floor":14.0,"turns":6.0},{"damage":26.0,"enemies":"Hexaghost","floor":16.0,"turns":8.0},{"damage":18.0,"enemies":"2 Thieves","floor":18.0,"turns":3.0},{"damage":0.0,"enemies":"Shell Parasite","floor":22.0,"turns":4.0},{"damage":12.0,"enemies":"Gremlin Leader","floor":24.0,"turns":6.0},{"damage":0.0,"enemies":"3 Cultists","floor":27.0,"turns":3.0},{"damage":3.0,"enemies":"Colosseum Slavers","floor":29.0,"turns":3.0},{"damage":13.0,"enemies":"Colosseum Nobs","floor":29.0,"turns":4.0},{"damage":9.0,"enemies":"Centurion and Healer","floor":31.0,"turns":4.0},{"damage":22.0,"enemies":"Champ","floor":33.0,"turns":11.0},{"damage":30.0,"enemies":"3 Darklings","floor":35.0,"turns":3.0},{"damage":4.0,"enemies":"Orb Walker","floor":37.0,"turns":3.0},{"damage":0.0,"enemies":"Jaw Worm Horde","floor":44.0,"turns":2.0},{"damage":0.0,"enemies":"Reptomancer","floor":46.0,"turns":6.0},{"damage":0.0,"enemies":"Mind Bloom Boss Battle","floor":47.0,"turns":6.0},{"damage":0.0,"enemies":"Sphere and 2 Shapes","floor":48.0,"turns":4.0},{"damage":33.0,"enemies":"Awakened One","floor":50.0,"turns":16.0},{"damage":30.0,"enemies":"Time Eater","floor":51.0,"turns":16.0},{"damage":75,"enemies":"Shield and Spear","floor":55,"turns":3}],"seed_played":"-6020586171397115452","potions_obtained":[{"floor":1.0,"key":"Strength Potion"},{"floor":5.0,"key":"Fire Potion"},{"floor":11.0,"key":"SkillPotion"},{"floor":14.0,"key":"Swift Potion"},{"floor":21.0,"key":"FairyPotion"},{"floor":27.0,"key":"Fire Potion"},{"floor":31.0,"key":"Fire Potion"},{"floor":33.0,"key":"SteroidPotion"},{"floor":37.0,"key":"Swift Potion"},{"floor":47.0,"key":"Fire Potion"}],"is_trial":false,"path_per_floor":["M","?","$","M","M","R","E","?","T","$","M","E","R","E","R","B",null,"M","?","$","?","M","R","E","R","T","M","R","?","?","M","R","B",null,"M","$","M","?","?","R","?","R","T","M","R","E","?","M","R","B","B",null,"R","$","E"],"character_chosen":"DEFECT","items_purchased":["Doom and Gloom","Streamline","Turbo","Sweeping Beam","Capacitor","Deep Breath","Force Field","Swift Potion"],"campfire_rested":4,"item_purchase_floors":[3,3,20,20,36,54,54,54],"current_hp_per_floor":[60,60,60,59,58,58,39,39,39,39,32,21,40,29,29,3,49,31,31,31,31,31,31,19,19,19,19,38,22,22,13,32,10,51,21,21,17,17,5,20,10,44,44,44,59,59,59,59,64,43,25,54,64,64,0],"gold":11,"neow_bonus":"THREE_RARE_CARDS","is_prod":false,"is_daily":false,"chose_seed":false,"campfire_upgraded":7,"win_rate":0,"timestamp":1559406707,"path_taken":["M","?","?","M","M","R","E","?","T","$","?","E","R","E","R","BOSS","M","?","$","?","?","R","E","R","T","M","R","?","?","M","R","BOSS","M","$","?","?","?","R","?","R","T","M","R","E","?","M","R","BOSS","BOSS","R","$","E"],"build_version":"2019-01-23","purchased_purges":2,"victory":false,"max_hp_per_floor":[64,64,64,64,64,64,64,64,64,64,64,64,64,64,64,64,64,64,64,64,64,64,64,64,64,64,64,64,64,64,64,64,64,64,64,64,64,64,64,64,64,64,64,64,64,64,64,64,64,64,64,64,64,64,64],"card_choices":[{"not_picked":["Fission","Seek"],"picked":"Biased Cognition","floor":0.0},{"not_picked":["Skim","Auto Shields"],"picked":"Conserve Battery","floor":1.0},{"not_picked":["Aggregate","Steam"],"picked":"Coolheaded","floor":4.0},{"not_picked":["Hologram","Redo"],"picked":"Rebound","floor":5.0},{"not_picked":["Steam Power","Aggregate"],"picked":"Coolheaded","floor":7.0},{"not_picked":["Steam","Stack"],"picked":"Reinforced Body","floor":11.0},{"not_picked":["Blizzard","Redo"],"picked":"FTL","floor":12.0},{"not_picked":["Lockon","Streamline"],"picked":"Redo","floor":14.0},{"not_picked":["Creative AI","Meteor Strike"],"picked":"Electrodynamics","floor":16.0},{"not_picked":["Leap","Loop"],"picked":"Cold Snap","floor":18.0},{"not_picked":["Skim","Beam Cell"],"picked":"Leap+1","floor":22.0},{"not_picked":["Compile Driver","Doom and Gloom","Heatsinks"],"picked":"SKIP","floor":24.0},{"not_picked":["Conserve Battery","Redo","Streamline"],"picked":"SKIP","floor":27.0},{"not_picked":["Steam","Hologram"],"picked":"Fission","floor":31.0},{"not_picked":["Rainbow","Biased Cognition"],"picked":"Core Surge","floor":33.0},{"not_picked":["Darkness","Streamline+1","Barrage"],"picked":"SKIP","floor":35.0},{"not_picked":["Streamline","Melter","Barrage"],"picked":"SKIP","floor":37.0},{"not_picked":["Thinking Ahead","Bandage Up"],"picked":"Dark Shackles","floor":41.0},{"not_picked":["Good Instincts","Transmutation"],"picked":"Apotheosis","floor":41.0},{"not_picked":["Turbo","Darkness+1","Sweeping Beam"],"picked":"SKIP","floor":44.0},{"not_picked":["Genetic Algorithm+1","Redo"],"picked":"Lockon+1","floor":46.0},{"not_picked":["Tempest","Auto Shields"],"picked":"Machine Learning","floor":48.0}],"player_experience":5241367,"relics_obtained":[{"floor":7.0,"key":"Gambling Chip"},{"floor":12.0,"key":"Whetstone"},{"floor":14.0,"key":"Bottled Flame"},{"floor":24.0,"key":"Sundial"},{"floor":26.0,"key":"Mercury Hourglass"},{"floor":29.0,"key":"Du-Vu Doll"},{"floor":29.0,"key":"Kunai"},{"floor":43.0,"key":"Dodecahedron"},{"floor":46.0,"key":"Meat on the Bone"}],"event_choices":[{"damage_healed":0.0,"max_hp_gain":0.0,"max_hp_loss":0.0,"gold_gain":0.0,"event_name":"Upgrade Shrine","player_choice":"Upgraded","floor":2.0,"gold_loss":0.0,"damage_taken":0.0,"cards_upgraded":["Zap"]},{"cards_removed":["Strike_B"],"damage_healed":0.0,"max_hp_gain":0.0,"max_hp_loss":0.0,"gold_gain":0.0,"event_name":"The Cleric","player_choice":"Card Removal","floor":8.0,"gold_loss":75.0,"damage_taken":0.0},{"damage_healed":0.0,"max_hp_gain":0.0,"max_hp_loss":0.0,"gold_gain":0.0,"cards_transformed":["Defend_B","Defend_B"],"event_name":"Drug Dealer","player_choice":"Became Test Subject","floor":19.0,"gold_loss":0.0,"damage_taken":0.0,"cards_obtained":["Stack","Meteor Strike"]},{"damage_healed":0.0,"max_hp_gain":0.0,"max_hp_loss":0.0,"gold_gain":0.0,"event_name":"Lab","player_choice":"Got Potions","floor":21.0,"gold_loss":0.0,"damage_taken":0.0},{"damage_healed":0.0,"max_hp_gain":0.0,"max_hp_loss":0.0,"gold_gain":0.0,"event_name":"Colosseum","player_choice":"Fight","floor":29.0,"gold_loss":0.0,"damage_taken":0.0},{"damage_healed":0.0,"max_hp_gain":0.0,"max_hp_loss":0.0,"gold_gain":0.0,"event_name":"Colosseum","player_choice":"Fought Nobs","floor":29.0,"gold_loss":0.0,"damage_taken":0.0},{"cards_removed":["Strike_B"],"damage_healed":0.0,"max_hp_gain":0.0,"max_hp_loss":0.0,"gold_gain":0.0,"event_name":"Designer","player_choice":"Upgrade and Remove","floor":30.0,"gold_loss":110.0,"damage_taken":0.0,"cards_upgraded":["Sweeping Beam"]},{"damage_healed":0.0,"max_hp_gain":0.0,"max_hp_loss":0.0,"gold_gain":0.0,"event_name":"Mysterious Sphere","player_choice":"Ignored","floor":38.0,"gold_loss":0.0,"damage_taken":0.0},{"damage_healed":0.0,"max_hp_gain":0.0,"max_hp_loss":0.0,"gold_gain":0.0,"event_name":"Winding Halls","player_choice":"Embrace Madness","floor":39.0,"gold_loss":0.0,"damage_taken":12.0,"cards_obtained":["Madness","Madness"]},{"damage_healed":0.0,"max_hp_gain":0.0,"max_hp_loss":0.0,"gold_gain":0.0,"event_name":"SensoryStone","player_choice":"Memory 3","floor":41.0,"gold_loss":0.0,"damage_taken":10.0},{"damage_healed":0.0,"max_hp_gain":0.0,"max_hp_loss":0.0,"gold_gain":0.0,"event_name":"MindBloom","player_choice":"Fight","floor":47.0,"gold_loss":0.0,"damage_taken":0.0}],"is_beta":false,"boss_relics":[{"not_picked":["White Beast Statue","FrozenCore"],"picked":"Runic Pyramid"},{"not_picked":["Calling Bell","Pandora\u0027s Box"],"picked":"Eternal Feather"}],"items_purged_floors":[20,36],"is_endless":false,"potions_floor_spawned":[1,5,11,14,24,27,31,33,37,44,47],"killed_by":"Shield and Spear","ascension_level":20}