{"gold_per_floor":[113,131,62,62,82,82,107,107,131,131,142,142,67,78,78,175,175,187,137,137,18,35,35,62,90,90,90,107,32,32,59,59,162,162,174,187,240,258,30,30,63,63,63,63,63,13,47,47,47,47,47,47,0,34,34],"floor_reached":55,"playtime":3518,"items_purged":["Strike_G"],"score":1171,"play_id":"5bf4a5ff-1a1e-45ec-9d28-77bb634eead7","local_time":"20190512112738","is_ascension_mode":true,"campfire_choices":[{"data":"Neutralize","floor":6,"key":"SMITH"},{"floor":10,"key":"REST"},{"data":"Crippling Poison","floor":12,"key":"SMITH"},{"data":"Bane","floor":15,"key":"SMITH"},{"data":"Footwork","floor":23,"key":"SMITH"},{"floor":30,"key":"REST"},{"floor":32,"key":"REST"},{"floor":40,"key":"REST"},{"data":"Strike_G","floor":42,"key":"PURGE"},{"floor":44,"key":"REST"},{"floor":49,"key":"RECALL"},{"floor":52,"key":"REST"}],"neow_cost":"NONE","seed_source_timestamp":1349386173630805,"circlet_count":0,"master_deck":["AscendersBane","Defend_G","Defend_G+1","Defend_G","Defend_G","Defend_G+1","Strike_G","Survivor","Neutralize+1","Poisoned Stab","Flying Knee","Well Laid Plans","PiercingWail","Crippling Poison+1","Bane+1","Die Die Die","Footwork+1","Noxious Fumes","Corpse Explosion","Bullet Time","Dodge and Roll","Concentrate+1","Footwork","Deadly Poison+1","PiercingWail"],"relics":["Ring of the Snake","Orichalcum","Omamori","Runic Pyramid","PreservedInsect","Red Mask","Mummified Hand","Potion Belt","Fusion Hammer","Peace Pipe","Anchor","Centennial Puzzle","Calipers","Mercury Hourglass"],"potions_floor_usage":[0,8,16,18,24,24,24,33,37,47,55],"damage_taken":[{"damage":2,"enemies":"Cultist","floor":1,"turns":5},{"damage":0,"enemies":"Jaw Worm","floor":2,"turns":4},{"damage":0,"enemies":"Small Slimes","floor":5,"turns":3},{"damage":38,"enemies":"Gremlin Nob","floor":7,"turns":6},{"damage":2,"enemies":"Red Slaver","floor":11,"turns":4},{"damage":4,"enemies":"Blue Slaver","floor":14,"turns":4},{"damage":6,"enemies":"Hexaghost","floor":16,"turns":10},{"damage":4,"enemies":"Spheric Guardian","floor":18,"turns":6},{"damage":8,"enemies":"Shell Parasite","floor":22,"turns":6},{"damage":23,"enemies":"Slavers","floor":24,"turns":7},{"damage":6,"enemies":"Masked Bandits","floor":25,"turns":4},{"damage":1,"enemies":"Centurion and Healer","floor":28,"turns":6},{"damage":9,"enemies":"Gremlin Leader","floor":31,"turns":6},{"damage":18,"enemies":"Automaton","floor":33,"turns":11},{"damage":12,"enemies":"Orb Walker","floor":35,"turns":4},{"damage":3,"enemies":"3 Darklings","floor":36,"turns":3},{"damage":44,"enemies":"2 Orb Walkers","floor":37,"turns":5},{"damage":0,"enemies":"Maw","floor":38,"turns":10},{"damage":1,"enemies":"Reptomancer","floor":41,"turns":9},{"damage":59,"enemies":"Nemesis","floor":47,"turns":9},{"damage":69,"enemies":"Donu and Deca","floor":50,"turns":9},{"damage":63,"enemies":"Shield and Spear","floor":54,"turns":6},{"damage":27,"enemies":"The Heart","floor":55,"turns":2}],"seed_played":"-1127671694499444145","potions_obtained":[{"floor":0,"key":"Ancient Potion"},{"floor":0,"key":"Fruit Juice"},{"floor":0,"key":"AttackPotion"},{"floor":2,"key":"Poison Potion"},{"floor":8,"key":"Fruit Juice"},{"floor":8,"key":"Block Potion"},{"floor":18,"key":"EntropicBrew"},{"floor":22,"key":"Weak Potion"},{"floor":24,"key":"SteroidPotion"},{"floor":36,"key":"SpeedPotion"},{"floor":37,"key":"Fire Potion"}],"is_trial":false,"path_per_floor":["M","M","$","?","M","R","E","?","T","R","M","R","$","M","R","B",null,"M","?","$","$","M","R","E","?","T","?","M","?","R","E","R","B",null,"M","M","?","M","$","R","E","R","T","R","?","$","E","?","R","B",null,"R","$","E","B"],"character_chosen":"THE_SILENT","items_purchased":["Well Laid Plans","Footwork","Deflect","Anchor","Footwork","Energy Potion","PiercingWail"],"campfire_rested":6,"item_purchase_floors":[3,21,21,39,39,46,53],"current_hp_per_floor":[66,66,66,51,51,51,13,18,18,42,40,40,40,36,36,30,68,64,64,64,64,56,56,33,27,27,27,26,26,50,41,65,47,72,60,57,13,13,13,37,36,36,36,60,60,60,1,70,70,1,53,70,70,7,0],"gold":34,"neow_bonus":"THREE_SMALL_POTIONS","is_prod":false,"is_daily":false,"chose_seed":false,"campfire_upgraded":4,"win_rate":0,"timestamp":1557653258,"path_taken":["M","M","?","?","?","R","E","?","T","R","M","R","$","?","R","BOSS","M","?","?","$","M","R","E","?","T","?","?","?","R","E","R","BOSS","M","M","?","M","$","R","E","R","T","R","?","$","E","?","R","BOSS","R","$","E","BOSS"],"build_version":"2019-01-23","purchased_purges":1,"victory":false,"max_hp_per_floor":[75,75,75,75,75,75,75,80,80,80,80,80,80,80,80,80,80,80,80,80,80,80,80,80,80,80,80,80,80,80,80,80,80,80,80,80,80,80,80,80,80,80,80,80,80,80,80,70,70,70,70,70,70,70,70],"card_choices":[{"not_picked":["Bane","Backstab"],"picked":"Poisoned Stab","floor":1},{"not_picked":["Setup","Slice"],"picked":"Flying Knee","floor":2},{"not_picked":["Backstab","Glass Knife"],"picked":"PiercingWail","floor":5},{"not_picked":["Blade Dance","Flechettes","Doppelganger"],"picked":"SKIP","floor":7},{"not_picked":["Calculated Gamble","Dagger Spray"],"picked":"Crippling Poison","floor":11},{"not_picked":["Underhanded Strike","Eviscerate"],"picked":"Bane","floor":14},{"not_picked":["Wraith Form v2","Adrenaline"],"picked":"Die Die Die","floor":16},{"not_picked":["Dagger Spray","Slice","Quick Slash"],"picked":"SKIP","floor":18},{"not_picked":["Flying Knee","Blade Dance","Quick Slash"],"picked":"SKIP","floor":22},{"not_picked":["Dodge and Roll","Predator+1"],"picked":"Noxious Fumes","floor":24},{"not_picked":["Noxious Fumes","Predator","Acrobatics"],"picked":"SKIP","floor":28},{"not_picked":["Endless Agony","Outmaneuver+1"],"picked":"Corpse Explosion","floor":31},{"not_picked":["After Image","Doppelganger"],"picked":"Bullet Time","floor":33},{"not_picked":["Dagger Throw","Accuracy"],"picked":"Dodge and Roll","floor":35},{"not_picked":["Slice","Noxious Fumes","Masterful Stab+1"],"picked":"SKIP","floor":36},{"not_picked":["Dagger Throw","All Out Attack+1"],"picked":"Concentrate+1","floor":37},{"not_picked":["Sucker Punch+1","Quick Slash+1","Predator"],"picked":"SKIP","floor":38},{"not_picked":["Cloak And Dagger","Dodge and Roll","Underhanded Strike"],"picked":"SKIP","floor":41},{"not_picked":["Escape Plan+1","Blade Dance+1"],"picked":"Deadly Poison+1","floor":47},{"not_picked":["Sucker Punch","Infinite Blades+1","Storm of Steel"],"picked":"SKIP","floor":54}],"player_experience":567026,"relics_obtained":[{"floor":7,"key":"Orichalcum"},{"floor":9,"key":"Omamori"},{"floor":24,"key":"PreservedInsect"},{"floor":25,"key":"Red Mask"},{"floor":26,"key":"Mummified Hand"},{"floor":31,"key":"Potion Belt"},{"floor":37,"key":"Peace Pipe"},{"floor":41,"key":"Centennial Puzzle"},{"floor":47,"key":"Calipers"},{"floor":54,"key":"Mercury Hourglass"}],"event_choices":[{"damage_healed":0,"gold_gain":0,"player_choice":"Entered Light","damage_taken":15,"max_hp_gain":0,"max_hp_loss":0,"event_name":"Shining Light","floor":4,"gold_loss":0,"cards_upgraded":["Defend_G","Defend_G"]},{"damage_healed":0,"gold_gain":0,"player_choice":"Got Potions","damage_taken":0,"max_hp_gain":0,"max_hp_loss":0,"event_name":"Lab","floor":8,"gold_loss":0},{"damage_healed":0,"gold_gain":0,"player_choice":"Bet on Owner","damage_taken":0,"max_hp_gain":0,"max_hp_loss":0,"event_name":"The Joust","floor":19,"gold_loss":50},{"damage_healed":0,"gold_gain":0,"player_choice":"Fought Bandits","damage_taken":0,"max_hp_gain":0,"max_hp_loss":0,"event_name":"Masked Bandits","floor":25,"gold_loss":0},{"cards_removed":["Strike_G"],"damage_healed":0,"gold_gain":0,"player_choice":"Elegance","damage_taken":0,"max_hp_gain":0,"max_hp_loss":0,"event_name":"Back to Basics","floor":27,"gold_loss":0},{"cards_removed":["Strike_G"],"damage_healed":0,"gold_gain":0,"player_choice":"Gave Gold","damage_taken":0,"max_hp_gain":0,"max_hp_loss":0,"event_name":"Beggar","floor":29,"gold_loss":75},{"damage_healed":0,"gold_gain":0,"player_choice":"Fight","damage_taken":0,"max_hp_gain":0,"max_hp_loss":0,"event_name":"Mysterious Sphere","floor":37,"gold_loss":0},{"cards_removed":["Deflect"],"damage_healed":0,"gold_gain":0,"player_choice":"Removed Skill","damage_taken":0,"max_hp_gain":0,"max_hp_loss":0,"event_name":"Falling","floor":45,"gold_loss":0},{"damage_healed":70,"gold_gain":0,"player_choice":"Heal","damage_taken":0,"max_hp_gain":0,"max_hp_loss":10,"event_name":"The Moai Head","floor":48,"gold_loss":0}],"is_beta":false,"boss_relics":[{"not_picked":["Philosopher\u0027s Stone","Pandora\u0027s Box"],"picked":"Runic Pyramid"},{"not_picked":["White Beast Statue","Orrery"],"picked":"Fusion Hammer"}],"items_purged_floors":[13],"is_endless":false,"potions_floor_spawned":[1,2,11,18,22,24,25,36,37],"killed_by":"The Heart","ascension_level":12}