{"gold_per_floor":[218,218,228,247,172,202,202,216,216,246,265,278,278,278,278,350,350,369,369,381,8,21,21,49,49,72,86,86,102,102,113,113,187,187,199,299,299,312,237,237,272,272,319,345,345,358,408,195,195,195,195,195,34,65,65],"floor_reached":55,"playtime":5048,"items_purged":["Pain","Defend_B"],"score":1304,"play_id":"03c8aa53-a3eb-4f1f-bfeb-97f360c20cd6","local_time":"20190409153859","is_ascension_mode":true,"campfire_choices":[{"floor":7.0,"key":"REST"},{"data":"Sunder","floor":13.0,"key":"SMITH"},{"data":"Reinforced Body","floor":15.0,"key":"SMITH"},{"floor":23.0,"key":"REST"},{"floor":28.0,"key":"REST"},{"floor":30.0,"key":"REST"},{"floor":32.0,"key":"REST"},{"floor":40.0,"key":"REST"},{"data":"Seek","floor":42.0,"key":"SMITH"},{"floor":45.0,"key":"REST"},{"floor":49.0,"key":"RECALL"},{"data":"Fusion","floor":52.0,"key":"SMITH"}],"neow_cost":"NONE","seed_source_timestamp":3504933097230028,"circlet_count":0,"master_deck":["AscendersBane","Defend_B","Zap","Dualcast","Conserve Battery","Ball Lightning","Ball Lightning","Reinforced Body+1","Ball Lightning","Gash","Sunder+1","Conserve Battery","Creative AI","BootSequence","Echo Form","Compile Driver","Cold Snap","Loop","Hologram","Echo Form","Leap","Cold Snap+1","Fusion+1","Seek+1","Reinforced Body","Rebound+1","Coolheaded","Aggregate","Stack+1","Meteor Strike","Defragment"],"special_seed":0,"relics":["Cracked Core","WarpedTongs","Dodecahedron","Cables","Boot","Nuclear Battery","Gremlin Horn","Vajra","Lantern","Lizard Tail","Nunchaku","Symbiotic Virus","Bottled Flame","DataDisk"],"potions_floor_usage":[54,54,55,55],"damage_taken":[{"damage":4.0,"enemies":"Small Slimes","floor":1.0,"turns":3.0},{"damage":2.0,"enemies":"Cultist","floor":3.0,"turns":4.0},{"damage":5.0,"enemies":"Jaw Worm","floor":4.0,"turns":2.0},{"damage":13.0,"enemies":"3 Sentries","floor":6.0,"turns":6.0},{"damage":0.0,"enemies":"Large Slime","floor":8.0,"turns":4.0},{"damage":10.0,"enemies":"Lagavulin","floor":10.0,"turns":4.0},{"damage":0.0,"enemies":"Lots of Slimes","floor":11.0,"turns":1.0},{"damage":1.0,"enemies":"Looter","floor":12.0,"turns":3.0},{"damage":23.0,"enemies":"The Guardian","floor":16.0,"turns":10.0},{"damage":0.0,"enemies":"Spheric Guardian","floor":18.0,"turns":3.0},{"damage":1.0,"enemies":"2 Thieves","floor":20.0,"turns":4.0},{"damage":12.0,"enemies":"Centurion and Healer","floor":22.0,"turns":5.0},{"damage":36.0,"enemies":"Book of Stabbing","floor":24.0,"turns":8.0},{"damage":1.0,"enemies":"Cultist and Chosen","floor":27.0,"turns":5.0},{"damage":4.0,"enemies":"Snake Plant","floor":29.0,"turns":3.0},{"damage":31.0,"enemies":"Centurion and Healer","floor":31.0,"turns":6.0},{"damage":26.0,"enemies":"Automaton","floor":33.0,"turns":7.0},{"damage":4.0,"enemies":"3 Darklings","floor":35.0,"turns":6.0},{"damage":6.0,"enemies":"Mind Bloom Boss Battle","floor":36.0,"turns":8.0},{"damage":14.0,"enemies":"Orb Walker","floor":38.0,"turns":5.0},{"damage":2.0,"enemies":"Giant Head","floor":41.0,"turns":11.0},{"damage":35.0,"enemies":"Reptomancer","floor":44.0,"turns":9.0},{"damage":2.0,"enemies":"Transient","floor":46.0,"turns":6.0},{"damage":2.0,"enemies":"Donu and Deca","floor":50.0,"turns":13.0},{"damage":86,"enemies":"Shield and Spear","floor":54,"turns":10},{"damage":68,"enemies":"The Heart","floor":55,"turns":3}],"seed_played":"-394483270222248255","potions_obtained":[{"floor":1.0,"key":"Block Potion"},{"floor":6.0,"key":"SkillPotion"},{"floor":8.0,"key":"Explosive Potion"},{"floor":12.0,"key":"GamblersBrew"},{"floor":16.0,"key":"FairyPotion"},{"floor":22.0,"key":"SteroidPotion"},{"floor":24.0,"key":"EssenceOfSteel"},{"floor":31.0,"key":"Ancient Potion"},{"floor":35.0,"key":"Strength Potion"},{"floor":46.0,"key":"AttackPotion"}],"is_trial":false,"path_per_floor":["M","?","M","M","$","E","R","M","T","E","M","M","R","?","R","B",null,"M","?","M","$","M","R","E","?","T","M","R","M","R","M","R","B",null,"M","?","?","M","?","R","E","R","T","E","R","M","?","$","R","B",null,"R","$","E","B"],"character_chosen":"DEFECT","items_purchased":["Gremlin Horn","Loop","EntropicBrew","Meteor Strike","Defragment"],"campfire_rested":7,"item_purchase_floors":[21,21,48,53,53],"current_hp_per_floor":[60,60,58,53,53,40,61,61,61,51,51,50,50,43,43,20,58,58,58,57,57,45,66,30,30,30,29,50,46,67,36,57,31,61,57,51,51,37,37,58,56,56,56,21,42,40,33,33,33,31,61,61,61,11,0],"gold":65,"neow_bonus":"HUNDRED_GOLD","is_prod":false,"is_daily":false,"chose_seed":false,"campfire_upgraded":4,"win_rate":0,"timestamp":1554791939,"path_taken":["M","?","?","M","$","E","R","M","T","E","M","M","R","?","R","BOSS","M","?","M","$","M","R","E","?","T","M","R","M","R","?","R","BOSS","M","?","?","M","?","R","E","R","T","E","R","?","?","$","R","BOSS","R","$","E","BOSS"],"build_version":"2019-04-04","purchased_purges":2,"victory":false,"max_hp_per_floor":[71,71,71,71,71,71,71,71,71,71,71,71,71,71,71,71,71,71,71,71,71,71,71,71,71,71,71,71,71,71,71,71,71,71,71,71,71,71,71,71,71,71,71,71,71,71,71,71,71,71,71,71,71,71,71],"card_choices":[{"not_picked":["Leap","Reprogram"],"picked":"Conserve Battery","floor":1.0},{"not_picked":["Rebound","Beam Cell"],"picked":"Ball Lightning","floor":3.0},{"not_picked":["Amplify","Turbo"],"picked":"Ball Lightning","floor":4.0},{"not_picked":["Streamline","Auto Shields"],"picked":"Reinforced Body","floor":6.0},{"not_picked":["Streamline","Redo"],"picked":"Ball Lightning","floor":8.0},{"not_picked":["Compile Driver","Stack"],"picked":"Gash","floor":10.0},{"not_picked":["Steam Power","Turbo"],"picked":"Sunder","floor":11.0},{"not_picked":["Reinforced Body","Coolheaded"],"picked":"Conserve Battery","floor":12.0},{"not_picked":["Core Surge","Fission"],"picked":"Creative AI","floor":16.0},{"not_picked":["Fusion","Conserve Battery"],"picked":"BootSequence","floor":18.0},{"not_picked":["Beam Cell","Stack"],"picked":"Cold Snap","floor":20.0},{"not_picked":["Genetic Algorithm","Barrage"],"picked":"Hologram","floor":22.0},{"not_picked":["Hologram+1","Rebound"],"picked":"Echo Form","floor":24.0},{"not_picked":["Genetic Algorithm","Gash"],"picked":"Cold Snap+1","floor":27.0},{"not_picked":["Conserve Battery","Streamline+1"],"picked":"Fusion","floor":29.0},{"not_picked":["Coolheaded","Lockon+1","Stack"],"picked":"SKIP","floor":31.0},{"not_picked":["Machine Learning","Multi-Cast"],"picked":"Seek","floor":33.0},{"not_picked":["Steam","Barrage","Cold Snap"],"picked":"SKIP","floor":35.0},{"not_picked":["Recycle","Gash"],"picked":"Reinforced Body","floor":36.0},{"not_picked":["Gash","Multi-Cast"],"picked":"Rebound+1","floor":38.0},{"not_picked":["FTL+1","Conserve Battery","Ball Lightning+1"],"picked":"SKIP","floor":41.0},{"not_picked":["Steam","Static Discharge"],"picked":"Stack+1","floor":44.0},{"not_picked":["Go for the Eyes","Cold Snap","Beam Cell"],"picked":"SKIP","floor":46.0},{"not_picked":["Fusion","Turbo","Coolheaded"],"picked":"SKIP","floor":54}],"player_experience":2871228,"relics_obtained":[{"floor":6.0,"key":"Dodecahedron"},{"floor":9.0,"key":"Cables"},{"floor":10.0,"key":"Boot"},{"floor":24.0,"key":"Vajra"},{"floor":26.0,"key":"Lantern"},{"floor":36.0,"key":"Nunchaku"},{"floor":41.0,"key":"Symbiotic Virus"},{"floor":44.0,"key":"Bottled Flame"},{"floor":54,"key":"DataDisk"}],"event_choices":[{"damage_healed":0.0,"max_hp_gain":0.0,"max_hp_loss":0.0,"gold_gain":0.0,"event_name":"Accursed Blacksmith","player_choice":"Rummage","floor":2.0,"gold_loss":0.0,"damage_taken":0.0,"relics_obtained":["WarpedTongs"],"cards_obtained":["Pain"]},{"cards_removed":["Strike_B"],"damage_healed":0.0,"max_hp_gain":0.0,"max_hp_loss":0.0,"gold_gain":0.0,"event_name":"Golden Wing","player_choice":"Card Removal","floor":14.0,"gold_loss":0.0,"damage_taken":7.0},{"damage_healed":0.0,"max_hp_gain":0.0,"max_hp_loss":0.0,"gold_gain":0.0,"cards_transformed":["Strike_B","Strike_B"],"event_name":"Drug Dealer","player_choice":"Became Test Subject","floor":19.0,"gold_loss":0.0,"damage_taken":0.0,"cards_obtained":["Echo Form","Compile Driver"]},{"damage_healed":0.0,"max_hp_gain":0.0,"max_hp_loss":0.0,"gold_gain":0.0,"cards_transformed":["Strike_B"],"event_name":"Transmorgrifier","player_choice":"Transformed","floor":25.0,"gold_loss":0.0,"damage_taken":0.0,"cards_obtained":["Leap"]},{"damage_healed":0.0,"max_hp_gain":0.0,"max_hp_loss":0.0,"gold_gain":0.0,"event_name":"MindBloom","player_choice":"Fight","floor":36.0,"gold_loss":0.0,"damage_taken":0.0},{"damage_healed":0.0,"max_hp_gain":0.0,"max_hp_loss":0.0,"gold_gain":0.0,"event_name":"Mysterious Sphere","player_choice":"Ignored","floor":37.0,"gold_loss":0.0,"damage_taken":0.0},{"damage_healed":0.0,"max_hp_gain":0.0,"max_hp_loss":0.0,"gold_gain":0.0,"cards_transformed":["Defend_B","Defend_B"],"event_name":"Designer","player_choice":"Transformed Cards","floor":39.0,"gold_loss":75.0,"damage_taken":0.0,"cards_obtained":["Coolheaded","Aggregate"]},{"damage_healed":0.0,"max_hp_gain":0.0,"max_hp_loss":0.0,"gold_gain":50.0,"event_name":"FaceTrader","player_choice":"Touch","floor":47.0,"gold_loss":0.0,"damage_taken":7.0}],"is_beta":true,"boss_relics":[{"not_picked":["FrozenCore","Pandora\u0027s Box"],"picked":"Nuclear Battery"},{"not_picked":["Runic Dome","White Beast Statue"],"picked":"Lizard Tail"}],"items_purged_floors":[5,48],"is_endless":false,"potions_floor_spawned":[1,6,8,12,16,22,24,31,35,46],"killed_by":"The Heart","ascension_level":17}