{"gold_per_floor":[369,369,387,400,9,36,36,2,2,2,26,62,62,85,85,211,211,235,135,156,156,177,177],"floor_reached":23,"playtime":1244,"items_purged":[],"score":291,"play_id":"6dbe4493-4a39-4bc0-bc3a-fe38252f9529","local_time":"20190602184854","is_ascension_mode":true,"campfire_choices":[{"floor":15,"key":"REST"}],"neow_cost":"CURSE","seed_source_timestamp":169597610014037,"circlet_count":0,"master_deck":["Strike_R","Strike_R","Strike_R","Strike_R","Strike_R","Defend_R","Defend_R","Defend_R","Defend_R","Bash","Pommel Strike","Anger","Shrug It Off","Corruption","Entrench","Armaments","Sentinel","Flex","Havoc+1","Inflame","J.A.X.","Ghostly Armor"],"relics":["Burning Blood","Lee\u0027s Waffle","Strawberry","Omamori","Golden Idol","Dodecahedron","Dead Branch","Philosopher\u0027s Stone","Shuriken"],"potions_floor_usage":[6,16,16,18,23],"damage_taken":[{"damage":13,"enemies":"Jaw Worm","floor":1,"turns":5},{"damage":0,"enemies":"Small Slimes","floor":3,"turns":3},{"damage":6,"enemies":"Cultist","floor":4,"turns":3},{"damage":26,"enemies":"Gremlin Nob","floor":6,"turns":4},{"damage":6,"enemies":"3 Louse","floor":11,"turns":6},{"damage":45,"enemies":"3 Sentries","floor":12,"turns":11},{"damage":9,"enemies":"Large Slime","floor":14,"turns":3},{"damage":28,"enemies":"Slime Boss","floor":16,"turns":4},{"damage":12,"enemies":"Spheric Guardian","floor":18,"turns":5},{"damage":18,"enemies":"2 Thieves","floor":20,"turns":4},{"damage":6,"enemies":"Sentry and Sphere","floor":22,"turns":2},{"damage":74,"enemies":"Slavers","floor":23,"turns":4}],"seed_played":"-7055395346404177742","potions_obtained":[{"floor":1,"key":"Poison Potion"},{"floor":11,"key":"Weak Potion"},{"floor":12,"key":"PowerPotion"},{"floor":14,"key":"AttackPotion"},{"floor":22,"key":"Regen Potion"}],"is_trial":false,"path_per_floor":["M","?","M","M","$","E","?","?","T","$","M","E","?","M","R","B",null,"M","?","M","?","M","E"],"character_chosen":"IRONCLAD","items_purchased":["Lee\u0027s Waffle","Strawberry","Corruption"],"campfire_rested":1,"item_purchase_floors":[5,5,5],"current_hp_per_floor":[65,58,64,64,94,74,74,74,74,74,74,35,35,32,58,36,74,68,68,56,56,56,0],"gold":177,"neow_bonus":"TWO_FIFTY_GOLD","is_prod":false,"is_daily":false,"chose_seed":false,"campfire_upgraded":0,"win_rate":0,"timestamp":1559515734,"path_taken":["M","?","M","M","$","E","?","?","T","?","?","E","?","M","R","BOSS","M","?","?","?","M","E"],"build_version":"2019-01-23","purchased_purges":0,"victory":false,"max_hp_per_floor":[80,80,80,80,94,94,87,87,87,87,87,87,87,87,87,87,87,87,87,87,87,87,87],"card_choices":[{"not_picked":["Carnage","Twin Strike"],"picked":"Pommel Strike","floor":1},{"not_picked":["Thunderclap","Pommel Strike"],"picked":"Anger","floor":3},{"not_picked":["Disarm","Corruption"],"picked":"Shrug It Off","floor":4},{"not_picked":["Headbutt","Dark Embrace"],"picked":"Entrench","floor":6},{"not_picked":["Iron Wave","Warcry"],"picked":"Armaments","floor":11},{"not_picked":["Dual Wield","Sword Boomerang"],"picked":"Sentinel","floor":12},{"not_picked":["Power Through","Thunderclap"],"picked":"Flex","floor":14},{"not_picked":["Sword Boomerang","Cleave"],"picked":"Havoc+1","floor":18},{"not_picked":["Dropkick","Body Slam"],"picked":"Inflame","floor":20},{"not_picked":["Disarm","Havoc"],"picked":"Ghostly Armor","floor":22}],"player_experience":367097,"relics_obtained":[{"floor":6,"key":"Omamori"},{"floor":9,"key":"Dodecahedron"},{"floor":12,"key":"Dead Branch"}],"event_choices":[{"cards_removed":["Doubt"],"damage_healed":0,"gold_gain":0,"player_choice":"Card Removal","damage_taken":7,"max_hp_gain":0,"max_hp_loss":0,"event_name":"Golden Wing","floor":2,"gold_loss":0},{"damage_healed":0,"gold_gain":0,"player_choice":"Lose Max HP","damage_taken":0,"relics_obtained":["Golden Idol"],"max_hp_gain":0,"max_hp_loss":7,"event_name":"Golden Idol","floor":7,"gold_loss":0},{"damage_healed":0,"gold_gain":0,"player_choice":"Left Gold","damage_taken":0,"max_hp_gain":0,"max_hp_loss":0,"event_name":"World of Goop","floor":8,"gold_loss":34},{"damage_healed":0,"gold_gain":0,"player_choice":"Ignored","damage_taken":0,"max_hp_gain":0,"max_hp_loss":0,"event_name":"Shining Light","floor":13,"gold_loss":0},{"damage_healed":0,"gold_gain":0,"player_choice":"Paid Gold","damage_taken":0,"relics_obtained":["Shuriken"],"max_hp_gain":0,"max_hp_loss":0,"event_name":"WeMeetAgain","floor":19,"gold_loss":100},{"damage_healed":0,"gold_gain":0,"player_choice":"Obtain J.A.X.","damage_taken":0,"max_hp_gain":0,"max_hp_loss":0,"event_name":"Drug Dealer","floor":21,"gold_loss":0,"cards_obtained":["J.A.X."]}],"is_beta":false,"boss_relics":[{"not_picked":["Runic Dome","White Beast Statue"],"picked":"Philosopher\u0027s Stone"}],"items_purged_floors":[],"is_endless":false,"potions_floor_spawned":[1,11,12,14,22],"killed_by":"Slavers","ascension_level":9}