{"gold_per_floor":[118,118,137,151,34,34,64,64,90,106,116,127,160,160,160,237,237,253,271,271,271],"floor_reached":21,"playtime":1107,"items_purged":["Strike_B"],"score":344,"play_id":"2c108b5e-769d-4382-9f9a-98af286f9398","local_time":"20190211161911","is_ascension_mode":true,"campfire_choices":[{"data":"Dualcast","floor":6,"key":"SMITH"},{"data":"Redo","floor":8,"key":"SMITH"},{"data":"Fission","floor":15,"key":"SMITH"}],"neow_cost":"NONE","seed_source_timestamp":2769768947630683,"circlet_count":0,"master_deck":["AscendersBane","Strike_B","Strike_B","Defend_B","Defend_B","Defend_B","Defend_B","Zap+1","Dualcast+1","Gash","Sweeping Beam","Leap","Conserve Battery","Self Repair","Redo+1","Ball Lightning","FTL","Fission+1","Meteor Strike","Capacitor+1","Recycle"],"relics":["Cracked Core","Pen Nib","Blood Vial","Ancient Tea Set","Runic Dome"],"potions_floor_usage":[13,16,18],"damage_taken":[{"damage":7,"enemies":"Jaw Worm","floor":1,"turns":3},{"damage":6,"enemies":"Cultist","floor":3,"turns":3},{"damage":5,"enemies":"Small Slimes","floor":4,"turns":3},{"damage":10,"enemies":"Lagavulin","floor":7,"turns":8},{"damage":0,"enemies":"Exordium Thugs","floor":10,"turns":4},{"damage":7,"enemies":"Looter","floor":11,"turns":3},{"damage":0,"enemies":"Large Slime","floor":12,"turns":4},{"damage":19,"enemies":"3 Sentries","floor":13,"turns":5},{"damage":18,"enemies":"Slime Boss","floor":16,"turns":7},{"damage":11,"enemies":"Spheric Guardian","floor":18,"turns":4},{"damage":18,"enemies":"Chosen","floor":19,"turns":5},{"damage":54,"enemies":"Centurion and Healer","floor":21,"turns":6}],"seed_played":"-5160188989824489271","potions_obtained":[{"floor":7,"key":"Weak Potion"},{"floor":10,"key":"PowerPotion"},{"floor":11,"key":"FocusPotion"},{"floor":13,"key":"SkillPotion"},{"floor":19,"key":"Ancient Potion"}],"is_trial":false,"path_per_floor":["M","?","M","M","$","R","E","R","T","M","M","M","E","?","R","B",null,"M","M","?","M"],"character_chosen":"DEFECT","items_purchased":["Self Repair"],"campfire_rested":0,"item_purchase_floors":[5],"current_hp_per_floor":[57,57,51,46,46,46,43,43,43,45,47,56,46,46,46,37,63,61,52,52,0],"gold":271,"neow_bonus":"THREE_CARDS","is_prod":false,"is_daily":false,"chose_seed":false,"campfire_upgraded":3,"win_rate":0,"timestamp":1549869551,"path_taken":["M","?","?","M","$","R","E","R","T","M","M","M","E","?","R","BOSS","M","M","?","M"],"build_version":"2019-01-23","purchased_purges":1,"victory":false,"max_hp_per_floor":[71,71,71,71,71,71,71,71,71,71,71,71,71,71,71,71,71,71,71,71,71],"card_choices":[{"not_picked":["Capacitor","Stack"],"picked":"Gash","floor":0},{"not_picked":["Stack","Reinforced Body"],"picked":"Sweeping Beam","floor":1},{"not_picked":["Consume","Heatsinks"],"picked":"Leap","floor":3},{"not_picked":["Hologram","Scrape"],"picked":"Conserve Battery","floor":4},{"not_picked":["Steam","Undo"],"picked":"Redo","floor":7},{"not_picked":["Genetic Algorithm","Barrage"],"picked":"Ball Lightning","floor":10},{"not_picked":["Beam Cell","Compile Driver"],"picked":"FTL","floor":11},{"not_picked":["Steam","Self Repair","BootSequence"],"picked":"SKIP","floor":12},{"not_picked":["Reinforced Body","Consume"],"picked":"Fission","floor":13},{"not_picked":["Thunder Strike","Machine Learning"],"picked":"Meteor Strike","floor":16},{"not_picked":["Redo","Beam Cell"],"picked":"Capacitor+1","floor":18},{"not_picked":["Beam Cell","Self Repair"],"picked":"Recycle","floor":19}],"player_experience":605144,"relics_obtained":[{"floor":7,"key":"Pen Nib"},{"floor":9,"key":"Blood Vial"},{"floor":13,"key":"Ancient Tea Set"}],"event_choices":[{"damage_healed":0,"gold_gain":0,"player_choice":"Upgraded","damage_taken":0,"max_hp_gain":0,"max_hp_loss":0,"event_name":"Upgrade Shrine","floor":2,"gold_loss":0,"cards_upgraded":["Zap"]},{"cards_removed":["Strike_B"],"damage_healed":0,"gold_gain":0,"player_choice":"Purged","damage_taken":0,"max_hp_gain":0,"max_hp_loss":0,"event_name":"Purifier","floor":14,"gold_loss":0},{"damage_healed":0,"gold_gain":0,"player_choice":"Ignored","damage_taken":0,"max_hp_gain":0,"max_hp_loss":0,"event_name":"Cursed Tome","floor":20,"gold_loss":0}],"is_beta":false,"boss_relics":[{"not_picked":["Empty Cage","Runic Pyramid"],"picked":"Runic Dome"}],"items_purged_floors":[5],"is_endless":false,"potions_floor_spawned":[7,10,11,12,13,19],"killed_by":"Centurion and Healer","ascension_level":16}