{"gold_per_floor":[114,124,124,2,12,12,38,38,114,114,129,129,89,89,89,89],"floor_reached":16,"playtime":768,"items_purged":[],"score":191,"play_id":"e523399d-1cb3-4c5f-b5fe-53130d1da750","local_time":"20190528191004","is_ascension_mode":true,"campfire_choices":[{"data":"Dropkick","floor":6,"key":"SMITH"},{"floor":8,"key":"REST"},{"floor":15,"key":"REST"}],"neow_cost":"NONE","seed_source_timestamp":189080428996744,"circlet_count":0,"master_deck":["AscendersBane","Strike_R","Strike_R","Strike_R","Strike_R","Strike_R","Defend_R","Defend_R","Defend_R","Defend_R","Bash","Warcry+1","Shrug It Off","Dropkick+1","Feel No Pain","Sever Soul","True Grit","Disarm"],"relics":["Burning Blood","Blood Vial","Self Forming Clay","Pear"],"potions_floor_usage":[],"damage_taken":[{"damage":10,"enemies":"Small Slimes","floor":1,"turns":3},{"damage":2,"enemies":"Cultist","floor":2,"turns":4},{"damage":7,"enemies":"2 Louse","floor":5,"turns":3},{"damage":53,"enemies":"Gremlin Nob","floor":7,"turns":5},{"damage":17,"enemies":"Red Slaver","floor":11,"turns":4},{"damage":87,"enemies":"Slime Boss","floor":16,"turns":13}],"seed_played":"-5626119763910467181","potions_obtained":[{"floor":2,"key":"LiquidBronze"}],"is_trial":false,"path_per_floor":["M","M","?","$","M","R","E","R","T","?","M","T","?","?","R","B"],"character_chosen":"IRONCLAD","items_purchased":["Feel No Pain","Sever Soul"],"campfire_rested":2,"item_purchase_floors":[4,4],"current_hp_per_floor":[71,75,75,75,74,74,27,51,51,51,42,52,52,52,79,0],"gold":89,"neow_bonus":"TEN_PERCENT_HP_BONUS","is_prod":false,"is_daily":false,"chose_seed":false,"campfire_upgraded":1,"win_rate":0,"timestamp":1559059804,"path_taken":["M","M","?","$","?","R","E","R","T","?","?","?","?","?","R","BOSS"],"build_version":"2019-01-23","purchased_purges":0,"victory":false,"max_hp_per_floor":[82,82,82,82,82,82,82,82,82,82,82,92,92,92,92,92],"card_choices":[{"not_picked":["Iron Wave","Cleave"],"picked":"Warcry","floor":1},{"not_picked":["Pommel Strike","Hemokinesis"],"picked":"Shrug It Off","floor":2},{"not_picked":["Clothesline","Heavy Blade","Twin Strike"],"picked":"SKIP","floor":5},{"not_picked":["Perfected Strike","Fire Breathing"],"picked":"True Grit","floor":7},{"not_picked":["Thunderclap","Dual Wield"],"picked":"Disarm","floor":11}],"player_experience":1417255,"relics_obtained":[{"floor":7,"key":"Blood Vial"},{"floor":9,"key":"Self Forming Clay"},{"floor":12,"key":"Pear"}],"event_choices":[{"damage_healed":0,"gold_gain":0,"player_choice":"1 cards matched","damage_taken":0,"max_hp_gain":0,"max_hp_loss":0,"event_name":"Match and Keep!","floor":3,"gold_loss":0,"cards_obtained":["Dropkick"]},{"damage_healed":0,"gold_gain":0,"player_choice":"Forge","damage_taken":0,"max_hp_gain":0,"max_hp_loss":0,"event_name":"Accursed Blacksmith","floor":10,"gold_loss":0,"cards_upgraded":["Warcry"]},{"damage_healed":0,"gold_gain":0,"player_choice":"Left Gold","damage_taken":0,"max_hp_gain":0,"max_hp_loss":0,"event_name":"World of Goop","floor":13,"gold_loss":40},{"damage_healed":0,"gold_gain":0,"player_choice":"Ignored","damage_taken":0,"max_hp_gain":0,"max_hp_loss":0,"event_name":"Shining Light","floor":14,"gold_loss":0}],"is_beta":false,"boss_relics":[],"items_purged_floors":[],"is_endless":false,"potions_floor_spawned":[2],"killed_by":"Slime Boss","ascension_level":19}