{"gold_per_floor":[112,122,122,137,62,62,77,77,77,55,89,100,112,130,130,130],"floor_reached":16,"playtime":964,"items_purged":["Pain"],"score":212,"play_id":"41b78241-ead6-43ab-bec2-370ab955ce27","local_time":"20190411172220","is_ascension_mode":true,"campfire_choices":[{"data":"True Grit","floor":6.0,"key":"SMITH"},{"data":"Dark Embrace","floor":8.0,"key":"SMITH"},{"floor":15,"key":"REST"}],"neow_cost":"NONE","seed_source_timestamp":3688239430461989,"circlet_count":0,"master_deck":["AscendersBane","Strike_R","Strike_R","Strike_R","Strike_R","Strike_R","Defend_R","Defend_R","Defend_R","Defend_R","Bash+1","Armaments","Clothesline","True Grit+1","Dark Embrace+1","Searing Blow","Battle Trance","Corruption","Intimidate"],"special_seed":0,"relics":["Burning Blood","WarpedTongs","Mummified Hand","Smiling Mask"],"potions_floor_usage":[16],"damage_taken":[{"damage":10.0,"enemies":"2 Louse","floor":1.0,"turns":4.0},{"damage":1.0,"enemies":"Cultist","floor":2.0,"turns":3.0},{"damage":6.0,"enemies":"Jaw Worm","floor":4.0,"turns":4.0},{"damage":8.0,"enemies":"Red Slaver","floor":7.0,"turns":6.0},{"damage":22.0,"enemies":"Exordium Thugs","floor":10.0,"turns":6.0},{"damage":37.0,"enemies":"Lagavulin","floor":11.0,"turns":9.0},{"damage":33.0,"enemies":"Gremlin Gang","floor":12.0,"turns":8.0},{"damage":1.0,"enemies":"Looter","floor":13.0,"turns":4.0},{"damage":12,"enemies":"Lots of Slimes","floor":14,"turns":6},{"damage":38,"enemies":"Slime Boss","floor":16,"turns":6}],"seed_played":"7156203571778500095","potions_obtained":[{"floor":4.0,"key":"Regen Potion"},{"floor":11.0,"key":"SpeedPotion"},{"floor":12.0,"key":"SkillPotion"},{"floor":13.0,"key":"Weak Potion"},{"floor":14,"key":"SteroidPotion"}],"is_trial":false,"path_per_floor":["M","M","?","M","$","R","M","R","T","M","E","M","M","M","R","B"],"character_chosen":"IRONCLAD","items_purchased":[],"campfire_rested":1,"item_purchase_floors":[],"current_hp_per_floor":[64,69,69,69,69,69,67,67,67,66,35,8,13,7,29,0],"gold":130,"neow_bonus":"UPGRADE_CARD","is_prod":false,"is_daily":false,"chose_seed":false,"campfire_upgraded":2,"win_rate":0,"timestamp":1554970940,"path_taken":["M","M","?","M","$","R","M","R","T","?","E","M","M","M","R","BOSS"],"build_version":"2019-04-04","purchased_purges":1,"victory":false,"max_hp_per_floor":[75,75,75,75,75,75,75,75,75,75,75,75,75,75,75,75],"card_choices":[{"not_picked":["Havoc","Thunderclap"],"picked":"Armaments","floor":1.0},{"not_picked":["Anger","Disarm"],"picked":"Clothesline","floor":2.0},{"not_picked":["Flex","Heavy Blade"],"picked":"True Grit","floor":4.0},{"not_picked":["Heavy Blade","Infernal Blade"],"picked":"Dark Embrace","floor":7.0},{"not_picked":["Perfected Strike","Spot Weakness"],"picked":"Searing Blow","floor":10.0},{"not_picked":["Wild Strike","Cleave","Clothesline"],"picked":"SKIP","floor":11.0},{"not_picked":["Shrug It Off","Disarm"],"picked":"Battle Trance","floor":12.0},{"not_picked":["Metallicize","True Grit"],"picked":"Corruption","floor":13.0},{"not_picked":["Havoc","Wild Strike"],"picked":"Intimidate","floor":14}],"player_experience":2890924,"relics_obtained":[{"floor":9.0,"key":"Mummified Hand"},{"floor":11.0,"key":"Smiling Mask"}],"event_choices":[{"damage_healed":0.0,"max_hp_gain":0.0,"max_hp_loss":0.0,"gold_gain":0.0,"event_name":"Accursed Blacksmith","player_choice":"Rummage","floor":3.0,"gold_loss":0.0,"damage_taken":0.0,"relics_obtained":["WarpedTongs"],"cards_obtained":["Pain"]}],"is_beta":true,"boss_relics":[],"items_purged_floors":[5],"is_endless":false,"potions_floor_spawned":[4,11,12,13,14],"killed_by":"Slime Boss","ascension_level":20}