{"gold_per_floor":[362,14,28,38,58,58,76,76,102,102,121,134,166,166,166,241,241,211,223,29,29,40,40,0,30,30,48,61,61,61,73,73,146,146,163,181,201,212,95,95,126,144,144,144,160,160,160,160,160,160,160,160,0,0],"floor_reached":54,"playtime":3685,"items_purged":["Strike_G+1"],"score":1375,"play_id":"f6ac649b-4990-411e-bc47-4e389f393b49","local_time":"20190509084029","is_ascension_mode":true,"campfire_choices":[{"data":"Terror","floor":6,"key":"SMITH"},{"data":"Neutralize","floor":8,"key":"SMITH"},{"data":"Flechettes","floor":10,"key":"SMITH"},{"data":"Bullet Time","floor":15,"key":"SMITH"},{"floor":23,"key":"REST"},{"floor":30,"key":"REST"},{"floor":32,"key":"REST"},{"data":"Calculated Gamble","floor":40,"key":"SMITH"},{"floor":44,"key":"REST"},{"floor":46,"key":"RECALL"},{"floor":49,"key":"REST"},{"data":"Catalyst","floor":52,"key":"SMITH"}],"neow_cost":"TEN_PERCENT_HP_LOSS","seed_source_timestamp":1090737619112053,"circlet_count":0,"master_deck":["AscendersBane","Defend_G+1","Defend_G+1","Defend_G+1","Defend_G+1","Defend_G+1","Strike_G+1","Strike_G+1","Survivor","Neutralize+1","Flechettes+1","Footwork+1","Predator","Noxious Fumes+1","Terror+1","Predator","Bullet Time+1","Backflip+1","A Thousand Cuts+1","Infinite Blades+1","Die Die Die","Well Laid Plans+1","Blur","Backflip","Bouncing Flask","Calculated Gamble+1","Adrenaline","Footwork+1","Blur+1","Backflip","Catalyst+1","Blur+1","Madness","Madness"],"relics":["Ring of the Snake","Frozen Egg 2","Lantern","Snake Skull","Sozu","Orichalcum","FossilizedHelix","Empty Cage","Art of War","Bag of Preparation"],"potions_floor_usage":[25],"damage_taken":[{"damage":1,"enemies":"Cultist","floor":1,"turns":4},{"damage":0,"enemies":"Small Slimes","floor":3,"turns":4},{"damage":0,"enemies":"2 Louse","floor":4,"turns":2},{"damage":6,"enemies":"Looter","floor":5,"turns":4},{"damage":14,"enemies":"Lots of Slimes","floor":7,"turns":5},{"damage":0,"enemies":"Exordium Thugs","floor":11,"turns":3},{"damage":0,"enemies":"Large Slime","floor":12,"turns":3},{"damage":0,"enemies":"Gremlin Nob","floor":13,"turns":4},{"damage":0,"enemies":"Hexaghost","floor":16,"turns":9},{"damage":0,"enemies":"2 Thieves","floor":18,"turns":4},{"damage":24,"enemies":"Chosen","floor":19,"turns":5},{"damage":15,"enemies":"Shelled Parasite and Fungi","floor":22,"turns":4},{"damage":16,"enemies":"Slavers","floor":25,"turns":6},{"damage":0,"enemies":"Snecko","floor":27,"turns":4},{"damage":0,"enemies":"Snake Plant","floor":28,"turns":3},{"damage":0,"enemies":"Sentry and Sphere","floor":31,"turns":4},{"damage":13,"enemies":"Automaton","floor":33,"turns":9},{"damage":0,"enemies":"Orb Walker","floor":35,"turns":2},{"damage":12,"enemies":"3 Shapes","floor":36,"turns":5},{"damage":0,"enemies":"Writhing Mass","floor":37,"turns":9},{"damage":0,"enemies":"Maw","floor":38,"turns":6},{"damage":9,"enemies":"Reptomancer","floor":41,"turns":6},{"damage":5,"enemies":"Jaw Worm Horde","floor":42,"turns":5},{"damage":0,"enemies":"Transient","floor":45,"turns":6},{"damage":20,"enemies":"Donu and Deca","floor":50,"turns":12},{"damage":58,"enemies":"Shield and Spear","floor":54,"turns":6}],"seed_played":"-561282977303283525","potions_obtained":[{"floor":1,"key":"Dexterity Potion"},{"floor":5,"key":"Strength Potion"},{"floor":12,"key":"SteroidPotion"}],"is_trial":false,"path_per_floor":["M","$","M","M","M","R","M","R","T","R","M","M","E","?","R","B",null,"M","M","$","?","M","R","?","E","T","M","M","?","R","M","R","B",null,"M","M","M","M","$","R","E","M","T","R","M","R","?","?","R","B",null,"R","$","E"],"character_chosen":"THE_SILENT","items_purchased":["Frozen Egg 2","Footwork+1","Well Laid Plans+1","Blur","Backflip","Catalyst","Bag of Preparation"],"campfire_rested":5,"item_purchase_floors":[2,2,20,20,20,39,53],"current_hp_per_floor":[58,58,58,58,52,52,38,38,38,38,38,38,38,20,20,20,50,50,26,26,26,11,29,29,13,13,13,13,13,31,31,49,36,54,54,42,42,42,42,42,33,28,28,46,46,46,35,35,53,33,53,53,53,0],"gold":0,"neow_bonus":"TWO_FIFTY_GOLD","is_prod":false,"is_daily":false,"chose_seed":false,"campfire_upgraded":6,"win_rate":0,"timestamp":1557358829,"path_taken":["M","?","M","M","M","R","M","R","T","R","M","M","E","?","R","BOSS","M","M","$","?","M","R","?","E","T","M","M","?","R","M","R","BOSS","M","M","M","M","?","R","E","M","T","R","M","R","?","?","R","BOSS","R","$","E"],"build_version":"2019-05-07","purchased_purges":1,"victory":false,"max_hp_per_floor":[60,60,60,60,60,60,60,60,60,60,60,60,60,60,60,60,60,60,60,60,60,60,60,60,60,60,60,60,60,60,60,60,60,60,60,60,60,60,60,60,60,60,60,60,60,60,60,60,60,60,60,60,60,60],"card_choices":[{"not_picked":["Riddle With Holes","Sucker Punch"],"picked":"Flechettes","floor":1},{"not_picked":["Accuracy+1","Dash"],"picked":"Predator","floor":3},{"not_picked":["Deadly Poison","Deflect"],"picked":"Noxious Fumes+1","floor":4},{"not_picked":["Flying Knee","Blade Dance"],"picked":"Terror","floor":5},{"not_picked":["Endless Agony","Quick Slash","Slice"],"picked":"SKIP","floor":7},{"not_picked":["Sucker Punch","Expertise"],"picked":"Predator","floor":11},{"not_picked":["Escape Plan","Outmaneuver"],"picked":"Bullet Time","floor":12},{"not_picked":["Accuracy+1","Prepared"],"picked":"Backflip","floor":13},{"not_picked":["Wraith Form v2+1","Unload"],"picked":"A Thousand Cuts+1","floor":16},{"not_picked":["Underhanded Strike","Deadly Poison"],"picked":"Infinite Blades+1","floor":18},{"not_picked":["Flying Knee","Sucker Punch"],"picked":"Die Die Die","floor":19},{"not_picked":["Dodge and Roll","Dagger Spray"],"picked":"Bouncing Flask","floor":22},{"not_picked":["Flying Knee","Dagger Spray","Tactician+1"],"picked":"SKIP","floor":25},{"not_picked":["Flying Knee","Bane","Reflex"],"picked":"SKIP","floor":27},{"not_picked":["Riddle With Holes","Distraction","Terror"],"picked":"SKIP","floor":28},{"not_picked":["Setup+1","Slice"],"picked":"Calculated Gamble","floor":31},{"not_picked":["Die Die Die","Grand Finale"],"picked":"Adrenaline","floor":33},{"not_picked":["Well Laid Plans+1","Backflip"],"picked":"Footwork+1","floor":35},{"not_picked":["Finisher","Dagger Throw+1"],"picked":"Blur+1","floor":36},{"not_picked":["Terror","Dodge and Roll","Eviscerate+1"],"picked":"SKIP","floor":37},{"not_picked":["Glass Knife","Sucker Punch"],"picked":"Backflip","floor":38},{"not_picked":["Underhanded Strike","Venomology"],"picked":"Blur+1","floor":41},{"not_picked":["Distraction","Sucker Punch","Underhanded Strike"],"picked":"SKIP","floor":42},{"not_picked":["Flechettes+1","Quick Slash","Dodge and Roll"],"picked":"SKIP","floor":45}],"player_experience":3165594,"relics_obtained":[{"floor":9,"key":"Lantern"},{"floor":13,"key":"Snake Skull"},{"floor":25,"key":"Orichalcum"},{"floor":26,"key":"FossilizedHelix"},{"floor":41,"key":"Art of War"}],"event_choices":[{"damage_healed":0,"gold_gain":0,"player_choice":"Entered Light","damage_taken":18,"max_hp_gain":0,"max_hp_loss":0,"event_name":"Shining Light","floor":14,"gold_loss":0,"cards_upgraded":["Defend_G","Backflip"]},{"damage_healed":0,"gold_gain":0,"player_choice":"Simplicity","damage_taken":0,"max_hp_gain":0,"max_hp_loss":0,"event_name":"Back to Basics","floor":21,"gold_loss":0,"cards_upgraded":["Defend_G","Defend_G","Defend_G","Defend_G","Strike_G","Strike_G","Strike_G","Strike_G","Strike_G"]},{"damage_healed":0,"gold_gain":0,"player_choice":"Paid Fearfully","damage_taken":0,"max_hp_gain":0,"max_hp_loss":0,"event_name":"Masked Bandits","floor":24,"gold_loss":40},{"damage_healed":0,"gold_gain":0,"player_choice":"Ignored","damage_taken":0,"max_hp_gain":0,"max_hp_loss":0,"event_name":"N\u0027loth","floor":29,"gold_loss":0},{"damage_healed":0,"gold_gain":0,"player_choice":"Embrace Madness","damage_taken":11,"max_hp_gain":0,"max_hp_loss":0,"event_name":"Winding Halls","floor":47,"gold_loss":0,"cards_obtained":["Madness","Madness"]},{"damage_healed":0,"gold_gain":0,"player_choice":"Ignored","damage_taken":0,"max_hp_gain":0,"max_hp_loss":0,"event_name":"Tomb of Lord Red Mask","floor":48,"gold_loss":0}],"is_beta":true,"boss_relics":[{"not_picked":["Eternal Feather","Cursed Key"],"picked":"Sozu"},{"not_picked":["Coffee Dripper","HoveringKite"],"picked":"Empty Cage"}],"items_purged_floors":[39],"is_endless":false,"potions_floor_spawned":[1,5,7,12,18,22,25,27,31,35,37,41],"killed_by":"Shield and Spear","ascension_level":17}