{"gold_per_floor":[117,128,145,44,44,44,21,35,35,35,46,46,46,56,56,132,132,110,120,35,53,53],"floor_reached":22,"playtime":571,"items_purged":["Strike_B"],"score":460,"play_id":"0e5cb2de-5708-4ffd-b9ed-7a633626123b","local_time":"20190410010309","is_ascension_mode":true,"campfire_choices":[{"data":"Beam Cell","floor":6.0,"key":"SMITH"},{"data":"Zap","floor":10.0,"key":"SMITH"},{"data":"Dualcast","floor":12,"key":"SMITH"},{"data":"Consume","floor":15,"key":"SMITH"}],"neow_cost":"NONE","seed_source_timestamp":628472718873100,"circlet_count":0,"master_deck":["AscendersBane","Strike_B","Strike_B","Strike_B","Defend_B","Defend_B","Defend_B","Defend_B","Zap+1","Dualcast+1","Rebound","Beam Cell+1","Scrape","Coolheaded","Steam","Consume+1","Core Surge","Recycle+1","Ball Lightning+1"],"special_seed":0,"relics":["Cracked Core","Singing Bowl","Nuclear Battery"],"potions_floor_usage":[16,16,18,21],"damage_taken":[{"damage":4.0,"enemies":"Jaw Worm","floor":1.0,"turns":4.0},{"damage":0.0,"enemies":"Small Slimes","floor":2.0,"turns":2.0},{"damage":3.0,"enemies":"2 Louse","floor":3.0,"turns":2.0},{"damage":16.0,"enemies":"Exordium Thugs","floor":7.0,"turns":4.0},{"damage":7.0,"enemies":"Looter","floor":8.0,"turns":3.0},{"damage":19,"enemies":"Gremlin Gang","floor":11,"turns":5},{"damage":2,"enemies":"2 Fungi Beasts","floor":14,"turns":3},{"damage":0,"enemies":"Hexaghost","floor":16,"turns":8},{"damage":24,"enemies":"2 Thieves","floor":18,"turns":4},{"damage":24,"enemies":"Chosen","floor":19,"turns":4},{"damage":20,"enemies":"Snecko","floor":21,"turns":5},{"damage":0,"enemies":"Centurion and Healer","floor":22,"turns":1}],"seed_played":"290424665109223558","potions_obtained":[{"floor":1.0,"key":"EssenceOfSteel"},{"floor":14,"key":"PowerPotion"},{"floor":16,"key":"Weak Potion"},{"floor":19,"key":"Dexterity Potion"}],"is_trial":false,"path_per_floor":["M","M","M","$","?","R","M","M","T","R","M","R","$","M","R","B",null,"M","M","$","M","M"],"character_chosen":"DEFECT","items_purchased":["Coolheaded","Regen Potion"],"campfire_rested":0,"item_purchase_floors":[4,20],"current_hp_per_floor":[60,60,57,57,62,62,46,39,39,39,22,22,22,20,20,20,64,40,18,18,12,12],"gold":53,"neow_bonus":"THREE_CARDS","is_prod":false,"is_daily":false,"chose_seed":false,"campfire_upgraded":4,"win_rate":0,"timestamp":1554825789,"path_taken":["M","M","M","$","?","R","M","M","T","R","M","R","?","?","R","BOSS","M","M","$","M","M"],"build_version":"2019-01-23","purchased_purges":1,"victory":false,"max_hp_per_floor":[71,71,71,71,76,76,76,76,76,76,78,78,78,78,78,78,78,78,80,80,80,80],"card_choices":[{"not_picked":["Barrage","Redo"],"picked":"Rebound","floor":0.0},{"not_picked":["White Noise","Redo"],"picked":"Beam Cell","floor":1.0},{"not_picked":["Redo","Barrage","Turbo"],"picked":"SKIP","floor":2.0},{"not_picked":["Lockon","Beam Cell"],"picked":"Scrape","floor":3.0},{"not_picked":["Turbo","Rip and Tear","Darkness"],"picked":"SKIP","floor":7.0},{"not_picked":["Redo","Darkness"],"picked":"Steam","floor":8.0},{"not_picked":["Stack","Steam Power","Beam Cell"],"picked":"Singing Bowl","floor":11},{"not_picked":["Electrodynamics","Redo"],"picked":"Consume","floor":14},{"not_picked":["Creative AI","Thunder Strike"],"picked":"Core Surge","floor":16},{"not_picked":["Steam","Redo"],"picked":"Recycle+1","floor":18},{"not_picked":["Rebound","Static Discharge","Leap"],"picked":"Singing Bowl","floor":19},{"not_picked":["Leap","Rebound"],"picked":"Ball Lightning+1","floor":21}],"player_experience":4742767,"relics_obtained":[{"floor":9.0,"key":"Singing Bowl"}],"event_choices":[{"damage_healed":0.0,"max_hp_gain":5.0,"max_hp_loss":0.0,"gold_gain":0.0,"event_name":"Big Fish","player_choice":"Donut","floor":5.0,"gold_loss":0.0,"damage_taken":0.0}],"is_beta":false,"boss_relics":[{"not_picked":["Runic Dome","Cursed Key"],"picked":"Nuclear Battery"}],"items_purged_floors":[4],"is_endless":false,"potions_floor_spawned":[1,14,16,19],"killed_by":"Centurion and Healer","ascension_level":20}