{"gold_per_floor":[366,386,207,207,219,547,547,559,559,115,148,148,165,180,180,180],"floor_reached":16,"playtime":874,"items_purged":["Regret"],"score":224,"play_id":"c46828a4-6c6e-42f7-9bda-020e12134490","local_time":"20190531190159","is_ascension_mode":true,"campfire_choices":[{"floor":12,"key":"REST"},{"floor":15,"key":"REST"}],"neow_cost":"CURSE","seed_source_timestamp":447683944759719,"circlet_count":0,"master_deck":["AscendersBane","Strike_R","Strike_R","Strike_R","Strike_R","Strike_R","Defend_R","Defend_R","Defend_R","Defend_R","Bash","Sentinel","Corruption","Warcry","Armaments","Headbutt","Reaper","Uppercut","Entrench","Finesse","Headbutt","Seeing Red+1","Body Slam","Feel No Pain+1"],"relics":["Burning Blood","Old Coin","Sundial","Frozen Egg 2","Toxic Egg 2"],"potions_floor_usage":[8,11],"damage_taken":[{"damage":15,"enemies":"Cultist","floor":1,"turns":4},{"damage":2,"enemies":"2 Louse","floor":2,"turns":2},{"damage":0,"enemies":"Jaw Worm","floor":5,"turns":5},{"damage":55,"enemies":"Gremlin Nob","floor":6,"turns":5},{"damage":1,"enemies":"Blue Slaver","floor":8,"turns":2},{"damage":15,"enemies":"Lagavulin","floor":11,"turns":8},{"damage":19,"enemies":"3 Louse","floor":13,"turns":5},{"damage":25,"enemies":"Exordium Wildlife","floor":14,"turns":6},{"damage":63,"enemies":"Slime Boss","floor":16,"turns":7}],"seed_played":"8594909334066285428","potions_obtained":[{"floor":6,"key":"Block Potion"},{"floor":7,"key":"AttackPotion"},{"floor":13,"key":"Dexterity Potion"}],"is_trial":false,"path_per_floor":["M","M","$","?","M","E","?","M","T","$","E","R","M","M","R","B"],"character_chosen":"IRONCLAD","items_purchased":["Warcry","Armaments","Entrench","Finesse","Frozen Egg 2","Headbutt"],"campfire_rested":2,"item_purchase_floors":[3,3,10,10,10,10],"current_hp_per_floor":[59,63,63,63,69,20,20,25,25,25,22,44,39,24,46,0],"gold":180,"neow_bonus":"TWO_FIFTY_GOLD","is_prod":false,"is_daily":false,"chose_seed":false,"campfire_upgraded":0,"win_rate":0,"timestamp":1559318519,"path_taken":["M","M","$","?","M","E","?","?","T","$","E","R","M","M","R","BOSS"],"build_version":"2019-01-23","purchased_purges":1,"victory":false,"max_hp_per_floor":[75,75,75,75,75,75,75,75,75,75,75,75,75,75,75,75],"card_choices":[{"not_picked":["Havoc","True Grit"],"picked":"Sentinel","floor":1},{"not_picked":["Body Slam","Warcry"],"picked":"Corruption","floor":2},{"not_picked":["Clash","Armaments"],"picked":"Headbutt","floor":5},{"not_picked":["Cleave","Iron Wave"],"picked":"Reaper","floor":6},{"not_picked":["Armaments","Clothesline"],"picked":"Uppercut","floor":8},{"not_picked":["Shrug It Off","Clash"],"picked":"Seeing Red","floor":11},{"not_picked":["Wild Strike","Twin Strike"],"picked":"Body Slam","floor":13},{"not_picked":["Sever Soul","Shrug It Off+1"],"picked":"Feel No Pain+1","floor":14}],"player_experience":1430059,"relics_obtained":[{"floor":6,"key":"Old Coin"},{"floor":9,"key":"Sundial"},{"floor":11,"key":"Toxic Egg 2"}],"event_choices":[{"damage_healed":0,"gold_gain":0,"player_choice":"Leave","damage_taken":0,"max_hp_gain":0,"max_hp_loss":0,"event_name":"The Cleric","floor":4,"gold_loss":0},{"damage_healed":0,"gold_gain":0,"player_choice":"Got Potions","damage_taken":0,"max_hp_gain":0,"max_hp_loss":0,"event_name":"Lab","floor":7,"gold_loss":0}],"is_beta":false,"boss_relics":[],"items_purged_floors":[3],"is_endless":false,"potions_floor_spawned":[6,13],"killed_by":"Slime Boss","ascension_level":20}