{"gold_per_floor":[362,233,308,132,147,181,181,202,227,239,281,313,370,402,414,530,542,566,597,277,297,297,297,297,325,350,350,14,14,28,42,42,137,137,149,160,160,27,27,27],"floor_reached":40,"playtime":2109,"items_purged":["Injury","Defend_R"],"score":712,"play_id":"eaf6279d-321c-4b41-9bff-bcfa9e997ac3","local_time":"20190430212300","is_ascension_mode":true,"campfire_choices":[{"floor":7.0,"key":"REST"},{"data":"Inflame","floor":15.0,"key":"SMITH"},{"floor":23.0,"key":"REST"},{"data":"Rupture","floor":29.0,"key":"SMITH"},{"floor":32.0,"key":"REST"}],"neow_cost":"CURSE","seed_source_timestamp":1653738727361463,"circlet_count":0,"master_deck":["AscendersBane","Bash","Clash","Clash","Dropkick","Inflame+1","Heavy Blade","Burning Pact","Sever Soul","Feed","Combust","Wild Strike","Dropkick","Infernal Blade","Rupture+1","Feel No Pain","Infernal Blade","Demon Form","Clash+1","Clash","Dual Wield","Clash"],"special_seed":0,"relics":["Burning Blood","Meat on the Bone","Odd Mushroom","MawBank","Champion Belt","Anchor","Pandora\u0027s Box","Mummified Hand","Torii","Potion Belt","Vajra","CultistMask","OrangePellets","Darkstone Periapt"],"potions_floor_usage":[40,40,40],"damage_taken":[{"damage":24.0,"enemies":"Small Slimes","floor":1.0,"turns":5.0},{"damage":7.0,"enemies":"Jaw Worm","floor":5.0,"turns":2.0},{"damage":20.0,"enemies":"3 Sentries","floor":6.0,"turns":9.0},{"damage":13.0,"enemies":"The Mushroom Lair","floor":8.0,"turns":4.0},{"damage":23.0,"enemies":"Gremlin Nob","floor":11.0,"turns":4.0},{"damage":14.0,"enemies":"2 Louse","floor":12.0,"turns":3.0},{"damage":5.0,"enemies":"Red Slaver","floor":14.0,"turns":5.0},{"damage":33.0,"enemies":"Slime Boss","floor":16.0,"turns":8.0},{"damage":14.0,"enemies":"Shell Parasite","floor":18.0,"turns":3.0},{"damage":12.0,"enemies":"2 Thieves","floor":19.0,"turns":3.0},{"damage":33.0,"enemies":"Shelled Parasite and Fungi","floor":21.0,"turns":4.0},{"damage":13.0,"enemies":"Colosseum Slavers","floor":22.0,"turns":3.0},{"damage":33.0,"enemies":"Gremlin Leader","floor":25.0,"turns":4.0},{"damage":21.0,"enemies":"Snake Plant","floor":30.0,"turns":3.0},{"damage":31.0,"enemies":"Sentry and Sphere","floor":31.0,"turns":4.0},{"damage":60.0,"enemies":"Automaton","floor":33.0,"turns":6.0},{"damage":45.0,"enemies":"3 Darklings","floor":35.0,"turns":4.0},{"damage":21.0,"enemies":"3 Shapes","floor":36.0,"turns":7.0},{"damage":0.0,"enemies":"Jaw Worm Horde","floor":37.0,"turns":1.0},{"damage":77,"enemies":"Reptomancer","floor":40,"turns":4}],"seed_played":"-8866680563160885044","potions_obtained":[{"floor":5.0,"key":"AttackPotion"},{"floor":6.0,"key":"EssenceOfSteel"},{"floor":10.0,"key":"BloodPotion"},{"floor":10.0,"key":"Fire Potion"},{"floor":12.0,"key":"Regen Potion"},{"floor":18.0,"key":"GamblersBrew"},{"floor":21.0,"key":"SmokeBomb"},{"floor":25.0,"key":"AttackPotion"},{"floor":31.0,"key":"Ancient Potion"},{"floor":33.0,"key":"SpeedPotion"},{"floor":36.0,"key":"Explosive Potion"}],"is_trial":false,"path_per_floor":["M","$","?","$","M","E","R","?","T","?","E","M","T","M","R","B",null,"M","M","$","M","?","R","T","E","T","?","$","R","M","M","R","B",null,"M","M","M","$","?","E"],"character_chosen":"IRONCLAD","items_purchased":["Clash","Dropkick","Rupture","Mummified Hand","OrangePellets","Feel No Pain","Infernal Blade","Dual Wield","Clash","SkillPotion"],"campfire_rested":3,"item_purchase_floors":[2,4,20,20,28,28,28,38,38,38],"current_hp_per_floor":[54,54,43,43,42,28,52,57,57,57,52,56,56,71,71,56,74,66,60,60,48,56,81,81,54,54,54,54,54,54,41,67,25,73,46,46,64,64,64,0],"gold":27,"neow_bonus":"TWO_FIFTY_GOLD","is_prod":false,"is_daily":false,"chose_seed":false,"campfire_upgraded":2,"win_rate":0,"timestamp":1556648580,"path_taken":["M","$","?","$","M","E","R","?","T","?","E","?","?","M","R","BOSS","M","M","$","M","?","R","?","E","T","?","$","R","M","M","R","BOSS","M","?","M","$","?","E"],"build_version":"2019-01-23","purchased_purges":2,"victory":false,"max_hp_per_floor":[80,80,80,80,80,80,80,80,80,80,80,80,80,80,80,80,80,80,80,80,83,86,86,86,86,86,86,86,86,89,89,89,89,89,89,92,92,92,92,92],"card_choices":[{"not_picked":["Pommel Strike","Body Slam"],"picked":"Clash","floor":1.0},{"not_picked":["Havoc","Pommel Strike","Perfected Strike"],"picked":"SKIP","floor":5.0},{"not_picked":["Berserk","Body Slam","Heavy Blade"],"picked":"SKIP","floor":6.0},{"not_picked":["Feed","Impervious","Double Tap"],"picked":"SKIP","floor":11.0},{"not_picked":["Bloodletting","Wild Strike"],"picked":"Inflame","floor":12.0},{"not_picked":["Body Slam","Blood for Blood","Bloodletting"],"picked":"SKIP","floor":14.0},{"not_picked":["Anger","Havoc+1","Cleave"],"picked":"SKIP","floor":18.0},{"not_picked":["Flex","Battle Trance","Uppercut"],"picked":"SKIP","floor":19.0},{"not_picked":["Armaments","Uppercut","Seeing Red"],"picked":"SKIP","floor":21.0},{"not_picked":["Perfected Strike","Wild Strike","Double Tap"],"picked":"SKIP","floor":25.0},{"not_picked":["Perfected Strike","Cleave","Pummel"],"picked":"SKIP","floor":30.0},{"not_picked":["Burning Pact","Clothesline","True Grit"],"picked":"SKIP","floor":31.0},{"not_picked":["Immolate","Brutality"],"picked":"Demon Form","floor":33.0},{"not_picked":["Entrench","Pummel"],"picked":"Clash+1","floor":35.0},{"not_picked":["Sword Boomerang","Flex"],"picked":"Clash","floor":36.0}],"player_experience":1278021,"relics_obtained":[{"floor":6.0,"key":"Meat on the Bone"},{"floor":8.0,"key":"Odd Mushroom"},{"floor":9.0,"key":"MawBank"},{"floor":11.0,"key":"Champion Belt"},{"floor":13.0,"key":"Anchor"},{"floor":24.0,"key":"Torii"},{"floor":25.0,"key":"Potion Belt"},{"floor":26.0,"key":"Vajra"}],"event_choices":[{"damage_healed":0.0,"max_hp_gain":0.0,"max_hp_loss":0.0,"gold_gain":75.0,"event_name":"World of Goop","player_choice":"Gather Gold","floor":3.0,"gold_loss":0.0,"damage_taken":11.0},{"damage_healed":0.0,"max_hp_gain":0.0,"max_hp_loss":0.0,"gold_gain":0.0,"event_name":"Mushrooms","player_choice":"Fought Mushrooms","floor":8.0,"gold_loss":0.0,"damage_taken":0.0},{"damage_healed":0.0,"max_hp_gain":0.0,"max_hp_loss":0.0,"gold_gain":0.0,"event_name":"Lab","player_choice":"Got Potions","floor":10.0,"gold_loss":0.0,"damage_taken":0.0},{"damage_healed":0.0,"max_hp_gain":0.0,"max_hp_loss":0.0,"gold_gain":0.0,"event_name":"Colosseum","player_choice":"Fight","floor":22.0,"gold_loss":0.0,"damage_taken":0.0},{"damage_healed":0.0,"max_hp_gain":0.0,"max_hp_loss":0.0,"gold_gain":0.0,"event_name":"Colosseum","player_choice":"Fled From Nobs","floor":22.0,"gold_loss":0.0,"damage_taken":0.0},{"damage_healed":0.0,"max_hp_gain":0.0,"max_hp_loss":0.0,"gold_gain":0.0,"event_name":"FaceTrader","player_choice":"Trade","floor":27.0,"gold_loss":0.0,"damage_taken":0.0,"relics_obtained":["CultistMask"]},{"damage_healed":0.0,"max_hp_gain":0.0,"max_hp_loss":0.0,"gold_gain":0.0,"event_name":"WeMeetAgain","player_choice":"Gave Potion","floor":39.0,"gold_loss":0.0,"damage_taken":0.0,"relics_obtained":["Darkstone Periapt"]}],"is_beta":false,"boss_relics":[{"not_picked":["Cursed Key","Fusion Hammer"],"picked":"Pandora\u0027s Box"},{"not_picked":["Mark of Pain","Calling Bell","Philosopher\u0027s Stone"]}],"items_purged_floors":[2,4],"is_endless":false,"potions_floor_spawned":[5,6,12,18,21,25,31,33,36,37],"killed_by":"Reptomancer","ascension_level":12}