{"gold_per_floor":[111,111,111,186,111,173,173,199,224,253,265,265,277,356,356,434,434,394,296,306,322,322],"floor_reached":22,"playtime":1074,"items_purged":[],"score":466,"play_id":"bc83f94d-1efe-4853-a260-22425177f334","local_time":"20190523183818","is_ascension_mode":true,"campfire_choices":[{"data":"Carnage","floor":7,"key":"SMITH"},{"floor":15,"key":"REST"}],"neow_cost":"NONE","seed_source_timestamp":182368481120973,"circlet_count":0,"master_deck":["AscendersBane","Strike_R","Strike_R","Strike_R","Strike_R","Strike_R","Defend_R","Defend_R","Defend_R","Defend_R","Bash","Feel No Pain+1","Carnage+1","Sever Soul","Carnage","Feel No Pain","Battle Trance","Fiend Fire","Bandage Up","Shrug It Off","Havoc"],"relics":["Burning Blood","NeowsBlessing","Tiny Chest","Du-Vu Doll","Juzu Bracelet","Strawberry","Eternal Feather"],"potions_floor_usage":[20,21],"damage_taken":[{"damage":0,"enemies":"Cultist","floor":1,"turns":1},{"damage":0,"enemies":"Lagavulin","floor":6,"turns":2},{"damage":0,"enemies":"Gremlin Nob","floor":8,"turns":1},{"damage":30,"enemies":"Lagavulin","floor":10,"turns":5},{"damage":1,"enemies":"2 Louse","floor":11,"turns":3},{"damage":7,"enemies":"Jaw Worm","floor":13,"turns":2},{"damage":40,"enemies":"Slime Boss","floor":16,"turns":12},{"damage":41,"enemies":"2 Thieves","floor":18,"turns":5},{"damage":13,"enemies":"Spheric Guardian","floor":20,"turns":5},{"damage":18,"enemies":"Snake Plant","floor":21,"turns":5},{"damage":46,"enemies":"Chosen and Byrds","floor":22,"turns":8}],"seed_played":"-6554173126159877280","potions_obtained":[{"floor":1,"key":"Ancient Potion"},{"floor":10,"key":"PowerPotion"},{"floor":18,"key":"Regen Potion"},{"floor":20,"key":"Block Potion"}],"is_trial":false,"path_per_floor":["M","$","?","?","$","E","R","E","T","E","M","?","M","?","R","B",null,"M","$","M","M","M"],"character_chosen":"IRONCLAD","items_purchased":["Carnage","Bandage Up"],"campfire_rested":1,"item_purchase_floors":[5,19],"current_hp_per_floor":[74,74,74,63,63,69,69,75,75,58,63,63,62,62,82,48,74,39,39,50,42,0],"gold":322,"neow_bonus":"THREE_ENEMY_KILL","is_prod":false,"is_daily":false,"chose_seed":false,"campfire_upgraded":1,"win_rate":0,"timestamp":1558625898,"path_taken":["M","$","?","?","$","E","R","E","T","E","M","?","M","?","R","BOSS","M","$","M","M","M"],"build_version":"2019-01-23","purchased_purges":0,"victory":false,"max_hp_per_floor":[75,75,75,75,75,75,75,75,75,82,82,82,82,82,82,82,82,82,82,82,82,82],"card_choices":[{"not_picked":["Clash","Clothesline"],"picked":"Feel No Pain","floor":1},{"not_picked":["Blood for Blood","Body Slam"],"picked":"Sever Soul","floor":6},{"not_picked":["Iron Wave","Cleave"],"picked":"Carnage","floor":8},{"not_picked":["Shrug It Off","Sword Boomerang"],"picked":"Feel No Pain","floor":10},{"not_picked":["Dropkick","Cleave"],"picked":"Battle Trance","floor":11},{"not_picked":["Clothesline","Fiend Fire","Rupture"],"picked":"SKIP","floor":13},{"not_picked":["Brutality","Demon Form"],"picked":"Fiend Fire","floor":16},{"not_picked":["Wild Strike","Thunderclap","Cleave"],"picked":"SKIP","floor":18},{"not_picked":["Armaments","Entrench+1"],"picked":"Shrug It Off","floor":20},{"not_picked":["Clash","Cleave"],"picked":"Havoc","floor":21}],"player_experience":1387674,"relics_obtained":[{"floor":6,"key":"Tiny Chest"},{"floor":8,"key":"Du-Vu Doll"},{"floor":9,"key":"Juzu Bracelet"},{"floor":10,"key":"Strawberry"}],"event_choices":[{"damage_healed":0,"gold_gain":0,"player_choice":"Grow","damage_taken":0,"max_hp_gain":0,"max_hp_loss":0,"event_name":"Living Wall","floor":3,"gold_loss":0,"cards_upgraded":["Feel No Pain"]},{"damage_healed":0,"gold_gain":75,"player_choice":"Gather Gold","damage_taken":11,"max_hp_gain":0,"max_hp_loss":0,"event_name":"World of Goop","floor":4,"gold_loss":0},{"damage_healed":0,"gold_gain":0,"player_choice":"Ignored","damage_taken":0,"max_hp_gain":0,"max_hp_loss":0,"event_name":"Shining Light","floor":12,"gold_loss":0},{"damage_healed":0,"gold_gain":79,"player_choice":"Gained Gold","damage_taken":0,"max_hp_gain":0,"max_hp_loss":0,"event_name":"Golden Wing","floor":14,"gold_loss":0}],"is_beta":false,"boss_relics":[{"not_picked":["White Beast Statue","Ectoplasm"],"picked":"Eternal Feather"}],"items_purged_floors":[],"is_endless":false,"potions_floor_spawned":[1,10,11,18,20],"killed_by":"Chosen and Byrds","ascension_level":17}