{"gold_per_floor":[110,120,120,120,138,171,135,135,135,135,160,173,173,200,200,297,297,316,326,326,178,198,198,214,214,260,260,260,272,272,33,33,33],"floor_reached":33,"playtime":2174,"items_purged":["Shame"],"score":421,"play_id":"fd2c63fd-91dd-4c77-ba3f-f975a00543ef","local_time":"20190506134430","is_ascension_mode":true,"campfire_choices":[{"floor":8,"key":"REST"},{"data":"Inflame","floor":10,"key":"SMITH"},{"floor":15,"key":"REST"},{"floor":23,"key":"REST"},{"floor":25,"key":"REST"},{"floor":32,"key":"REST"}],"neow_cost":"NONE","seed_source_timestamp":2144711067510258,"circlet_count":0,"master_deck":["AscendersBane","Strike_R","Strike_R","Strike_R","Strike_R","Defend_R","Defend_R","Defend_R","Defend_R","Bash","Disarm+1","Flex","Metallicize","Feel No Pain","Inflame+1","Corruption","Pummel","Parasite","Shockwave","Limit Break+1","Perfected Strike","True Grit+1","Flex","Offering","Warcry","Rage","Limit Break","Disarm","Metallicize","Sword Boomerang","Offering","Dramatic Entrance"],"relics":["Burning Blood","NeowsBlessing","Matryoshka","Red Skull","Bottled Lightning","Strawberry","Bottled Flame","Orrery","Anchor","Ornamental Fan","War Paint","Singing Bowl"],"potions_floor_usage":[6,11,16,33,33],"damage_taken":[{"damage":0,"enemies":"Small Slimes","floor":1,"turns":1},{"damage":0,"enemies":"2 Louse","floor":2,"turns":1},{"damage":0,"enemies":"Cultist","floor":5,"turns":1},{"damage":50,"enemies":"3 Sentries","floor":6,"turns":16},{"damage":18,"enemies":"Lagavulin","floor":11,"turns":8},{"damage":7,"enemies":"Blue Slaver","floor":12,"turns":5},{"damage":27,"enemies":"Gremlin Nob","floor":14,"turns":6},{"damage":75,"enemies":"Hexaghost","floor":16,"turns":14},{"damage":12,"enemies":"3 Byrds","floor":18,"turns":6},{"damage":10,"enemies":"Chosen","floor":19,"turns":7},{"damage":37,"enemies":"Colosseum Slavers","floor":20,"turns":7},{"damage":3,"enemies":"Snake Plant","floor":22,"turns":5},{"damage":16,"enemies":"Shelled Parasite and Fungi","floor":24,"turns":7},{"damage":53,"enemies":"3 Cultists","floor":29,"turns":8},{"damage":57,"enemies":"Collector","floor":33,"turns":5}],"seed_played":"1740682723746030137","potions_obtained":[{"floor":1,"key":"BloodPotion"},{"floor":6,"key":"Block Potion"},{"floor":14,"key":"SpeedPotion"},{"floor":24,"key":"Energy Potion"},{"floor":29,"key":"Strength Potion"}],"is_trial":false,"path_per_floor":["M","M","?","?","M","E","$","R","T","R","E","M","?","E","R","B",null,"M","M","?","$","M","R","M","R","T","?","$","M","?","$","R","B"],"character_chosen":"IRONCLAD","items_purchased":["Inflame","Anchor","Offering","Dramatic Entrance"],"campfire_rested":5,"item_purchase_floors":[7,21,31,31],"current_hp_per_floor":[78,80,80,80,80,44,44,68,68,68,63,62,83,62,87,18,70,64,60,29,29,32,58,48,74,74,74,74,27,27,27,53,0],"gold":33,"neow_bonus":"THREE_ENEMY_KILL","is_prod":false,"is_daily":false,"chose_seed":false,"campfire_upgraded":1,"win_rate":0,"timestamp":1557139470,"path_taken":["M","M","?","?","M","E","$","R","T","R","E","?","?","E","R","BOSS","M","M","?","$","M","R","M","R","T","?","?","?","?","$","R","BOSS"],"build_version":"2019-01-23","purchased_purges":1,"victory":false,"max_hp_per_floor":[80,80,80,80,80,80,80,80,80,80,87,87,87,87,87,87,87,87,87,87,87,87,87,87,87,87,87,87,87,87,87,87,87],"card_choices":[{"not_picked":["Flex","Shrug It Off"],"picked":"Disarm","floor":1},{"not_picked":["Perfected Strike","Clash"],"picked":"Flex","floor":2},{"not_picked":["Wild Strike","Twin Strike"],"picked":"Metallicize","floor":5},{"not_picked":["Sword Boomerang","Clothesline"],"picked":"Feel No Pain","floor":6},{"not_picked":["Entrench","Searing Blow"],"picked":"Corruption","floor":11},{"not_picked":["Blood for Blood","Perfected Strike"],"picked":"Pummel","floor":12},{"not_picked":["Thunderclap","Second Wind"],"picked":"Shockwave","floor":14},{"not_picked":["Immolate","Bludgeon"],"picked":"Limit Break","floor":16},{"not_picked":["Iron Wave","Rupture"],"picked":"Perfected Strike","floor":17},{"not_picked":["Twin Strike","Fire Breathing"],"picked":"True Grit","floor":17},{"not_picked":["Clothesline","Wild Strike"],"picked":"Flex","floor":17},{"not_picked":["Battle Trance","Anger"],"picked":"Offering","floor":17},{"not_picked":["Shrug It Off","Anger"],"picked":"Warcry","floor":18},{"not_picked":["True Grit","Havoc"],"picked":"Rage","floor":19},{"not_picked":["Warcry+1","Iron Wave"],"picked":"Limit Break","floor":22},{"not_picked":["Anger","Warcry"],"picked":"Disarm","floor":24},{"not_picked":["Bloodletting","Thunderclap+1"],"picked":"Sword Boomerang","floor":29}],"player_experience":1298735,"relics_obtained":[{"floor":6,"key":"Matryoshka"},{"floor":9,"key":"Red Skull"},{"floor":9,"key":"Bottled Lightning"},{"floor":11,"key":"Strawberry"},{"floor":14,"key":"Bottled Flame"},{"floor":26,"key":"Ornamental Fan"},{"floor":26,"key":"War Paint"}],"event_choices":[{"damage_healed":0,"gold_gain":0,"player_choice":"Grow","damage_taken":0,"max_hp_gain":0,"max_hp_loss":0,"event_name":"Living Wall","floor":3,"gold_loss":0,"cards_upgraded":["Disarm"]},{"cards_removed":["Strike_R"],"damage_healed":0,"gold_gain":0,"player_choice":"Purged","damage_taken":0,"max_hp_gain":0,"max_hp_loss":0,"event_name":"Purifier","floor":4,"gold_loss":0},{"damage_healed":21,"gold_gain":0,"player_choice":"Healed and dodged fight","damage_taken":0,"max_hp_gain":0,"max_hp_loss":0,"event_name":"Mushrooms","floor":13,"gold_loss":0,"cards_obtained":["Parasite"]},{"damage_healed":0,"gold_gain":0,"player_choice":"Fight","damage_taken":0,"max_hp_gain":0,"max_hp_loss":0,"event_name":"Colosseum","floor":20,"gold_loss":0},{"damage_healed":0,"gold_gain":0,"player_choice":"Fled From Nobs","damage_taken":0,"max_hp_gain":0,"max_hp_loss":0,"event_name":"Colosseum","floor":20,"gold_loss":0},{"damage_healed":0,"gold_gain":0,"player_choice":"Read","damage_taken":0,"max_hp_gain":0,"max_hp_loss":0,"event_name":"The Library","floor":27,"gold_loss":0,"cards_obtained":["Metallicize"]},{"damage_healed":0,"gold_gain":0,"player_choice":"Stole Relic","damage_taken":0,"relics_obtained":["Singing Bowl"],"max_hp_gain":0,"max_hp_loss":0,"event_name":"Addict","floor":30,"gold_loss":0,"cards_obtained":["Shame"]}],"is_beta":false,"boss_relics":[{"not_picked":["Snecko Eye","Black Blood"],"picked":"Orrery"}],"items_purged_floors":[31],"is_endless":false,"potions_floor_spawned":[1,6,14,20,24,29],"killed_by":"Collector","ascension_level":12}