{"gold_per_floor":[110,110,110,124,148,148,187,199,234,287,122,145,145,170,170,268,268,246,296,317,167,167,167],"floor_reached":23,"playtime":1632,"items_purged":[],"score":348,"play_id":"55ea335e-2e48-41b1-be27-4b38e5d86896","local_time":"20190512114805","is_ascension_mode":true,"campfire_choices":[{"floor":6,"key":"REST"},{"floor":8,"key":"REST"},{"data":"Flame Barrier","floor":15,"key":"SMITH"}],"neow_cost":"NONE","seed_source_timestamp":0,"circlet_count":0,"master_deck":["AscendersBane","Strike_R","Strike_R","Strike_R","Strike_R","Strike_R","Defend_R","Defend_R","Defend_R","Defend_R","Bash","Flame Barrier+1","Sever Soul","Headbutt","Battle Trance","Havoc","Offering","Havoc","Rage","Pummel","Feed","Corruption","Warcry","Jack Of All Trades"],"special_seed":0,"relics":["Burning Blood","Golden Idol","MawBank","Bag of Preparation","Dodecahedron","White Beast Statue"],"potions_floor_usage":[7,18,22,22],"damage_taken":[{"damage":6.0,"enemies":"Cultist","floor":1.0,"turns":4.0},{"damage":0,"enemies":"2 Louse","floor":4,"turns":4},{"damage":0,"enemies":"Small Slimes","floor":5,"turns":3},{"damage":28,"enemies":"3 Sentries","floor":7,"turns":9},{"damage":20,"enemies":"Gremlin Nob","floor":10,"turns":4},{"damage":18,"enemies":"Looter","floor":12,"turns":3},{"damage":2,"enemies":"3 Louse","floor":14,"turns":3},{"damage":66,"enemies":"Slime Boss","floor":16,"turns":14},{"damage":17,"enemies":"2 Thieves","floor":18,"turns":5},{"damage":0,"enemies":"3 Byrds","floor":20,"turns":2},{"damage":26,"enemies":"Colosseum Slavers","floor":22,"turns":4},{"damage":41,"enemies":"Slavers","floor":23,"turns":2}],"seed_played":"3703961316822828698","potions_obtained":[{"floor":0.0,"key":"Explosive Potion"},{"floor":0.0,"key":"GamblersBrew"},{"floor":14,"key":"FearPotion"},{"floor":16,"key":"SkillPotion"},{"floor":18,"key":"Explosive Potion"},{"floor":20,"key":"Fire Potion"}],"is_trial":false,"path_per_floor":["M","?","?","M","M","R","E","R","T","E","$","M","?","M","R","B",null,"M","?","M","$","?","E"],"character_chosen":"IRONCLAD","items_purchased":["Offering","Havoc","Warcry","Jack Of All Trades"],"campfire_rested":2,"item_purchase_floors":[11,11,21,21],"current_hp_per_floor":[68,68,42,48,54,75,53,75,75,61,61,49,74,75,75,15,60,49,49,55,55,38,0],"gold":167,"neow_bonus":"THREE_SMALL_POTIONS","is_prod":false,"is_daily":false,"chose_seed":false,"campfire_upgraded":1,"win_rate":0,"timestamp":1557650885,"path_taken":["M","?","?","M","M","R","E","R","T","E","$","M","?","M","R","BOSS","M","?","M","$","?","E"],"build_version":"2019-01-23","purchased_purges":0,"victory":false,"max_hp_per_floor":[75,75,75,75,75,75,75,75,75,75,75,75,75,75,75,75,75,75,75,75,75,78,78],"card_choices":[{"not_picked":["Metallicize","Twin Strike"],"picked":"Flame Barrier","floor":1.0},{"not_picked":["Heavy Blade","Bloodletting"],"picked":"Sever Soul","floor":4},{"not_picked":["Thunderclap","Iron Wave"],"picked":"Headbutt","floor":5},{"not_picked":["Spot Weakness","Reckless Charge"],"picked":"Battle Trance","floor":7},{"not_picked":["Rampage","Demon Form"],"picked":"Havoc","floor":10},{"not_picked":["Iron Wave","Anger"],"picked":"Rage","floor":12},{"not_picked":["Body Slam","Fire Breathing"],"picked":"Pummel","floor":14},{"not_picked":["Brutality","Berserk"],"picked":"Feed","floor":16},{"not_picked":["Fire Breathing","Blood for Blood","Reckless Charge+1"],"picked":"SKIP","floor":18},{"not_picked":["Clash","Dual Wield"],"picked":"Corruption","floor":20}],"player_experience":1335429,"relics_obtained":[{"floor":7,"key":"MawBank"},{"floor":9,"key":"Bag of Preparation"},{"floor":10,"key":"Dodecahedron"}],"event_choices":[{"damage_healed":0.0,"max_hp_gain":0.0,"max_hp_loss":0.0,"gold_gain":0.0,"event_name":"The Cleric","player_choice":"Leave","floor":2.0,"gold_loss":0.0,"damage_taken":0.0},{"damage_healed":0,"gold_gain":0,"player_choice":"Take Damage","damage_taken":26,"relics_obtained":["Golden Idol"],"max_hp_gain":0,"max_hp_loss":0,"event_name":"Golden Idol","floor":3,"gold_loss":0},{"damage_healed":25,"gold_gain":0,"player_choice":"Banana","damage_taken":0,"max_hp_gain":0,"max_hp_loss":0,"event_name":"Big Fish","floor":13,"gold_loss":0},{"damage_healed":0,"gold_gain":50,"player_choice":"Stole From Cult","damage_taken":0,"max_hp_gain":0,"max_hp_loss":0,"event_name":"Nest","floor":19,"gold_loss":0},{"damage_healed":0,"gold_gain":0,"player_choice":"Fight","damage_taken":0,"max_hp_gain":0,"max_hp_loss":0,"event_name":"Colosseum","floor":22,"gold_loss":0},{"damage_healed":0,"gold_gain":0,"player_choice":"Fled From Nobs","damage_taken":0,"max_hp_gain":0,"max_hp_loss":0,"event_name":"Colosseum","floor":22,"gold_loss":0}],"is_beta":false,"boss_relics":[{"not_picked":["Philosopher\u0027s Stone","Cursed Key"],"picked":"White Beast Statue"}],"items_purged_floors":[],"is_endless":false,"potions_floor_spawned":[4,5,14,16,18,20,22],"killed_by":"Slavers","ascension_level":15}