{"gold_per_floor":[116,116,126,51,69,69,103,28,75,110,122,122,122,147,147,223,223,223,143,143,143,143,143,143],"floor_reached":24,"playtime":1138,"items_purged":["Strike_G"],"score":400,"play_id":"f7a0978d-8963-4a0b-893c-a3237b447cd5","local_time":"20190531192824","is_ascension_mode":true,"campfire_choices":[{"data":"Bouncing Flask","floor":6,"key":"SMITH"},{"data":"Crippling Poison","floor":12,"key":"SMITH"},{"floor":15,"key":"REST"},{"floor":23,"key":"REST"}],"neow_cost":"NONE","seed_source_timestamp":430660197649747,"circlet_count":0,"master_deck":["AscendersBane","Defend_G","Defend_G","Defend_G","Defend_G","Defend_G","Strike_G","Strike_G","Survivor","Neutralize+1","Deadly Poison","Dagger Spray+1","Bouncing Flask+1","Crippling Poison+1","Well Laid Plans","Leg Sweep","Die Die Die","PiercingWail","PiercingWail"],"relics":["Ring of the Snake","Vajra","Happy Flower","Calipers","Strawberry","Ectoplasm"],"potions_floor_usage":[10,14,22,24],"damage_taken":[{"damage":0,"enemies":"2 Louse","floor":1,"turns":3},{"damage":2,"enemies":"Jaw Worm","floor":3,"turns":4},{"damage":1,"enemies":"Cultist","floor":5,"turns":3},{"damage":19,"enemies":"Gremlin Nob","floor":7,"turns":4},{"damage":23,"enemies":"Lagavulin","floor":10,"turns":6},{"damage":3,"enemies":"Blue Slaver","floor":11,"turns":3},{"damage":21,"enemies":"Gremlin Nob","floor":14,"turns":4},{"damage":2,"enemies":"Hexaghost","floor":16,"turns":9},{"damage":10,"enemies":"Chosen","floor":18,"turns":4},{"damage":15,"enemies":"2 Thieves","floor":19,"turns":3},{"damage":6,"enemies":"3 Cultists","floor":21,"turns":5},{"damage":29,"enemies":"Cultist and Chosen","floor":22,"turns":6},{"damage":27,"enemies":"Gremlin Leader","floor":24,"turns":6}],"seed_played":"728145373438761662","potions_obtained":[{"floor":7,"key":"Regen Potion"},{"floor":11,"key":"Weak Potion"},{"floor":16,"key":"SpeedPotion"},{"floor":19,"key":"EssenceOfSteel"}],"is_trial":false,"path_per_floor":["M","?","M","?","M","R","E","$","T","E","M","R","?","E","R","B",null,"M","M","?","M","M","R","E"],"character_chosen":"THE_SILENT","items_purchased":[],"campfire_rested":2,"item_purchase_floors":[],"current_hp_per_floor":[59,59,57,57,56,56,37,37,37,29,26,26,26,12,33,31,63,53,38,38,32,3,24,0],"gold":143,"neow_bonus":"TRANSFORM_CARD","is_prod":false,"is_daily":false,"chose_seed":false,"campfire_upgraded":2,"win_rate":0,"timestamp":1559323704,"path_taken":["M","?","M","?","M","R","E","$","T","E","?","R","?","E","R","BOSS","M","M","?","M","M","R","E"],"build_version":"2019-01-23","purchased_purges":1,"victory":false,"max_hp_per_floor":[66,66,66,66,66,66,66,66,66,66,66,66,66,73,73,73,73,73,73,73,73,73,73,73],"card_choices":[{"not_picked":["Dagger Throw","Underhanded Strike"],"picked":"Dagger Spray","floor":1},{"not_picked":["Flying Knee","Predator","Underhanded Strike"],"picked":"SKIP","floor":3},{"not_picked":["Quick Slash","Eviscerate"],"picked":"Bouncing Flask","floor":5},{"not_picked":["A Thousand Cuts","Storm of Steel"],"picked":"Crippling Poison","floor":7},{"not_picked":["Blur","Dagger Throw"],"picked":"Well Laid Plans","floor":10},{"not_picked":["Cloak And Dagger","Well Laid Plans","Crippling Poison"],"picked":"SKIP","floor":11},{"not_picked":["Backstab","Underhanded Strike"],"picked":"Leg Sweep","floor":14},{"not_picked":["Envenom","Storm of Steel"],"picked":"Die Die Die","floor":16},{"not_picked":["Blade Dance","Quick Slash","Cloak And Dagger"],"picked":"SKIP","floor":18},{"not_picked":["Slice","Prepared","Concentrate"],"picked":"SKIP","floor":19},{"not_picked":["All Out Attack","Deflect"],"picked":"PiercingWail","floor":21},{"not_picked":["Storm of Steel","Prepared"],"picked":"PiercingWail","floor":22}],"player_experience":642278,"relics_obtained":[{"floor":7,"key":"Vajra"},{"floor":9,"key":"Happy Flower"},{"floor":10,"key":"Calipers"},{"floor":14,"key":"Strawberry"}],"event_choices":[{"damage_healed":0,"gold_gain":0,"player_choice":"Grow","damage_taken":0,"max_hp_gain":0,"max_hp_loss":0,"event_name":"Living Wall","floor":2,"gold_loss":0,"cards_upgraded":["Dagger Spray"]},{"cards_removed":["Strike_G"],"damage_healed":0,"gold_gain":0,"player_choice":"Card Removal","damage_taken":0,"max_hp_gain":0,"max_hp_loss":0,"event_name":"The Cleric","floor":4,"gold_loss":75},{"damage_healed":0,"gold_gain":0,"player_choice":"Forge","damage_taken":0,"max_hp_gain":0,"max_hp_loss":0,"event_name":"Accursed Blacksmith","floor":13,"gold_loss":0,"cards_upgraded":["Neutralize"]},{"damage_healed":0,"gold_gain":0,"player_choice":"Ignored","damage_taken":0,"max_hp_gain":0,"max_hp_loss":0,"event_name":"Cursed Tome","floor":20,"gold_loss":0}],"is_beta":false,"boss_relics":[{"not_picked":["White Beast Statue","Pandora\u0027s Box"],"picked":"Ectoplasm"}],"items_purged_floors":[8],"is_endless":false,"potions_floor_spawned":[7,11,16,19],"killed_by":"Gremlin Leader","ascension_level":17}