{"gold_per_floor":[110,121,132,132,132,132,152,77,100,100,125,147,159,181,193,279,291,282,310,340,364,376,388,411,423],"floor_reached":25,"playtime":1504,"items_purged":["Strike_G"],"score":383,"play_id":"aa7dabc9-6c19-4402-b1f0-46f41100cf0c","local_time":"20190517072831","is_ascension_mode":true,"campfire_choices":[{"floor":6.0,"key":"REST"},{"data":"Cloak And Dagger","floor":10.0,"key":"SMITH"},{"floor":13.0,"key":"REST"},{"floor":15.0,"key":"REST"},{"floor":23,"key":"REST"}],"neow_cost":"NONE","seed_source_timestamp":1779568486158803,"circlet_count":0,"master_deck":["AscendersBane","Defend_G","Defend_G","Defend_G","Defend_G","Defend_G","Strike_G+1","Strike_G","Strike_G","Survivor+1","Neutralize+1","Infinite Blades","Cloak And Dagger+1","All Out Attack","PiercingWail","Well Laid Plans","Terror","Flying Knee","After Image","Regret","Backflip","Dagger Spray","Deflect+1","Writhe"],"special_seed":0,"relics":["Ring of the Snake","Omamori","MawBank","Calling Bell","Oddly Smooth Stone","Blue Candle","Du-Vu Doll","PreservedInsect"],"potions_floor_usage":[20,24,25],"damage_taken":[{"damage":8.0,"enemies":"Jaw Worm","floor":1.0,"turns":8.0},{"damage":19.0,"enemies":"Cultist","floor":2.0,"turns":7.0},{"damage":0.0,"enemies":"Small Slimes","floor":3.0,"turns":4.0},{"damage":0.0,"enemies":"2 Fungi Beasts","floor":7.0,"turns":3.0},{"damage":23.0,"enemies":"Lagavulin","floor":11.0,"turns":8.0},{"damage":7.0,"enemies":"Gremlin Gang","floor":12.0,"turns":5.0},{"damage":1.0,"enemies":"Looter","floor":14.0,"turns":4.0},{"damage":18.0,"enemies":"Slime Boss","floor":16.0,"turns":9.0},{"damage":16,"enemies":"2 Thieves","floor":18,"turns":4},{"damage":16,"enemies":"3 Byrds","floor":19,"turns":6},{"damage":2,"enemies":"3 Cultists","floor":20,"turns":6},{"damage":7,"enemies":"Centurion and Healer","floor":21,"turns":7},{"damage":3,"enemies":"Snake Plant","floor":24,"turns":4},{"damage":32,"enemies":"Slavers","floor":25,"turns":3}],"seed_played":"-8037894148345021225","potions_obtained":[{"floor":2.0,"key":"FearPotion"},{"floor":3.0,"key":"Strength Potion"},{"floor":16.0,"key":"SpeedPotion"},{"floor":19,"key":"Fire Potion"},{"floor":20,"key":"FearPotion"},{"floor":21,"key":"GamblersBrew"}],"is_trial":false,"path_per_floor":["M","M","M","?","?","R","M","$","T","R","E","M","R","M","R","B",null,"M","M","M","M","?","R","M","E"],"character_chosen":"THE_SILENT","items_purchased":[],"campfire_rested":4,"item_purchase_floors":[],"current_hp_per_floor":[51,32,32,12,12,31,31,31,31,31,8,1,20,19,38,20,55,39,23,21,14,14,33,30,0],"gold":423,"neow_bonus":"UPGRADE_CARD","is_prod":false,"is_daily":false,"chose_seed":false,"campfire_upgraded":1,"win_rate":0,"timestamp":1558045711,"path_taken":["M","M","M","?","?","R","M","?","T","R","E","M","R","M","R","BOSS","M","?","M","M","?","R","M","E"],"build_version":"2019-05-07","purchased_purges":1,"victory":false,"max_hp_per_floor":[66,66,66,66,66,66,66,66,66,66,66,66,66,66,66,66,66,66,66,66,66,66,66,66,66],"card_choices":[{"not_picked":["Deadly Poison","Riddle With Holes"],"picked":"Infinite Blades","floor":1.0},{"not_picked":["Flying Knee","Dagger Throw"],"picked":"Cloak And Dagger","floor":2.0},{"not_picked":["Outmaneuver","Slice"],"picked":"All Out Attack","floor":3.0},{"not_picked":["Blade Dance","Quick Slash"],"picked":"PiercingWail","floor":7.0},{"not_picked":["Eviscerate","Night Terror"],"picked":"Well Laid Plans","floor":11.0},{"not_picked":["Riddle With Holes","Backflip"],"picked":"Terror","floor":12.0},{"not_picked":["Setup","Underhanded Strike"],"picked":"Flying Knee","floor":14.0},{"not_picked":["Phantasmal Killer","Night Terror"],"picked":"After Image","floor":16.0},{"not_picked":["Bane","Outmaneuver"],"picked":"Backflip","floor":18},{"not_picked":["Slice","Phantasmal Killer","Outmaneuver"],"picked":"SKIP","floor":19},{"not_picked":["Deadly Poison","Acrobatics"],"picked":"Dagger Spray","floor":20},{"not_picked":["Dagger Throw","Sucker Punch"],"picked":"Deflect+1","floor":21},{"not_picked":["Sucker Punch","Underhanded Strike","Poisoned Stab+1"],"picked":"SKIP","floor":24}],"player_experience":3268590,"relics_obtained":[{"floor":9.0,"key":"Omamori"},{"floor":11.0,"key":"MawBank"},{"floor":17.0,"key":"Oddly Smooth Stone"},{"floor":17.0,"key":"Blue Candle"},{"floor":17.0,"key":"Du-Vu Doll"}],"event_choices":[{"damage_healed":0.0,"max_hp_gain":0.0,"max_hp_loss":0.0,"gold_gain":0.0,"event_name":"Shining Light","player_choice":"Entered Light","floor":4.0,"gold_loss":0.0,"damage_taken":20.0,"cards_upgraded":["Survivor","Strike_G"]},{"cards_removed":["Strike_G"],"damage_healed":0.0,"max_hp_gain":0.0,"max_hp_loss":0.0,"gold_gain":0.0,"event_name":"Living Wall","player_choice":"Forget","floor":5.0,"gold_loss":0.0,"damage_taken":0.0},{"damage_healed":0,"gold_gain":0,"player_choice":"Opened","damage_taken":0,"relics_obtained":["PreservedInsect"],"max_hp_gain":0,"max_hp_loss":0,"event_name":"The Mausoleum","floor":22,"gold_loss":0,"cards_obtained":["Writhe"]}],"is_beta":true,"boss_relics":[{"not_picked":["Pandora\u0027s Box","Velvet Choker"],"picked":"Calling Bell"}],"items_purged_floors":[8],"is_endless":false,"potions_floor_spawned":[2,3,16,19,20,21],"killed_by":"Slavers","ascension_level":17}