{"gold_per_floor":[110,110,260,277,257,257,290,290,343,376,376,386,386,406,406,406],"floor_reached":16,"playtime":571,"items_purged":[],"score":200,"play_id":"761f95cd-e4c6-4833-a7a9-503e05bcb6d7","local_time":"20190401003215","is_ascension_mode":true,"campfire_choices":[{"data":"Bash","floor":6,"key":"SMITH"},{"floor":8,"key":"REST"},{"data":"Entrench","floor":11,"key":"SMITH"},{"data":"Shockwave","floor":13,"key":"SMITH"},{"floor":15,"key":"REST"}],"neow_cost":"NONE","seed_source_timestamp":2764107891348883,"circlet_count":0,"master_deck":["AscendersBane","Strike_R","Strike_R","Strike_R","Strike_R","Strike_R","Defend_R","Defend_R","Defend_R","Defend_R","Bash+1","Purity","Iron Wave","Regret","Doubt","Infernal Blade","Dropkick","Entrench+1","Shockwave+1","Iron Wave"],"relics":["Burning Blood","Ornamental Fan","Shuriken","Juzu Bracelet","Ancient Tea Set"],"potions_floor_usage":[7,10,16],"damage_taken":[{"damage":11,"enemies":"Jaw Worm","floor":1,"turns":4},{"damage":15,"enemies":"2 Louse","floor":4,"turns":3},{"damage":33,"enemies":"Gremlin Nob","floor":7,"turns":4},{"damage":26,"enemies":"Lagavulin","floor":10,"turns":7},{"damage":11,"enemies":"Cultist","floor":12,"turns":4},{"damage":15,"enemies":"Blue Slaver","floor":14,"turns":4},{"damage":41,"enemies":"Hexaghost","floor":16,"turns":9}],"seed_played":"-8673581853349538640","potions_obtained":[{"floor":4,"key":"AttackPotion"},{"floor":5,"key":"SteroidPotion"},{"floor":10,"key":"Energy Potion"},{"floor":12,"key":"FearPotion"},{"floor":14,"key":"SkillPotion"}],"is_trial":false,"path_per_floor":["M","?","?","M","?","R","E","R","T","E","R","M","R","M","R","B"],"character_chosen":"IRONCLAD","items_purchased":[],"campfire_rested":2,"item_purchase_floors":[],"current_hp_per_floor":[63,63,63,54,54,54,27,49,49,29,29,24,24,15,37,0],"gold":406,"neow_bonus":"RANDOM_COLORLESS","is_prod":false,"is_daily":false,"chose_seed":false,"campfire_upgraded":3,"win_rate":0,"timestamp":1554046335,"path_taken":["M","?","?","M","?","R","E","R","T","E","R","M","R","M","R","BOSS"],"build_version":"2019-03-15","purchased_purges":0,"victory":false,"max_hp_per_floor":[75,75,75,75,75,75,75,75,75,75,75,75,75,75,75,75],"card_choices":[{"not_picked":["Clash","Anger"],"picked":"Iron Wave","floor":1},{"not_picked":["Seeing Red","Corruption"],"picked":"Infernal Blade","floor":4},{"not_picked":["Intimidate","Headbutt"],"picked":"Dropkick","floor":7},{"not_picked":["Body Slam","Bludgeon"],"picked":"Entrench","floor":10},{"not_picked":["True Grit","Carnage"],"picked":"Shockwave","floor":12},{"not_picked":["Searing Blow","Havoc"],"picked":"Iron Wave","floor":14}],"player_experience":2784826,"relics_obtained":[{"floor":7,"key":"Shuriken"},{"floor":9,"key":"Juzu Bracelet"},{"floor":10,"key":"Ancient Tea Set"}],"event_choices":[{"damage_healed":0,"gold_gain":0,"player_choice":"Box","damage_taken":0,"relics_obtained":["Ornamental Fan"],"max_hp_gain":0,"max_hp_loss":0,"event_name":"Big Fish","floor":2,"gold_loss":0,"cards_obtained":["Regret"]},{"damage_healed":0,"gold_gain":150,"player_choice":"AGREE","damage_taken":0,"max_hp_gain":0,"max_hp_loss":0,"event_name":"Liars Game","floor":3,"gold_loss":0,"cards_obtained":["Doubt"]},{"damage_healed":0,"gold_gain":0,"player_choice":"Bought 1 Potion","damage_taken":0,"max_hp_gain":0,"max_hp_loss":0,"event_name":"The Woman in Blue","floor":5,"gold_loss":0}],"is_beta":true,"boss_relics":[],"items_purged_floors":[],"is_endless":false,"potions_floor_spawned":[4,10,12,14],"killed_by":"Hexaghost","ascension_level":17}