{"gold_per_floor":[117,117,133,150,150,184,184,184,208,223,254,254,311,311,311,389,389,409,34,54,71,84,84,116,116,165,179,213,226,226,326,326,405,405,421,468,485,497,497],"floor_reached":39,"playtime":1145,"items_purged":["Defend_B"],"score":987,"play_id":"a34a94ad-d043-4a05-8477-525f185f8ed2","local_time":"20190516002831","is_ascension_mode":true,"campfire_choices":[{"floor":7.0,"key":"REST"},{"data":"Hologram","floor":12.0,"key":"SMITH"},{"data":"Storm","floor":15.0,"key":"SMITH"},{"data":"Conserve Battery","floor":23.0,"key":"SMITH"},{"floor":25.0,"key":"REST"},{"floor":32.0,"key":"REST"}],"neow_cost":"NONE","seed_source_timestamp":886323802842400,"circlet_count":0,"master_deck":["AscendersBane","Strike_B+1","Strike_B+1","Defend_B","Defend_B","Zap","Dualcast","Ball Lightning+1","Go for the Eyes+1","Self Repair","Chill","Steam","Electrodynamics","Hologram+1","Storm+1","Capacitor","Thunder Strike","Fusion","Glacier","Conserve Battery+1","Seek","Barrage","Shame","Turbo","Loop","Storm","Writhe","Echo Form"],"special_seed":0,"relics":["Cracked Core","Dream Catcher","Lantern","Whetstone","Cables","Cursed Key","Runic Capacitor","Torii","PreservedInsect","Meat on the Bone","StoneCalendar","Prayer Wheel","Singing Bowl","Eternal Feather","Emotion Chip"],"potions_floor_usage":[38],"damage_taken":[{"damage":2.0,"enemies":"2 Louse","floor":1.0,"turns":2.0},{"damage":2.0,"enemies":"Jaw Worm","floor":3.0,"turns":3.0},{"damage":1.0,"enemies":"Small Slimes","floor":4.0,"turns":3.0},{"damage":30.0,"enemies":"3 Sentries","floor":6.0,"turns":6.0},{"damage":25.0,"enemies":"Exordium Thugs","floor":10.0,"turns":6.0},{"damage":0.0,"enemies":"Lagavulin","floor":11.0,"turns":7.0},{"damage":0.0,"enemies":"3 Sentries","floor":13.0,"turns":4.0},{"damage":22.0,"enemies":"The Guardian","floor":16.0,"turns":11.0},{"damage":8.0,"enemies":"Chosen","floor":18.0,"turns":4.0},{"damage":17.0,"enemies":"Shell Parasite","floor":20.0,"turns":5.0},{"damage":1.0,"enemies":"Chosen and Byrds","floor":21.0,"turns":3.0},{"damage":18.0,"enemies":"Centurion and Healer","floor":22.0,"turns":3.0},{"damage":6.0,"enemies":"Book of Stabbing","floor":24.0,"turns":4.0},{"damage":13.0,"enemies":"Snake Plant","floor":27.0,"turns":4.0},{"damage":0.0,"enemies":"Gremlin Leader","floor":28.0,"turns":3.0},{"damage":3.0,"enemies":"Cultist and Chosen","floor":29.0,"turns":5.0},{"damage":11.0,"enemies":"Colosseum Slavers","floor":31.0,"turns":3.0},{"damage":47.0,"enemies":"Colosseum Nobs","floor":31.0,"turns":4.0},{"damage":45.0,"enemies":"Automaton","floor":33.0,"turns":7.0},{"damage":1.0,"enemies":"3 Shapes","floor":35.0,"turns":4.0},{"damage":77.0,"enemies":"2 Orb Walkers","floor":36.0,"turns":5.0},{"damage":30.0,"enemies":"3 Darklings","floor":37.0,"turns":3.0},{"damage":15,"enemies":"Spire Growth","floor":38,"turns":4},{"damage":34,"enemies":"Jaw Worm Horde","floor":39,"turns":1}],"seed_played":"433634253182075691","potions_obtained":[{"floor":3.0,"key":"SpeedPotion"},{"floor":4.0,"key":"PowerPotion"},{"floor":16.0,"key":"Energy Potion"},{"floor":18.0,"key":"GamblersBrew"},{"floor":22.0,"key":"SkillPotion"},{"floor":31.0,"key":"Block Potion"},{"floor":33.0,"key":"GamblersBrew"},{"floor":35.0,"key":"Regen Potion"},{"floor":36.0,"key":"FocusPotion"}],"is_trial":false,"path_per_floor":["M","?","M","M","?","E","R","?","T","M","E","R","?","?","R","B",null,"M","$","M","M","M","R","E","R","T","M","E","M","?","?","R","B",null,"M","?","M","M","M"],"character_chosen":"DEFECT","items_purchased":["Runic Capacitor","Fusion"],"campfire_rested":3,"item_purchase_floors":[19,19],"current_hp_per_floor":[69,46,44,43,36,20,43,43,43,25,32,32,39,39,39,24,65,57,57,47,46,35,35,36,59,59,53,60,64,64,27,53,27,68,78,36,22,30,0],"gold":497,"neow_bonus":"TEN_PERCENT_HP_BONUS","is_prod":false,"is_daily":false,"chose_seed":false,"campfire_upgraded":3,"win_rate":0,"timestamp":1557934111,"path_taken":["M","?","M","M","?","E","R","?","T","?","E","R","?","?","R","BOSS","M","$","M","M","M","R","E","R","T","M","E","M","?","?","R","BOSS","M","?","M","M","M"],"build_version":"2019-01-23","purchased_purges":1,"victory":false,"max_hp_per_floor":[78,78,78,78,78,78,78,78,78,78,78,78,78,78,78,78,78,78,78,78,78,78,78,78,78,78,78,78,78,78,80,82,82,82,86,88,92,96,96],"card_choices":[{"not_picked":["Stack","Undo"],"picked":"Ball Lightning","floor":1.0},{"not_picked":["Gash","Stack"],"picked":"Go for the Eyes","floor":3.0},{"not_picked":["Compile Driver","Go for the Eyes"],"picked":"Self Repair","floor":4.0},{"not_picked":["Skim","Cold Snap"],"picked":"Chill","floor":6.0},{"not_picked":["Hello World","Heatsinks"],"picked":"Steam","floor":7.0},{"not_picked":["Melter","Sweeping Beam"],"picked":"Electrodynamics","floor":10.0},{"not_picked":["Coolheaded","Rebound"],"picked":"Hologram","floor":11.0},{"not_picked":["Rebound","Auto Shields"],"picked":"Storm","floor":13.0},{"not_picked":["Buffer","Reboot"],"picked":"Thunder Strike","floor":16.0},{"not_picked":["Go for the Eyes","Beam Cell","Compile Driver"],"picked":"SKIP","floor":18.0},{"not_picked":["Streamline","Cold Snap"],"picked":"Glacier","floor":20.0},{"not_picked":["Beam Cell","Rebound","Sweeping Beam"],"picked":"SKIP","floor":21.0},{"not_picked":["Rainbow","Darkness"],"picked":"Conserve Battery","floor":22.0},{"not_picked":["Coolheaded","Beam Cell"],"picked":"Seek","floor":24.0},{"not_picked":["Sweeping Beam","Capacitor"],"picked":"Barrage","floor":25.0},{"not_picked":["Ball Lightning","Tempest"],"picked":"Turbo","floor":27.0},{"not_picked":["Stack","Hello World"],"picked":"Loop","floor":28.0},{"not_picked":["Lockon+1","Compile Driver"],"picked":"Storm","floor":29.0},{"not_picked":["Lockon","Hello World","Steam"],"picked":"Singing Bowl","floor":31.0},{"not_picked":["Melter","Heatsinks","Conserve Battery"],"picked":"Singing Bowl","floor":32.0},{"not_picked":["Buffer","Creative AI"],"picked":"Echo Form","floor":33.0},{"not_picked":["Gash","Steam+1","Reinforced Body"],"picked":"Singing Bowl","floor":35.0},{"not_picked":["Streamline","Steam Power","Steam"],"picked":"Singing Bowl","floor":35.0},{"not_picked":["Go for the Eyes+1","Darkness+1","Streamline+1"],"picked":"Singing Bowl","floor":36.0},{"not_picked":["Redo+1","Hologram+1","Compile Driver+1"],"picked":"Singing Bowl","floor":37.0},{"not_picked":["Rebound","Redo","Thunder Strike"],"picked":"Singing Bowl","floor":37.0},{"not_picked":["Turbo","White Noise","Sweeping Beam"],"picked":"Singing Bowl","floor":38},{"not_picked":["BootSequence","Streamline","Stack"],"picked":"Singing Bowl","floor":38}],"player_experience":5038849,"relics_obtained":[{"floor":6.0,"key":"Dream Catcher"},{"floor":9.0,"key":"Lantern"},{"floor":11.0,"key":"Whetstone"},{"floor":24.0,"key":"Torii"},{"floor":26.0,"key":"PreservedInsect"},{"floor":28.0,"key":"Meat on the Bone"},{"floor":31.0,"key":"Prayer Wheel"},{"floor":31.0,"key":"Singing Bowl"},{"floor":36.0,"key":"Emotion Chip"}],"event_choices":[{"damage_healed":0.0,"max_hp_gain":0.0,"max_hp_loss":0.0,"gold_gain":0.0,"event_name":"Shining Light","player_choice":"Entered Light","floor":2.0,"gold_loss":0.0,"damage_taken":23.0,"cards_upgraded":["Strike_B","Strike_B"]},{"cards_removed":["Strike_B"],"damage_healed":0.0,"max_hp_gain":0.0,"max_hp_loss":0.0,"gold_gain":0.0,"event_name":"Golden Wing","player_choice":"Card Removal","floor":5.0,"gold_loss":0.0,"damage_taken":7.0},{"cards_removed":["Defend_B"],"damage_healed":0.0,"max_hp_gain":0.0,"max_hp_loss":0.0,"gold_gain":0.0,"event_name":"Purifier","player_choice":"Purged","floor":8.0,"gold_loss":0.0,"damage_taken":0.0},{"damage_healed":0.0,"max_hp_gain":0.0,"max_hp_loss":0.0,"gold_gain":0.0,"event_name":"Dead Adventurer","player_choice":"Searched \u00272\u0027 times","floor":13.0,"gold_loss":0.0,"damage_taken":0.0,"relics_obtained":["Cables"]},{"damage_healed":0.0,"max_hp_gain":0.0,"max_hp_loss":0.0,"gold_gain":0.0,"cards_transformed":["Strike_B"],"event_name":"Living Wall","player_choice":"Change","floor":14.0,"gold_loss":0.0,"damage_taken":0.0,"cards_obtained":["Capacitor"]},{"damage_healed":0.0,"max_hp_gain":0.0,"max_hp_loss":0.0,"gold_gain":0.0,"event_name":"The Mausoleum","player_choice":"Opened","floor":30.0,"gold_loss":0.0,"damage_taken":0.0,"relics_obtained":["StoneCalendar"],"cards_obtained":["Writhe"]},{"damage_healed":0.0,"max_hp_gain":0.0,"max_hp_loss":0.0,"gold_gain":0.0,"event_name":"Colosseum","player_choice":"Fight","floor":31.0,"gold_loss":0.0,"damage_taken":0.0},{"damage_healed":0.0,"max_hp_gain":0.0,"max_hp_loss":0.0,"gold_gain":0.0,"event_name":"Colosseum","player_choice":"Fought Nobs","floor":31.0,"gold_loss":0.0,"damage_taken":0.0},{"damage_healed":0.0,"max_hp_gain":0.0,"max_hp_loss":0.0,"gold_gain":0.0,"event_name":"Mysterious Sphere","player_choice":"Fight","floor":36.0,"gold_loss":0.0,"damage_taken":0.0}],"is_beta":false,"boss_relics":[{"not_picked":["FrozenCore","Lizard Tail"],"picked":"Cursed Key"},{"not_picked":["Pandora\u0027s Box","Fusion Hammer"],"picked":"Eternal Feather"}],"items_purged_floors":[19],"is_endless":false,"potions_floor_spawned":[3,4,16,18,22,31,33,35,36],"killed_by":"Jaw Worm Horde","ascension_level":20}