{"gold_per_floor":[110,122,122,134,134,134,152,152,204,204,216,244,181,31,31,104,104,122,122,138,157,170,170,202,202,229,229,257,257,257],"floor_reached":30,"playtime":2660,"items_purged":["Strike_G"],"score":736,"play_id":"a6e7509d-6023-406a-b7d8-fc9c3e06e4d4","local_time":"20190515011538","is_ascension_mode":true,"campfire_choices":[{"data":"Burst","floor":6.0,"key":"SMITH"},{"floor":8.0,"key":"REST"},{"data":"Neutralize","floor":10.0,"key":"SMITH"},{"data":"Well Laid Plans","floor":15.0,"key":"SMITH"},{"data":"Ghostly","floor":23,"key":"SMITH"},{"data":"Ghostly","floor":25,"key":"SMITH"},{"data":"Ghostly","floor":27,"key":"SMITH"},{"data":"Malaise","floor":29,"key":"SMITH"}],"neow_cost":"TEN_PERCENT_HP_LOSS","seed_source_timestamp":1583436575753813,"circlet_count":0,"master_deck":["AscendersBane","Survivor","Neutralize+1","Burst+1","Finisher","Dagger Spray","Deflect","Blur","Escape Plan","Leg Sweep","Cloak And Dagger","Well Laid Plans+1","Malaise+1","Skewer","Riddle With Holes","Corpse Explosion","Acrobatics","Leg Sweep","Grand Finale","Blade Dance","Ghostly+1","Ghostly+1","Ghostly+1","Escape Plan+1","Terror","PiercingWail"],"special_seed":0,"relics":["Ring of the Snake","WarpedTongs","PreservedInsect","MawBank","Pandora\u0027s Box","Bronze Scales","Omamori","The Courier"],"potions_floor_usage":[30],"damage_taken":[{"damage":4.0,"enemies":"Cultist","floor":1.0,"turns":3.0},{"damage":0.0,"enemies":"2 Louse","floor":2.0,"turns":2.0},{"damage":1.0,"enemies":"Small Slimes","floor":4.0,"turns":4.0},{"damage":17.0,"enemies":"Exordium Wildlife","floor":7.0,"turns":11.0},{"damage":5.0,"enemies":"Large Slime","floor":11.0,"turns":11.0},{"damage":5.0,"enemies":"3 Sentries","floor":12.0,"turns":10.0},{"damage":0.0,"enemies":"The Guardian","floor":16.0,"turns":21.0},{"damage":21.0,"enemies":"Chosen","floor":18.0,"turns":8.0},{"damage":0,"enemies":"2 Thieves","floor":20,"turns":4},{"damage":9,"enemies":"Snake Plant","floor":21,"turns":8},{"damage":7,"enemies":"Snecko","floor":22,"turns":9},{"damage":0,"enemies":"Gremlin Leader","floor":24,"turns":9},{"damage":0,"enemies":"Book of Stabbing","floor":28,"turns":6},{"damage":26,"enemies":"Masked Bandits","floor":30,"turns":3}],"seed_played":"704251791652094827","potions_obtained":[{"floor":11.0,"key":"Energy Potion"},{"floor":16.0,"key":"Weak Potion"},{"floor":18.0,"key":"Dexterity Potion"},{"floor":20,"key":"Ancient Potion"}],"is_trial":false,"path_per_floor":["M","M","?","M","?","R","M","R","T","R","M","E","?","$","R","B",null,"M","?","M","M","M","R","E","R","T","R","E","R","?"],"character_chosen":"THE_SILENT","items_purchased":["Well Laid Plans"],"campfire_rested":1,"item_purchase_floors":[14],"current_hp_per_floor":[55,55,55,54,54,54,37,55,55,55,50,45,45,45,45,45,56,35,30,30,21,14,14,14,14,14,14,14,14,0],"gold":257,"neow_bonus":"TRANSFORM_TWO_CARDS","is_prod":false,"is_daily":false,"chose_seed":false,"campfire_upgraded":7,"win_rate":0,"timestamp":1557850538,"path_taken":["M","?","?","M","?","R","M","R","T","R","?","E","?","$","R","BOSS","M","?","M","M","M","R","E","R","T","R","E","R","?"],"build_version":"2019-05-07","purchased_purges":1,"victory":false,"max_hp_per_floor":[60,60,60,60,60,60,60,60,60,60,60,60,60,60,60,60,60,60,30,30,30,30,30,30,30,30,30,30,30,30],"card_choices":[{"not_picked":["Slice","Underhanded Strike"],"picked":"Dagger Spray","floor":1.0},{"not_picked":["Accuracy","Poisoned Stab"],"picked":"Deflect","floor":2.0},{"not_picked":["Expertise","Caltrops"],"picked":"Blur","floor":4.0},{"not_picked":["Unload","Bane"],"picked":"Escape Plan","floor":7.0},{"not_picked":["Quick Slash","Dagger Spray"],"picked":"Leg Sweep","floor":11.0},{"not_picked":["Grand Finale","Storm of Steel"],"picked":"Cloak And Dagger","floor":12.0},{"not_picked":["Envenom","Tools of the Trade"],"picked":"Malaise","floor":16.0},{"not_picked":["Outmaneuver","Distraction","Riddle With Holes"],"picked":"SKIP","floor":18.0},{"not_picked":["Riddle With Holes","Bane"],"picked":"Escape Plan+1","floor":20},{"not_picked":["Sucker Punch","Dagger Spray+1","Poisoned Stab"],"picked":"SKIP","floor":21},{"not_picked":["Setup","Dagger Throw+1"],"picked":"Terror","floor":22},{"not_picked":["Sucker Punch+1","Poisoned Stab"],"picked":"PiercingWail","floor":24},{"not_picked":["Blade Dance","Prepared","Flying Knee"],"picked":"SKIP","floor":28}],"player_experience":3235714,"relics_obtained":[{"floor":9.0,"key":"PreservedInsect"},{"floor":12.0,"key":"MawBank"},{"floor":24,"key":"Bronze Scales"},{"floor":26,"key":"Omamori"},{"floor":28,"key":"The Courier"}],"event_choices":[{"damage_healed":0.0,"max_hp_gain":0.0,"max_hp_loss":0.0,"gold_gain":0.0,"event_name":"Liars Game","player_choice":"Ignored","floor":3.0,"gold_loss":0.0,"damage_taken":0.0},{"damage_healed":0.0,"max_hp_gain":0.0,"max_hp_loss":0.0,"gold_gain":0.0,"event_name":"Accursed Blacksmith","player_choice":"Rummage","floor":5.0,"gold_loss":0.0,"damage_taken":0.0,"relics_obtained":["WarpedTongs"],"cards_obtained":["Pain"]},{"cards_removed":["Pain"],"damage_healed":0.0,"max_hp_gain":0.0,"max_hp_loss":0.0,"gold_gain":0.0,"event_name":"The Cleric","player_choice":"Card Removal","floor":13.0,"gold_loss":75.0,"damage_taken":0.0},{"damage_healed":0,"gold_gain":0,"player_choice":"Became a Ghost","damage_taken":0,"max_hp_gain":0,"max_hp_loss":30,"event_name":"Ghosts","floor":19,"gold_loss":0,"cards_obtained":["Ghostly","Ghostly","Ghostly"]},{"damage_healed":0,"gold_gain":0,"player_choice":"Fought Bandits","damage_taken":0,"max_hp_gain":0,"max_hp_loss":0,"event_name":"Masked Bandits","floor":30,"gold_loss":0}],"is_beta":true,"boss_relics":[{"not_picked":["Orrery","Cursed Key"],"picked":"Pandora\u0027s Box"}],"items_purged_floors":[14],"is_endless":false,"potions_floor_spawned":[11,16,18,20,21,28],"killed_by":"Masked Bandits","ascension_level":20}