{"gold_per_floor":[119,131,16,91,56,86,86,97,97,131,144,144,144,144,144,275,275,288,288,283,28,28,47,47,61,61,61,186,201,201,237,237,363,363,376,376,49,68,1067,1083,1083,50,119,133,133,214,252,275,275,275],"floor_reached":50,"playtime":3430,"items_purged":["Normality"],"score":573,"play_id":"f35c1818-1016-406e-81d9-84e2a79f70e6","local_time":"20181119164637","is_ascension_mode":false,"campfire_choices":[{"floor":7.0,"key":"REST"},{"floor":15.0,"key":"REST"},{"floor":24.0,"key":"REST"},{"floor":30.0,"key":"REST"},{"floor":32.0,"key":"REST"},{"floor":41.0,"key":"REST"},{"data":"After Image","floor":45.0,"key":"SMITH"},{"floor":49.0,"key":"REST"}],"neow_cost":"NONE","seed_source_timestamp":0,"circlet_count":0,"master_deck":["Defend_G","Defend_G","Defend_G","Defend_G","Defend_G","Strike_G","Strike_G","Strike_G","Strike_G","Strike_G","Survivor","Neutralize","Tools of the Trade","Poisoned Stab","Dagger Spray","Infinite Blades","Setup","PiercingWail","Accuracy","After Image+1","Flying Knee+1","Envenom","Backstab+1","Flying Knee+1","Infinite Blades","Deflect","Sucker Punch+1","Bouncing Flask+1","Finisher+1","Slice+1","Predator+1","Leg Sweep","Burst","Poisoned Stab+1","Mind Blast+1","The Bomb","Dodge and Roll","Quick Slash+1","Backstab+1","Normality","Outmaneuver","Bane+1","Accuracy","Dark Shackles","Deflect","Cloak And Dagger+1","Cloak And Dagger","Well Laid Plans+1"],"special_seed":0,"relics":["Ring of the Serpent","Omamori","Molten Egg 2","Meat on the Bone","Golden Idol","Vajra","Art of War","Centennial Puzzle","Bronze Scales","Tough Bandages","Gremlin Horn","Snake Skull","WristBlade","Pear","Blood Vial","Shovel","Strange Spoon","Ninja Scroll","Dodecahedron","Singing Bowl"],"potions_floor_usage":[50,50],"damage_taken":[{"damage":2.0,"enemies":"Small Slimes","floor":1.0,"turns":4.0},{"damage":0.0,"enemies":"2 Louse","floor":2.0,"turns":3.0},{"damage":15.0,"enemies":"3 Sentries","floor":6.0,"turns":7.0},{"damage":4.0,"enemies":"Cultist","floor":8.0,"turns":5.0},{"damage":33.0,"enemies":"Lagavulin","floor":10.0,"turns":8.0},{"damage":5.0,"enemies":"Looter","floor":11.0,"turns":4.0},{"damage":38.0,"enemies":"Hexaghost","floor":16.0,"turns":12.0},{"damage":6.0,"enemies":"3 Byrds","floor":18.0,"turns":5.0},{"damage":30.0,"enemies":"2 Thieves","floor":20.0,"turns":4.0},{"damage":10.0,"enemies":"Chosen and Byrds","floor":23.0,"turns":6.0},{"damage":7.0,"enemies":"Snecko","floor":25.0,"turns":5.0},{"damage":16.0,"enemies":"Colosseum Slavers","floor":28.0,"turns":5.0},{"damage":19.0,"enemies":"Colosseum Nobs","floor":28.0,"turns":5.0},{"damage":21.0,"enemies":"Centurion and Healer","floor":29.0,"turns":4.0},{"damage":27.0,"enemies":"Book of Stabbing","floor":31.0,"turns":5.0},{"damage":32.0,"enemies":"Collector","floor":33.0,"turns":7.0},{"damage":44.0,"enemies":"3 Darklings","floor":35.0,"turns":6.0},{"damage":23.0,"enemies":"3 Shapes","floor":38.0,"turns":5.0},{"damage":25.0,"enemies":"Writhing Mass","floor":40.0,"turns":3.0},{"damage":16.0,"enemies":"Transient","floor":44.0,"turns":5.0},{"damage":38.0,"enemies":"Nemesis","floor":47.0,"turns":6.0},{"damage":18.0,"enemies":"Spire Growth","floor":48.0,"turns":3.0},{"damage":49,"enemies":"Time Eater","floor":50,"turns":6}],"seed_played":"-5372070647674940317","potions_obtained":[{"floor":2.0,"key":"Fire Potion"},{"floor":11.0,"key":"Dexterity Potion"},{"floor":20.0,"key":"GamblersBrew"},{"floor":23.0,"key":"Weak Potion"},{"floor":28.0,"key":"Strength Potion"},{"floor":29.0,"key":"Regen Potion"},{"floor":31.0,"key":"EssenceOfSteel"},{"floor":38.0,"key":"Weak Potion"},{"floor":48.0,"key":"Weak Potion"}],"is_trial":false,"path_per_floor":["M","M","$","?","?","E","R","M","T","E","M","?","?","T","R","B",null,"M","?","M","$","?","M","R","M","T","?","?","M","R","E","R","B",null,"M","?","$","M","?","M","R","$","T","M","R","T","E","M","R","B"],"character_chosen":"THE_SILENT","items_purchased":["Infinite Blades","Setup","Centennial Puzzle","Infinite Blades","Deflect","Pear","Dodge and Roll","Quick Slash+1","Blood Vial","Shovel","Strange Spoon","Bane+1","Accuracy","Dark Shackles","Deflect","SkillPotion"],"campfire_rested":7,"item_purchase_floors":[3,3,21,21,21,37,37,37,42,42,42,42,42,42,42,42],"current_hp_per_floor":[68,68,68,57,70,55,70,66,66,33,40,40,40,40,61,35,70,64,64,46,46,46,36,57,50,50,50,39,30,51,39,60,40,70,38,33,43,32,32,19,43,43,43,41,41,41,17,13,37,0],"gold":275,"neow_bonus":"ONE_RANDOM_RARE_CARD","is_prod":false,"is_daily":false,"chose_seed":false,"campfire_upgraded":1,"win_rate":0,"timestamp":1542667597,"path_taken":["M","M","$","?","?","E","R","M","T","E","M","?","?","?","R","BOSS","M","?","M","$","?","M","R","M","T","?","?","?","R","E","R","BOSS","M","?","$","M","?","M","R","$","T","M","R","?","E","M","R","BOSS"],"build_version":"2018-11-15","purchased_purges":1,"victory":false,"max_hp_per_floor":[70,70,70,70,70,70,70,70,70,70,70,70,70,70,70,70,70,70,70,70,70,70,70,70,70,70,70,70,70,70,70,70,70,70,70,70,80,80,80,80,80,80,80,80,80,80,80,80,80,80],"card_choices":[{"not_picked":["Bane","Slice"],"picked":"Poisoned Stab","floor":1.0},{"not_picked":["Sucker Punch","Slice"],"picked":"Dagger Spray","floor":2.0},{"not_picked":["Burst","Caltrops"],"picked":"PiercingWail","floor":6.0},{"not_picked":["Expertise","PiercingWail"],"picked":"Accuracy","floor":8.0},{"not_picked":["Dash+1","Underhanded Strike+1"],"picked":"After Image","floor":10.0},{"not_picked":["Eviscerate+1","Sucker Punch+1"],"picked":"Flying Knee+1","floor":11.0},{"not_picked":["Bullet Time","Adrenaline"],"picked":"Envenom","floor":16.0},{"not_picked":["Dodge and Roll","Endless Agony+1"],"picked":"Backstab+1","floor":18.0},{"not_picked":["Acrobatics","Leg Sweep"],"picked":"Flying Knee+1","floor":20.0},{"not_picked":["Accuracy","PiercingWail"],"picked":"Sucker Punch+1","floor":23.0},{"not_picked":["Dagger Throw+1","Endless Agony+1"],"picked":"Bouncing Flask+1","floor":25.0},{"not_picked":["Night Terror","Dodge and Roll"],"picked":"Slice+1","floor":28.0},{"not_picked":["Bouncing Flask+1","Deadly Poison+1"],"picked":"Predator+1","floor":29.0},{"not_picked":["Slice+1","Backflip"],"picked":"Leg Sweep","floor":31.0},{"not_picked":["Venomology","Doppelganger"],"picked":"Burst","floor":33.0},{"not_picked":["Acrobatics","Expertise+1"],"picked":"Poisoned Stab+1","floor":35.0},{"not_picked":["Swift Strike+1","Forethought"],"picked":"Mind Blast+1","floor":36.0},{"not_picked":["Forethought","Trip"],"picked":"The Bomb","floor":36.0},{"not_picked":["Setup+1","Deflect+1"],"picked":"Backstab+1","floor":38.0},{"not_picked":["Slice+1","PiercingWail"],"picked":"Outmaneuver","floor":40.0},{"not_picked":["Blade Dance+1","Bouncing Flask"],"picked":"Cloak And Dagger+1","floor":44.0},{"not_picked":["Reflex","Caltrops"],"picked":"Cloak And Dagger","floor":47.0},{"not_picked":["Blur+1","Quick Slash+1"],"picked":"Well Laid Plans+1","floor":48.0}],"player_experience":420822,"relics_obtained":[{"floor":6.0,"key":"Omamori"},{"floor":9.0,"key":"Molten Egg 2"},{"floor":10.0,"key":"Meat on the Bone"},{"floor":14.0,"key":"Art of War"},{"floor":26.0,"key":"Bronze Scales"},{"floor":28.0,"key":"Tough Bandages"},{"floor":28.0,"key":"Gremlin Horn"},{"floor":31.0,"key":"Snake Skull"},{"floor":43.0,"key":"Ninja Scroll"},{"floor":46.0,"key":"Dodecahedron"},{"floor":47.0,"key":"Singing Bowl"}],"event_choices":[{"damage_healed":0.0,"max_hp_gain":0.0,"max_hp_loss":0.0,"gold_gain":75.0,"event_name":"World of Goop","player_choice":"Gather Gold","floor":4.0,"gold_loss":0.0,"damage_taken":11.0},{"damage_healed":17.0,"max_hp_gain":0.0,"max_hp_loss":0.0,"gold_gain":0.0,"event_name":"The Cleric","player_choice":"Healed","floor":5.0,"gold_loss":35.0,"damage_taken":0.0},{"damage_healed":0.0,"max_hp_gain":0.0,"max_hp_loss":0.0,"gold_gain":0.0,"event_name":"Golden Idol","player_choice":"Take Wound","floor":12.0,"gold_loss":0.0,"damage_taken":0.0,"relics_obtained":["Golden Idol"],"cards_obtained":["Injury"]},{"damage_healed":0.0,"max_hp_gain":0.0,"max_hp_loss":0.0,"gold_gain":0.0,"event_name":"Big Fish","player_choice":"Box","floor":13.0,"gold_loss":0.0,"damage_taken":0.0,"relics_obtained":["Vajra"],"cards_obtained":["Regret"]},{"damage_healed":0.0,"max_hp_gain":0.0,"max_hp_loss":0.0,"gold_gain":0.0,"event_name":"Vampires","player_choice":"Ignored","floor":19.0,"gold_loss":0.0,"damage_taken":0.0},{"damage_healed":0.0,"max_hp_gain":0.0,"max_hp_loss":0.0,"gold_gain":0.0,"event_name":"Beggar","player_choice":"Ignored","floor":22.0,"gold_loss":0.0,"damage_taken":0.0},{"damage_healed":0.0,"max_hp_gain":0.0,"max_hp_loss":0.0,"gold_gain":0.0,"event_name":"The Library","player_choice":"Read","floor":27.0,"gold_loss":0.0,"damage_taken":0.0,"cards_obtained":["Finisher"]},{"damage_healed":0.0,"max_hp_gain":0.0,"max_hp_loss":0.0,"gold_gain":0.0,"event_name":"Colosseum","player_choice":"Fight","floor":28.0,"gold_loss":0.0,"damage_taken":0.0},{"damage_healed":0.0,"max_hp_gain":0.0,"max_hp_loss":0.0,"gold_gain":0.0,"event_name":"Colosseum","player_choice":"Fought Nobs","floor":28.0,"gold_loss":0.0,"damage_taken":0.0},{"damage_healed":0.0,"max_hp_gain":0.0,"max_hp_loss":0.0,"gold_gain":0.0,"event_name":"SensoryStone","player_choice":"Memory 2","floor":36.0,"gold_loss":0.0,"damage_taken":5.0},{"damage_healed":0.0,"max_hp_gain":0.0,"max_hp_loss":0.0,"gold_gain":999.0,"event_name":"MindBloom","player_choice":"Gold","floor":39.0,"gold_loss":0.0,"damage_taken":0.0,"cards_obtained":["Normality","Normality"]}],"is_beta":false,"boss_relics":[{"not_picked":["Velvet Choker","White Beast Statue"],"picked":"Ring of the Serpent"},{"not_picked":["Calling Bell","Tiny House"],"picked":"WristBlade"}],"items_purged_floors":[42],"is_endless":false,"potions_floor_spawned":[2,11,20,23,28,29,31,38,48],"killed_by":"Time Eater","ascension_level":0}