{"gold_per_floor":[111,111,123,123,123,123,162,162,162,162,182,257,278,31,31,31],"floor_reached":16,"playtime":465,"items_purged":["Strike_R"],"score":181,"play_id":"85a865ab-37bd-4f45-9b12-c0aa919de49c","local_time":"20190420160030","is_ascension_mode":true,"campfire_choices":[{"data":"Flex","floor":6,"key":"SMITH"},{"data":"Body Slam","floor":8,"key":"SMITH"},{"floor":10,"key":"REST"},{"data":"Bash","floor":15,"key":"SMITH"}],"neow_cost":"NONE","seed_source_timestamp":691648194302445,"circlet_count":0,"master_deck":["AscendersBane","Strike_R","Strike_R","Strike_R","Strike_R","Defend_R","Defend_R","Defend_R","Defend_R","Bash+1","Reaper","Flex+1","Headbutt","Body Slam+1","Twin Strike","Shrug It Off"],"relics":["Burning Blood","Omamori","Golden Idol","Ancient Tea Set","Bag of Marbles"],"potions_floor_usage":[7,16],"damage_taken":[{"damage":6,"enemies":"Jaw Worm","floor":1,"turns":5},{"damage":24,"enemies":"2 Louse","floor":3,"turns":4},{"damage":50,"enemies":"3 Sentries","floor":7,"turns":11},{"damage":5,"enemies":"Small Slimes","floor":11,"turns":2},{"damage":12,"enemies":"Looter","floor":13,"turns":3},{"damage":36,"enemies":"The Guardian","floor":16,"turns":8}],"seed_played":"8173353991746092873","potions_obtained":[{"floor":1,"key":"BloodPotion"},{"floor":11,"key":"Strength Potion"}],"is_trial":false,"path_per_floor":["M","?","M","?","?","R","E","R","T","R","M","?","M","$","R","B"],"character_chosen":"IRONCLAD","items_purchased":["Bag of Marbles"],"campfire_rested":1,"item_purchase_floors":[14],"current_hp_per_floor":[68,73,62,44,44,44,19,19,19,40,47,36,38,38,38,11],"gold":31,"neow_bonus":"ONE_RANDOM_RARE_CARD","is_prod":false,"is_daily":false,"chose_seed":false,"campfire_upgraded":3,"win_rate":0,"timestamp":1555743630,"path_taken":["M","?","M","?","?","R","E","R","T","R","M","?","M","$","R","BOSS"],"build_version":"2019-04-04","purchased_purges":1,"victory":false,"max_hp_per_floor":[75,80,80,80,72,72,72,72,72,72,72,72,72,72,72,72],"card_choices":[{"not_picked":["Body Slam","Rage"],"picked":"Flex","floor":1},{"not_picked":["Warcry","Perfected Strike"],"picked":"Headbutt","floor":3},{"not_picked":["Sever Soul","Hemokinesis"],"picked":"Body Slam","floor":7},{"not_picked":["Blood for Blood","Wild Strike"],"picked":"Twin Strike","floor":11},{"not_picked":["Warcry","Rampage"],"picked":"Shrug It Off","floor":13}],"player_experience":2997118,"relics_obtained":[{"floor":7,"key":"Ancient Tea Set"}],"event_choices":[{"damage_healed":0,"gold_gain":0,"player_choice":"Donut","damage_taken":0,"max_hp_gain":5,"max_hp_loss":0,"event_name":"Big Fish","floor":2,"gold_loss":0},{"damage_healed":0,"gold_gain":0,"player_choice":"Success","damage_taken":18,"relics_obtained":["Omamori"],"max_hp_gain":0,"max_hp_loss":0,"event_name":"Scrap Ooze","floor":4,"gold_loss":0},{"damage_healed":0,"gold_gain":0,"player_choice":"Lose Max HP","damage_taken":0,"relics_obtained":["Golden Idol"],"max_hp_gain":0,"max_hp_loss":8,"event_name":"Golden Idol","floor":5,"gold_loss":0},{"damage_healed":0,"gold_gain":75,"player_choice":"Gather Gold","damage_taken":11,"max_hp_gain":0,"max_hp_loss":0,"event_name":"World of Goop","floor":12,"gold_loss":0}],"is_beta":true,"boss_relics":[],"items_purged_floors":[14],"is_endless":false,"potions_floor_spawned":[1,11],"killed_by":"The Guardian","ascension_level":17}