{"gold_per_floor":[119,119,119,138,138,138,150,182,229,229],"floor_reached":10,"playtime":494,"items_purged":[],"score":125,"play_id":"be7ea4e7-b265-4ff4-839b-3d7a73653f02","local_time":"20190526224137","is_ascension_mode":true,"campfire_choices":[{"data":"All Out Attack","floor":6,"key":"SMITH"}],"neow_cost":"CURSE","seed_source_timestamp":657592878818880,"circlet_count":0,"master_deck":["AscendersBane","Strike_G","Strike_G","Strike_G","Strike_G","Strike_G","Defend_G","Defend_G","Defend_G","Defend_G","Defend_G","Survivor","Neutralize","PiercingWail","All Out Attack+1","Regret","Deadly Poison"],"relics":["Ring of the Snake","FossilizedHelix","Pear","Frozen Egg 2","Pantograph","Happy Flower"],"potions_floor_usage":[8],"damage_taken":[{"damage":0,"enemies":"Cultist","floor":1,"turns":5},{"damage":0,"enemies":"Jaw Worm","floor":4,"turns":7},{"damage":0,"enemies":"2 Louse","floor":7,"turns":3},{"damage":13,"enemies":"3 Sentries","floor":8,"turns":10},{"damage":65,"enemies":"Lagavulin","floor":10,"turns":9}],"seed_played":"-4455205738869343883","potions_obtained":[{"floor":7,"key":"EssenceOfSteel"}],"is_trial":false,"path_per_floor":["M","?","T","M","?","R","M","E","T","E"],"character_chosen":"THE_SILENT","items_purchased":[],"campfire_rested":0,"item_purchase_floors":[],"current_hp_per_floor":[59,59,69,69,69,69,69,56,56,0],"gold":229,"neow_bonus":"ONE_RARE_RELIC","is_prod":false,"is_daily":false,"chose_seed":false,"campfire_upgraded":1,"win_rate":0,"timestamp":1558878097,"path_taken":["M","?","?","?","?","R","M","E","T","E"],"build_version":"2019-05-24v2","purchased_purges":0,"victory":false,"max_hp_per_floor":[66,66,76,76,76,76,76,76,76,76],"card_choices":[{"not_picked":["Poisoned Stab","Quick Slash"],"picked":"PiercingWail","floor":1},{"not_picked":["Distraction","Dagger Throw"],"picked":"All Out Attack","floor":4},{"not_picked":["Heel Hook","Predator","Accuracy+1"],"picked":"SKIP","floor":7},{"not_picked":["Bane","Prepared"],"picked":"Deadly Poison","floor":8}],"player_experience":3344745,"relics_obtained":[{"floor":3,"key":"Pear"},{"floor":8,"key":"Pantograph"},{"floor":9,"key":"Happy Flower"}],"event_choices":[{"cards_removed":["Doubt"],"damage_healed":0,"gold_gain":0,"player_choice":"Forget","damage_taken":0,"max_hp_gain":0,"max_hp_loss":0,"event_name":"Living Wall","floor":2,"gold_loss":0},{"damage_healed":0,"gold_gain":0,"player_choice":"Box","damage_taken":0,"relics_obtained":["Frozen Egg 2"],"max_hp_gain":0,"max_hp_loss":0,"event_name":"Big Fish","floor":5,"gold_loss":0,"cards_obtained":["Regret"]}],"is_beta":true,"boss_relics":[],"items_purged_floors":[],"is_endless":false,"potions_floor_spawned":[7],"killed_by":"Lagavulin","ascension_level":18}