{"gold_per_floor":[16,66,14,28,46,46,72,72,126,126,126,126,145,156,156,231,231,246,261,186,200,200,200,200,200,226,226,246,256,256,269,269,346,346,363,89,103,103,203,235,235,510,510,510],"floor_reached":44,"playtime":3295,"items_purged":["Strike_B"],"score":853,"play_id":"4d411f64-18e5-4744-8df2-8c36624a062d","local_time":"20190410154305","is_ascension_mode":true,"campfire_choices":[{"data":"Zap","floor":6.0,"key":"SMITH"},{"data":"Dualcast","floor":8.0,"key":"SMITH"},{"data":"Ball Lightning","floor":10.0,"key":"SMITH"},{"data":"Ball Lightning","floor":12.0,"key":"SMITH"},{"data":"Steam","floor":15.0,"key":"SMITH"},{"floor":23.0,"key":"REST"},{"floor":27.0,"key":"REST"},{"data":"Sunder","floor":32.0,"key":"SMITH"},{"data":"Hologram","floor":41.0,"key":"SMITH"}],"neow_cost":"NO_GOLD","seed_source_timestamp":3593553154457375,"circlet_count":0,"master_deck":["AscendersBane","Strike_B+1","Defend_B+1","Defend_B+1","Defend_B+1","Defend_B+1","Zap+1","Dualcast+1","Ball Lightning+1","Cold Snap","FTL","Ball Lightning+1","Cold Snap","Conserve Battery","Steam+1","Creative AI","Sunder+1","Reprogram","Machine Learning","Conserve Battery+1","Blizzard+1","Reboot","Steam+1","Hologram+1","Go for the Eyes","Undo+1","Rebound","Regret"],"special_seed":0,"relics":["FrozenCore","FossilizedHelix","Regal Pillow","Blood Vial","Juzu Bracelet","Sozu","Runic Capacitor","Ice Cream","Turnip"],"potions_floor_usage":[],"damage_taken":[{"damage":0.0,"enemies":"Jaw Worm","floor":1.0,"turns":4.0},{"damage":0.0,"enemies":"Cultist","floor":4.0,"turns":3.0},{"damage":0.0,"enemies":"Small Slimes","floor":5.0,"turns":3.0},{"damage":0.0,"enemies":"Gremlin Nob","floor":7.0,"turns":3.0},{"damage":0.0,"enemies":"Red Slaver","floor":13.0,"turns":2.0},{"damage":11.0,"enemies":"Exordium Thugs","floor":14.0,"turns":4.0},{"damage":3.0,"enemies":"The Guardian","floor":16.0,"turns":10.0},{"damage":0.0,"enemies":"Shell Parasite","floor":18.0,"turns":10.0},{"damage":0.0,"enemies":"Chosen","floor":19.0,"turns":5.0},{"damage":36.0,"enemies":"Snake Plant","floor":21.0,"turns":5.0},{"damage":31.0,"enemies":"Colosseum Slavers","floor":24.0,"turns":6.0},{"damage":0.0,"enemies":"Centurion and Healer","floor":28.0,"turns":6.0},{"damage":5.0,"enemies":"Cultist and Chosen","floor":29.0,"turns":7.0},{"damage":0.0,"enemies":"Sentry and Sphere","floor":31.0,"turns":8.0},{"damage":63.0,"enemies":"Collector","floor":33.0,"turns":17.0},{"damage":14.0,"enemies":"3 Darklings","floor":35.0,"turns":8.0},{"damage":0.0,"enemies":"Orb Walker","floor":37.0,"turns":3.0},{"damage":7.0,"enemies":"Mind Bloom Boss Battle","floor":39.0,"turns":10.0},{"damage":9.0,"enemies":"Reptomancer","floor":40.0,"turns":12.0},{"damage":46,"enemies":"Giant Head","floor":44,"turns":10}],"seed_played":"4272378582850163295","potions_obtained":[{"floor":1.0,"key":"Energy Potion"},{"floor":5.0,"key":"Ancient Potion"},{"floor":13.0,"key":"Strength Potion"},{"floor":21.0,"key":"Strength Potion"},{"floor":29.0,"key":"Explosive Potion"},{"floor":30.0,"key":"Fruit Juice"},{"floor":30.0,"key":"FearPotion"}],"is_trial":false,"path_per_floor":["M","?","$","M","M","R","E","R","T","R","?","R","M","M","R","B",null,"M","M","$","M","?","R","?","?","T","R","M","M","?","M","R","B",null,"M","$","M","?","?","E","R","?","T","E"],"character_chosen":"DEFECT","items_purchased":["Cold Snap","Runic Capacitor","Hologram"],"campfire_rested":2,"item_purchase_floors":[3,36,36],"current_hp_per_floor":[64,57,57,57,57,57,57,57,57,57,57,57,59,50,50,49,66,68,70,70,35,15,52,23,23,23,60,62,59,64,66,66,5,62,50,50,52,52,47,40,40,40,40,0],"gold":510,"neow_bonus":"ONE_RARE_RELIC","is_prod":false,"is_daily":false,"chose_seed":false,"campfire_upgraded":7,"win_rate":0,"timestamp":1554878585,"path_taken":["M","?","$","M","?","R","E","R","T","R","?","R","?","M","R","BOSS","M","M","$","M","?","R","?","?","T","R","M","M","?","M","R","BOSS","M","?","M","?","?","E","R","?","T","E"],"build_version":"2019-04-04","purchased_purges":1,"victory":false,"max_hp_per_floor":[71,71,71,71,71,71,71,71,71,71,71,71,71,71,71,71,71,71,71,71,71,76,76,76,76,76,76,76,76,81,81,81,81,81,81,81,81,81,81,81,81,81,81,81],"card_choices":[{"not_picked":["FTL","Hologram"],"picked":"Ball Lightning","floor":1.0},{"not_picked":["Sweeping Beam","Steam Power"],"picked":"FTL","floor":4.0},{"not_picked":["Barrage","Sweeping Beam"],"picked":"Ball Lightning","floor":5.0},{"not_picked":["Coolheaded","Steam"],"picked":"Cold Snap","floor":7.0},{"not_picked":["Chill","Redo"],"picked":"Conserve Battery","floor":13.0},{"not_picked":["Compile Driver","Ball Lightning"],"picked":"Steam","floor":14.0},{"not_picked":["Core Surge","Seek"],"picked":"Creative AI","floor":16.0},{"not_picked":["Sunder","Lockon","Redo"],"picked":"SKIP","floor":18.0},{"not_picked":["Lockon","Redo"],"picked":"Sunder","floor":18.0},{"not_picked":["Cold Snap","Ball Lightning"],"picked":"Reprogram","floor":19.0},{"not_picked":["Stack","Tempest"],"picked":"Machine Learning","floor":21.0},{"not_picked":["Beam Cell+1","Hologram"],"picked":"Conserve Battery+1","floor":28.0},{"not_picked":["Ball Lightning","Aggregate","Storm"],"picked":"SKIP","floor":29.0},{"not_picked":["Ball Lightning","Gash"],"picked":"Blizzard+1","floor":31.0},{"not_picked":["Hyperbeam","Meteor Strike"],"picked":"Reboot","floor":33.0},{"not_picked":["Barrage+1","Stack+1"],"picked":"Steam+1","floor":35.0},{"not_picked":["Leap","Cold Snap+1"],"picked":"Go for the Eyes","floor":37.0},{"not_picked":["Go for the Eyes","Skim"],"picked":"Undo+1","floor":39.0},{"not_picked":["Streamline","Hello World"],"picked":"Rebound","floor":40.0}],"player_experience":2876963,"relics_obtained":[{"floor":7.0,"key":"Regal Pillow"},{"floor":9.0,"key":"Blood Vial"},{"floor":26.0,"key":"Juzu Bracelet"},{"floor":39.0,"key":"Ice Cream"},{"floor":40.0,"key":"Turnip"}],"event_choices":[{"damage_healed":0.0,"max_hp_gain":0.0,"max_hp_loss":0.0,"gold_gain":50.0,"event_name":"FaceTrader","player_choice":"Touch","floor":2.0,"gold_loss":0.0,"damage_taken":7.0},{"cards_removed":["Strike_B"],"damage_healed":0.0,"max_hp_gain":0.0,"max_hp_loss":0.0,"gold_gain":0.0,"event_name":"Purifier","player_choice":"Purged","floor":11.0,"gold_loss":0.0,"damage_taken":0.0},{"damage_healed":0.0,"max_hp_gain":5.0,"max_hp_loss":0.0,"gold_gain":0.0,"event_name":"Forgotten Altar","player_choice":"Shed Blood","floor":22.0,"gold_loss":0.0,"damage_taken":25.0},{"damage_healed":0.0,"max_hp_gain":0.0,"max_hp_loss":0.0,"gold_gain":0.0,"event_name":"Colosseum","player_choice":"Fight","floor":24.0,"gold_loss":0.0,"damage_taken":0.0},{"damage_healed":0.0,"max_hp_gain":0.0,"max_hp_loss":0.0,"gold_gain":0.0,"event_name":"Colosseum","player_choice":"Fled From Nobs","floor":24.0,"gold_loss":0.0,"damage_taken":0.0},{"damage_healed":0.0,"max_hp_gain":0.0,"max_hp_loss":0.0,"gold_gain":0.0,"event_name":"Back to Basics","player_choice":"Simplicity","floor":25.0,"gold_loss":0.0,"damage_taken":0.0,"cards_upgraded":["Strike_B","Strike_B","Defend_B","Defend_B","Defend_B","Defend_B"]},{"damage_healed":0.0,"max_hp_gain":0.0,"max_hp_loss":0.0,"gold_gain":0.0,"event_name":"Lab","player_choice":"Got Potions","floor":30.0,"gold_loss":0.0,"damage_taken":0.0},{"cards_removed":["Strike_B"],"damage_healed":0.0,"max_hp_gain":0.0,"max_hp_loss":0.0,"gold_gain":0.0,"event_name":"Bonfire Elementals","player_choice":"Offered Basic","floor":38.0,"gold_loss":0.0,"damage_taken":0.0},{"damage_healed":0.0,"max_hp_gain":0.0,"max_hp_loss":0.0,"gold_gain":0.0,"event_name":"MindBloom","player_choice":"Fight","floor":39.0,"gold_loss":0.0,"damage_taken":0.0},{"damage_healed":0.0,"max_hp_gain":0.0,"max_hp_loss":0.0,"gold_gain":275.0,"event_name":"Golden Shrine","player_choice":"Desecrate","floor":42.0,"gold_loss":0.0,"damage_taken":0.0,"cards_obtained":["Regret"]}],"is_beta":true,"boss_relics":[{"not_picked":["Cursed Key","Ectoplasm"],"picked":"FrozenCore"},{"not_picked":["Black Star","Orrery"],"picked":"Sozu"}],"items_purged_floors":[20],"is_endless":false,"potions_floor_spawned":[1,5,13,18,21,28,29,39,40],"killed_by":"Giant Head","ascension_level":17}