{"gold_per_floor":[110,126,25,25,39,39,72,234,318,346,358,48,65,85,85,160,160,170,180,180,180,193,193,219,219,246,262,287,22,55,55,55,55],"floor_reached":33,"playtime":1828,"items_purged":["Strike_G","Doubt","Strike_G"],"score":549,"play_id":"823744fe-9f1b-41e1-a3a4-f4f55eaa6138","local_time":"20190527220735","is_ascension_mode":true,"campfire_choices":[{"data":"Crippling Poison","floor":6,"key":"SMITH"},{"floor":15,"key":"REST"},{"data":"Caltrops","floor":23,"key":"SMITH"},{"data":"All Out Attack","floor":25,"key":"SMITH"},{"floor":32,"key":"REST"}],"neow_cost":"NONE","seed_source_timestamp":93913257125719,"circlet_count":0,"master_deck":["AscendersBane","Defend_G","Defend_G","Defend_G","Defend_G","Defend_G","Strike_G","Survivor","Neutralize","Dagger Throw+1","Crippling Poison+1","Poisoned Stab","Calculated Gamble","All Out Attack+1","Crippling Poison+1","Skewer","Adrenaline","Caltrops+1","Heel Hook+1","Burst","Ghostly","Ghostly","Ghostly","Escape Plan+1","Caltrops","Backflip","Deadly Poison","Infinite Blades"],"relics":["Ring of the Snake","Vajra","MawBank","Mummified Hand","Bag of Preparation","DollysMirror","Sozu","Boot","Snake Skull","Anchor","Whetstone"],"potions_floor_usage":[7,28],"damage_taken":[{"damage":9,"enemies":"Small Slimes","floor":1,"turns":6},{"damage":1,"enemies":"Jaw Worm","floor":2,"turns":5},{"damage":0,"enemies":"Cultist","floor":5,"turns":4},{"damage":20,"enemies":"Gremlin Nob","floor":7,"turns":4},{"damage":6,"enemies":"Looter","floor":10,"turns":3},{"damage":11,"enemies":"Exordium Thugs","floor":13,"turns":5},{"damage":0,"enemies":"3 Louse","floor":14,"turns":2},{"damage":20,"enemies":"The Guardian","floor":16,"turns":11},{"damage":0,"enemies":"Chosen","floor":18,"turns":5},{"damage":6,"enemies":"Shell Parasite","floor":19,"turns":4},{"damage":6,"enemies":"Centurion and Healer","floor":22,"turns":8},{"damage":3,"enemies":"Slavers","floor":24,"turns":3},{"damage":0,"enemies":"Shelled Parasite and Fungi","floor":27,"turns":5},{"damage":14,"enemies":"Gremlin Leader","floor":28,"turns":7},{"damage":2,"enemies":"Book of Stabbing","floor":30,"turns":5},{"damage":33,"enemies":"Champ","floor":33,"turns":9}],"seed_played":"-416232640179328230","potions_obtained":[{"floor":5,"key":"Fire Potion"},{"floor":10,"key":"Swift Potion"},{"floor":14,"key":"Explosive Potion"}],"is_trial":false,"path_per_floor":["M","M","$","?","M","R","E","?","T","M","?","$","M","M","R","B",null,"M","M","?","?","M","R","E","R","T","M","E","$","E","?","R","B"],"character_chosen":"THE_SILENT","items_purchased":["Poisoned Stab","DollysMirror","Deadly Poison","Infinite Blades"],"campfire_rested":2,"item_purchase_floors":[3,12,29,29],"current_hp_per_floor":[56,55,55,44,44,44,24,24,24,18,18,18,7,7,28,8,56,56,50,50,36,30,30,27,27,27,27,13,13,11,11,21,0],"gold":55,"neow_bonus":"TEN_PERCENT_HP_BONUS","is_prod":false,"is_daily":false,"chose_seed":false,"campfire_upgraded":3,"win_rate":0,"timestamp":1558987655,"path_taken":["M","M","$","?","M","R","E","?","T","M","?","$","?","M","R","BOSS","M","M","?","?","?","R","E","R","T","M","E","$","E","?","R","BOSS"],"build_version":"2019-01-23","purchased_purges":3,"victory":false,"max_hp_per_floor":[72,72,72,72,72,72,72,72,72,72,72,72,72,72,72,72,72,72,72,72,36,36,36,36,36,36,36,36,36,36,36,36,36],"card_choices":[{"not_picked":["Outmaneuver","Bane"],"picked":"Dagger Throw","floor":1},{"not_picked":["Blade Dance","Dash"],"picked":"Crippling Poison","floor":2},{"not_picked":["Terror","Outmaneuver"],"picked":"Calculated Gamble","floor":5},{"not_picked":["Blade Dance","Slice"],"picked":"All Out Attack","floor":7},{"not_picked":["Concentrate","Quick Slash","Flying Knee"],"picked":"SKIP","floor":10},{"not_picked":["Dash","Dagger Throw","Cloak And Dagger"],"picked":"SKIP","floor":13},{"not_picked":["Dagger Throw","Cloak And Dagger"],"picked":"Skewer","floor":14},{"not_picked":["Malaise","Unload"],"picked":"Adrenaline","floor":16},{"not_picked":["Backflip","Prepared"],"picked":"Caltrops","floor":18},{"not_picked":["Quick Slash","Choke","Predator"],"picked":"SKIP","floor":19},{"not_picked":["Flechettes","Flying Knee","Sucker Punch"],"picked":"SKIP","floor":22},{"not_picked":["Sucker Punch","Backstab"],"picked":"Escape Plan+1","floor":24},{"not_picked":["Dagger Throw","Tools of the Trade"],"picked":"Caltrops","floor":27},{"not_picked":["Accuracy+1","Setup"],"picked":"Backflip","floor":28},{"not_picked":["Heel Hook","Venomology","Bane"],"picked":"SKIP","floor":30}],"player_experience":615321,"relics_obtained":[{"floor":7,"key":"MawBank"},{"floor":9,"key":"Mummified Hand"},{"floor":24,"key":"Boot"},{"floor":26,"key":"Snake Skull"},{"floor":28,"key":"Anchor"},{"floor":30,"key":"Whetstone"}],"event_choices":[{"damage_healed":0,"gold_gain":0,"player_choice":"Success","damage_taken":11,"relics_obtained":["Vajra"],"max_hp_gain":0,"max_hp_loss":0,"event_name":"Scrap Ooze","floor":4,"gold_loss":0},{"damage_healed":0,"gold_gain":150,"player_choice":"AGREE","damage_taken":0,"max_hp_gain":0,"max_hp_loss":0,"event_name":"Liars Game","floor":8,"gold_loss":0,"cards_obtained":["Doubt"]},{"damage_healed":0,"gold_gain":0,"player_choice":"Gave Potion","damage_taken":0,"relics_obtained":["Bag of Preparation"],"max_hp_gain":0,"max_hp_loss":0,"event_name":"WeMeetAgain","floor":11,"gold_loss":0},{"damage_healed":0,"gold_gain":0,"cards_transformed":["Strike_G","Strike_G"],"player_choice":"Became Test Subject","damage_taken":0,"max_hp_gain":0,"max_hp_loss":0,"event_name":"Drug Dealer","floor":20,"gold_loss":0,"cards_obtained":["Heel Hook","Burst"]},{"damage_healed":0,"gold_gain":0,"player_choice":"Became a Ghost","damage_taken":0,"max_hp_gain":0,"max_hp_loss":36,"event_name":"Ghosts","floor":21,"gold_loss":0,"cards_obtained":["Ghostly","Ghostly","Ghostly"]},{"damage_healed":0,"gold_gain":0,"player_choice":"Ignored","damage_taken":0,"max_hp_gain":0,"max_hp_loss":0,"event_name":"Vampires","floor":31,"gold_loss":0}],"is_beta":false,"boss_relics":[{"not_picked":["Runic Dome","Eternal Feather"],"picked":"Sozu"}],"items_purged_floors":[3,12,29],"is_endless":false,"potions_floor_spawned":[5,10,14,19,27],"killed_by":"Champ","ascension_level":16}