{"gold_per_floor":[214,105,180,39,139,139,150,160,230,246,246,246,258,271,271,372,422,435,454,454,80,26,26,36,50,50,60,60,71,71,81,81,177,177,191,41,1040,1053,165,165,165],"floor_reached":41,"playtime":2762,"items_purged":["Strike_B","Strike_B","Strike_B","Strike_B","Normality"],"score":410,"play_id":"b724e0ef-763c-4743-8cc8-cc73b993d56f","local_time":"20181207161528","is_ascension_mode":false,"campfire_choices":[{"data":"Chaos","floor":6,"key":"SMITH"},{"data":"White Noise","floor":12,"key":"SMITH"},{"data":"Dualcast","floor":15,"key":"SMITH"},{"data":"Zap","floor":23,"key":"SMITH"},{"floor":30,"key":"REST"},{"floor":32,"key":"REST"},{"data":"Electrodynamics","floor":40,"key":"SMITH"}],"neow_cost":"NONE","seed_source_timestamp":438838741012687,"circlet_count":0,"master_deck":["Defend_B","Defend_B","Defend_B","Defend_B","Zap+1","Dualcast+1","Ball Lightning+1","Chaos+1","White Noise+1","Conserve Battery","FTL","Tempest","Undo","Defragment","BootSequence+1","Normality","Defragment+1","Electrodynamics+1"],"relics":["Cracked Core","Question Card","Tiny House","Cables","Vajra","Bottled Tornado","Eternal Feather","Blood Vial","Boot","TheAbacus"],"potions_floor_usage":[16,16,19,27,33,33,41],"damage_taken":[{"damage":0,"enemies":"2 Louse","floor":1,"turns":2},{"damage":0,"enemies":"Cultist","floor":7,"turns":4},{"damage":0,"enemies":"Small Slimes","floor":8,"turns":4},{"damage":2,"enemies":"3 Louse","floor":10,"turns":2},{"damage":0,"enemies":"Exordium Thugs","floor":13,"turns":4},{"damage":1,"enemies":"2 Fungi Beasts","floor":14,"turns":2},{"damage":3,"enemies":"The Guardian","floor":16,"turns":10},{"damage":0,"enemies":"Chosen","floor":18,"turns":3},{"damage":33,"enemies":"2 Thieves","floor":19,"turns":5},{"damage":0,"enemies":"Centurion and Healer","floor":24,"turns":3},{"damage":2,"enemies":"Snecko","floor":25,"turns":3},{"damage":18,"enemies":"Shelled Parasite and Fungi","floor":27,"turns":4},{"damage":18,"enemies":"Snake Plant","floor":29,"turns":4},{"damage":17,"enemies":"Centurion and Healer","floor":31,"turns":8},{"damage":33,"enemies":"Champ","floor":33,"turns":11},{"damage":0,"enemies":"3 Shapes","floor":35,"turns":4},{"damage":18,"enemies":"Orb Walker","floor":38,"turns":4},{"damage":104,"enemies":"Giant Head","floor":41,"turns":9}],"seed_played":"3893519217649994430","potions_obtained":[{"floor":7,"key":"EssenceOfSteel"},{"floor":10,"key":"Ancient Potion"},{"floor":13,"key":"Energy Potion"},{"floor":14,"key":"Regen Potion"},{"floor":16,"key":"FearPotion"},{"floor":17,"key":"Regen Potion"},{"floor":24,"key":"Ancient Potion"},{"floor":29,"key":"SpeedPotion"},{"floor":33,"key":"GamblersBrew"}],"is_trial":false,"path_per_floor":["M","$","?","$","?","R","M","M","T","M","?","R","M","M","R","B",null,"M","M","?","$","?","R","M","M","T","M","?","M","R","M","R","B",null,"M","$","?","M","$","R","E"],"character_chosen":"DEFECT","items_purchased":["Chaos","White Noise","Cables","Electrodynamics","Blood Vial","Boot","TheAbacus","Fire Potion"],"campfire_rested":2,"item_purchase_floors":[2,4,21,39,39,39,39,39],"current_hp_per_floor":[75,75,68,68,68,68,68,68,68,66,75,75,75,74,74,71,80,80,56,56,56,56,56,56,54,54,48,48,30,54,37,61,28,80,80,80,80,62,62,71,0],"gold":165,"neow_bonus":"HUNDRED_GOLD","is_prod":false,"is_daily":false,"chose_seed":false,"campfire_upgraded":5,"win_rate":0,"timestamp":1544166928,"path_taken":["M","$","?","?","?","R","M","?","T","M","?","R","M","M","R","BOSS","M","M","?","$","?","R","M","?","T","M","?","M","R","M","R","BOSS","M","$","?","M","$","R","E"],"build_version":"2018-12-06","purchased_purges":5,"victory":false,"max_hp_per_floor":[75,75,75,75,75,75,75,75,75,75,75,75,75,75,75,75,80,80,80,80,80,80,80,80,80,80,80,80,80,80,80,80,80,80,80,80,80,80,80,80,80],"card_choices":[{"not_picked":["Steam Power","Genetic Algorithm"],"picked":"Ball Lightning","floor":1},{"not_picked":["Static Discharge","Gash"],"picked":"Conserve Battery","floor":7},{"not_picked":["Double Energy","Cold Snap"],"picked":"FTL","floor":8},{"not_picked":["Sweeping Beam","Reprogram","Compile Driver"],"picked":"Sunder","floor":10},{"not_picked":["Sweeping Beam","Coolheaded","Stack"],"picked":"Tempest","floor":13},{"not_picked":["Turbo","Scrape","Double Energy"],"picked":"Undo","floor":14},{"not_picked":["Reinforced Body","Scrape+1","Steam","Ball Lightning"],"picked":"SKIP","floor":18},{"not_picked":["Compile Driver","Leap","Biased Cognition","Static Discharge"],"picked":"SKIP","floor":19},{"not_picked":["Ball Lightning","Steam","Leap+1"],"picked":"Defragment","floor":24},{"not_picked":["Rebound","Coolheaded","Hologram","Redo"],"picked":"SKIP","floor":25},{"not_picked":["Rebound","Streamline","Aggregate+1","Coolheaded+1"],"picked":"SKIP","floor":27},{"not_picked":["Chill","Hologram","FTL+1"],"picked":"BootSequence+1","floor":29},{"not_picked":["Doom and Gloom","Barrage","Double Energy","Sweeping Beam+1"],"picked":"SKIP","floor":31},{"not_picked":["Steam+1","Streamline","Darkness+1","Sweeping Beam+1"],"picked":"SKIP","floor":35},{"not_picked":["Chill","Blizzard","Sweeping Beam+1"],"picked":"Defragment+1","floor":38}],"player_experience":136429,"relics_obtained":[{"floor":9,"key":"Question Card"},{"floor":26,"key":"Bottled Tornado"}],"event_choices":[{"damage_healed":0,"gold_gain":75,"player_choice":"Touch","damage_taken":7,"max_hp_gain":0,"max_hp_loss":0,"event_name":"FaceTrader","floor":3,"gold_loss":0},{"damage_healed":0,"gold_gain":100,"player_choice":"Gold","damage_taken":0,"max_hp_gain":0,"max_hp_loss":0,"event_name":"Wheel of Change","floor":5,"gold_loss":0},{"cards_removed":["Sunder"],"damage_healed":9,"gold_gain":0,"player_choice":"Offered Uncommon","damage_taken":0,"max_hp_gain":0,"max_hp_loss":0,"event_name":"Bonfire Elementals","floor":11,"gold_loss":0},{"damage_healed":0,"gold_gain":0,"player_choice":"Ignored","damage_taken":0,"max_hp_gain":0,"max_hp_loss":0,"event_name":"Cursed Tome","floor":20,"gold_loss":0},{"damage_healed":0,"gold_gain":0,"player_choice":"Paid Gold","damage_taken":0,"relics_obtained":["Vajra"],"max_hp_gain":0,"max_hp_loss":0,"event_name":"WeMeetAgain","floor":22,"gold_loss":54},{"damage_healed":0,"gold_gain":0,"player_choice":"Ignored","damage_taken":0,"max_hp_gain":0,"max_hp_loss":0,"event_name":"The Mausoleum","floor":28,"gold_loss":0},{"damage_healed":0,"gold_gain":999,"player_choice":"Gold","damage_taken":0,"max_hp_gain":0,"max_hp_loss":0,"event_name":"MindBloom","floor":37,"gold_loss":0,"cards_obtained":["Normality","Normality"]}],"is_beta":false,"boss_relics":[{"not_picked":["Coffee Dripper","Black Star"],"picked":"Tiny House"},{"not_picked":["Snecko Eye","FrozenCore"],"picked":"Eternal Feather"}],"items_purged_floors":[2,4,21,36,39],"is_endless":false,"potions_floor_spawned":[7,10,13,14,16,24,29,31,33],"killed_by":"Giant Head","ascension_level":0}