{"gold_per_floor":[111,125,142,158,4,4,19,19,43,68,68,68,128,128],"floor_reached":14,"playtime":690,"items_purged":[],"score":219,"play_id":"a4677fb5-333e-4016-bc30-e3bd470c2e35","local_time":"20190109025421","is_ascension_mode":true,"campfire_choices":[{"data":"Neutralize","floor":6.0,"key":"SMITH"},{"data":"Calculated Gamble","floor":8.0,"key":"SMITH"},{"data":"Deadly Poison","floor":11.0,"key":"SMITH"}],"neow_cost":"PERCENT_DAMAGE","seed_source_timestamp":551849925406703,"circlet_count":0,"master_deck":["AscendersBane","Defend_G","Defend_G","Defend_G","Defend_G","Defend_G","Strike_G","Strike_G","Strike_G","Strike_G","Survivor","Neutralize+1","Tactician","Deadly Poison+1","Calculated Gamble+1","Doppelganger","Dagger Spray","Calculated Gamble","Acrobatics"],"special_seed":0,"relics":["Ring of the Snake","Gambling Chip","Omamori","Smiling Mask","Tiny Chest"],"potions_floor_usage":[],"damage_taken":[{"damage":0.0,"enemies":"Jaw Worm","floor":1.0,"turns":5.0},{"damage":0.0,"enemies":"2 Louse","floor":2.0,"turns":3.0},{"damage":0.0,"enemies":"Small Slimes","floor":3.0,"turns":4.0},{"damage":0.0,"enemies":"2 Fungi Beasts","floor":4.0,"turns":4.0},{"damage":0.0,"enemies":"Blue Slaver","floor":7.0,"turns":4.0},{"damage":0.0,"enemies":"3 Sentries","floor":10.0,"turns":6.0},{"damage":36.0,"enemies":"Gremlin Nob","floor":13.0,"turns":5.0},{"damage":9,"enemies":"Exordium Thugs","floor":14,"turns":4}],"seed_played":"1673537568934950207","potions_obtained":[{"floor":4.0,"key":"Poison Potion"},{"floor":7.0,"key":"AttackPotion"},{"floor":10.0,"key":"Dexterity Potion"}],"is_trial":false,"path_per_floor":["M","M","M","M","$","R","M","R","T","E","R","?","E","M"],"character_chosen":"THE_SILENT","items_purchased":["Omamori"],"campfire_rested":0,"item_purchase_floors":[5],"current_hp_per_floor":[44,44,44,44,44,44,44,44,44,44,44,44,8,0],"gold":128,"neow_bonus":"ONE_RARE_RELIC","is_prod":false,"is_daily":false,"chose_seed":false,"campfire_upgraded":3,"win_rate":0,"timestamp":1546970061,"path_taken":["M","M","M","M","$","R","M","R","T","E","R","?","E","M"],"build_version":"2019-01-07","purchased_purges":0,"victory":false,"max_hp_per_floor":[66,66,66,66,66,66,66,66,66,66,66,66,66,66],"card_choices":[{"not_picked":["Sucker Punch","Flying Knee"],"picked":"Tactician","floor":1.0},{"not_picked":["Eviscerate","PiercingWail"],"picked":"Deadly Poison","floor":2.0},{"not_picked":["Cloak And Dagger","Prepared"],"picked":"Calculated Gamble","floor":3.0},{"not_picked":["Bouncing Flask","Choke"],"picked":"Doppelganger","floor":4.0},{"not_picked":["Bane","Blade Dance"],"picked":"Dagger Spray","floor":7.0},{"not_picked":["Terror","Setup"],"picked":"Calculated Gamble","floor":10.0},{"not_picked":["Catalyst","Infinite Blades"],"picked":"Acrobatics","floor":13.0}],"player_experience":2623631,"relics_obtained":[{"floor":10.0,"key":"Smiling Mask"},{"floor":13.0,"key":"Tiny Chest"}],"event_choices":[{"cards_removed":["Strike_G"],"damage_healed":0.0,"max_hp_gain":0.0,"max_hp_loss":0.0,"gold_gain":0.0,"event_name":"Living Wall","player_choice":"Forget","floor":12.0,"gold_loss":0.0,"damage_taken":0.0}],"is_beta":true,"boss_relics":[],"items_purged_floors":[],"is_endless":false,"potions_floor_spawned":[4,7,10],"killed_by":"Exordium Thugs","ascension_level":15}