{"gold_per_floor":[116,116,129,149,149,149,177,206,284,284,297,317,350,368,368,368],"floor_reached":16,"playtime":1098,"items_purged":[],"score":207,"play_id":"791aa51b-3ddd-4a6f-9548-4b2cc52719a7","local_time":"20190325205655","is_ascension_mode":true,"campfire_choices":[{"floor":6,"key":"REST"},{"data":"Armaments","floor":10,"key":"SMITH"},{"data":"Whirlwind","floor":15,"key":"SMITH"}],"neow_cost":"PERCENT_DAMAGE","seed_source_timestamp":2232271137497048,"circlet_count":0,"master_deck":["AscendersBane","Strike_R","Strike_R","Strike_R+1","Defend_R","Defend_R","Defend_R","Defend_R","Bash","Pommel Strike+1","Rage","Evolve","True Grit","Armaments+1","Whirlwind+1","True Grit","Metallicize","Twin Strike"],"relics":["Burning Blood","Bag of Preparation","Odd Mushroom","Matryoshka"],"potions_floor_usage":[7,7,8,16],"damage_taken":[{"damage":3,"enemies":"2 Louse","floor":1,"turns":4},{"damage":0,"enemies":"Small Slimes","floor":3,"turns":4},{"damage":9,"enemies":"Cultist","floor":4,"turns":4},{"damage":5,"enemies":"3 Sentries","floor":7,"turns":9},{"damage":9,"enemies":"The Mushroom Lair","floor":8,"turns":6},{"damage":19,"enemies":"Large Slime","floor":11,"turns":5},{"damage":0,"enemies":"Exordium Thugs","floor":12,"turns":5},{"damage":26,"enemies":"Lagavulin","floor":13,"turns":10},{"damage":0,"enemies":"Red Slaver","floor":14,"turns":4},{"damage":54,"enemies":"The Guardian","floor":16,"turns":15}],"seed_played":"3374746731430331854","potions_obtained":[{"floor":4,"key":"EntropicBrew"},{"floor":7,"key":"SpeedPotion"},{"floor":8,"key":"Ancient Potion"},{"floor":14,"key":"Regen Potion"}],"is_trial":false,"path_per_floor":["M","?","M","M","?","R","E","?","T","R","M","M","E","M","R","B"],"character_chosen":"IRONCLAD","items_purchased":[],"campfire_rested":1,"item_purchase_floors":[],"current_hp_per_floor":[53,30,36,33,33,55,56,53,53,53,40,46,26,32,32,0],"gold":368,"neow_bonus":"REMOVE_TWO","is_prod":false,"is_daily":false,"chose_seed":false,"campfire_upgraded":2,"win_rate":0,"timestamp":1553515015,"path_taken":["M","?","M","M","?","R","E","?","T","R","M","M","E","M","R","BOSS"],"build_version":"2019-03-15","purchased_purges":0,"victory":false,"max_hp_per_floor":[75,75,75,75,75,75,75,75,75,75,75,75,75,75,75,75],"card_choices":[{"not_picked":["Headbutt","Heavy Blade"],"picked":"Pommel Strike","floor":1},{"not_picked":["Second Wind","Metallicize"],"picked":"Rage","floor":3},{"not_picked":["Sword Boomerang","Spot Weakness"],"picked":"Evolve","floor":4},{"not_picked":["Blood for Blood","Heavy Blade"],"picked":"True Grit","floor":7},{"not_picked":["Pommel Strike","Feel No Pain"],"picked":"Armaments","floor":8},{"not_picked":["Body Slam","Seeing Red"],"picked":"Whirlwind","floor":11},{"not_picked":["Bloodletting","Cleave"],"picked":"True Grit","floor":12},{"not_picked":["Bloodletting","Dual Wield"],"picked":"Metallicize","floor":13},{"not_picked":["Heavy Blade","Corruption"],"picked":"Twin Strike","floor":14}],"player_experience":2729913,"relics_obtained":[{"floor":7,"key":"Bag of Preparation"},{"floor":8,"key":"Odd Mushroom"},{"floor":13,"key":"Matryoshka"}],"event_choices":[{"damage_healed":0,"gold_gain":0,"player_choice":"Entered Light","damage_taken":23,"max_hp_gain":0,"max_hp_loss":0,"event_name":"Shining Light","floor":2,"gold_loss":0,"cards_upgraded":["Pommel Strike","Strike_R"]},{"damage_healed":0,"gold_gain":0,"player_choice":"Fled","damage_taken":0,"max_hp_gain":0,"max_hp_loss":0,"event_name":"Scrap Ooze","floor":5,"gold_loss":0},{"damage_healed":0,"gold_gain":0,"player_choice":"Fought Mushrooms","damage_taken":0,"max_hp_gain":0,"max_hp_loss":0,"event_name":"Mushrooms","floor":8,"gold_loss":0}],"is_beta":true,"boss_relics":[],"items_purged_floors":[],"is_endless":false,"potions_floor_spawned":[4,7,8,12,14],"killed_by":"The Guardian","ascension_level":17}