{"gold_per_floor":[119,138,156,176,251,251,302,316,316,332,356,270,270,32,32,32],"floor_reached":16,"playtime":651,"items_purged":["Strike_G"],"score":184,"play_id":"81d58573-1dc3-4c29-bc03-7e9417f8b525","local_time":"20190418083721","is_ascension_mode":true,"campfire_choices":[{"data":"Noxious Fumes","floor":6,"key":"SMITH"},{"floor":13,"key":"REST"},{"data":"Neutralize","floor":15,"key":"SMITH"}],"neow_cost":"TEN_PERCENT_HP_LOSS","seed_source_timestamp":492076375700669,"circlet_count":0,"master_deck":["AscendersBane","Defend_G","Defend_G","Defend_G","Defend_G","Defend_G","Strike_G","Strike_G","Survivor","Neutralize+1","Backstab","Noxious Fumes+1","Deadly Poison","PiercingWail","Noxious Fumes","Dash","Blur"],"relics":["Ring of the Snake","Boot","Omamori","Odd Mushroom","Bag of Preparation"],"potions_floor_usage":[3,10,16],"damage_taken":[{"damage":1,"enemies":"2 Louse","floor":1,"turns":6},{"damage":2,"enemies":"Jaw Worm","floor":2,"turns":8},{"damage":3,"enemies":"Cultist","floor":3,"turns":5},{"damage":2,"enemies":"Lots of Slimes","floor":4,"turns":5},{"damage":1,"enemies":"Large Slime","floor":8,"turns":5},{"damage":1,"enemies":"3 Louse","floor":10,"turns":3},{"damage":15,"enemies":"The Mushroom Lair","floor":11,"turns":5},{"damage":43,"enemies":"Slime Boss","floor":16,"turns":9}],"seed_played":"-7213090808226299212","potions_obtained":[{"floor":1,"key":"FearPotion"},{"floor":3,"key":"EssenceOfSteel"},{"floor":4,"key":"Strength Potion"},{"floor":10,"key":"SteroidPotion"}],"is_trial":false,"path_per_floor":["M","M","M","M","?","R","T","M","T","M","?","$","R","$","R","B"],"character_chosen":"THE_SILENT","items_purchased":["Blur","Bag of Preparation"],"campfire_rested":1,"item_purchase_floors":[12,14],"current_hp_per_floor":[58,56,53,51,40,40,40,39,39,38,23,23,41,41,41,0],"gold":32,"neow_bonus":"REMOVE_TWO","is_prod":false,"is_daily":false,"chose_seed":false,"campfire_upgraded":2,"win_rate":0,"timestamp":1555544241,"path_taken":["M","M","M","M","?","R","?","M","T","M","?","$","R","$","R","BOSS"],"build_version":"2019-04-04","purchased_purges":1,"victory":false,"max_hp_per_floor":[60,60,60,60,60,60,60,60,60,60,60,60,60,60,60,60],"card_choices":[{"not_picked":["Reflex","Eviscerate","Bane"],"picked":"SKIP","floor":1},{"not_picked":["Dodge and Roll","Riddle With Holes"],"picked":"Backstab","floor":2},{"not_picked":["Flying Knee","Backflip"],"picked":"Noxious Fumes","floor":3},{"not_picked":["Outmaneuver","Poisoned Stab"],"picked":"Deadly Poison","floor":4},{"not_picked":["Prepared","Heel Hook"],"picked":"PiercingWail","floor":8},{"not_picked":["Predator","Slice"],"picked":"Noxious Fumes","floor":10},{"not_picked":["Sucker Punch","Flying Knee"],"picked":"Dash","floor":11}],"player_experience":2975643,"relics_obtained":[{"floor":7,"key":"Boot"},{"floor":9,"key":"Omamori"},{"floor":11,"key":"Odd Mushroom"}],"event_choices":[{"damage_healed":0,"gold_gain":75,"player_choice":"Gather Gold","damage_taken":11,"max_hp_gain":0,"max_hp_loss":0,"event_name":"World of Goop","floor":5,"gold_loss":0},{"damage_healed":0,"gold_gain":0,"player_choice":"Fought Mushrooms","damage_taken":0,"max_hp_gain":0,"max_hp_loss":0,"event_name":"Mushrooms","floor":11,"gold_loss":0}],"is_beta":true,"boss_relics":[],"items_purged_floors":[14],"is_endless":false,"potions_floor_spawned":[1,3,4,10],"killed_by":"Slime Boss","ascension_level":20}