{"gold_per_floor":[112,129,129,18,35,35,61,13,87,107,120,137,156,171,171,171],"floor_reached":16,"playtime":665,"items_purged":["Strike_R"],"score":180,"play_id":"cfdf626a-a16f-4e9b-aa44-ff8e042f0f61","local_time":"20190209102050","is_ascension_mode":true,"campfire_choices":[{"data":"Body Slam","floor":6,"key":"SMITH"},{"data":"Clothesline","floor":15,"key":"SMITH"}],"neow_cost":"NONE","seed_source_timestamp":2575905215863127,"circlet_count":0,"master_deck":["AscendersBane","Strike_R","Strike_R","Strike_R","Defend_R","Defend_R","Defend_R","Defend_R","Bash","Cleave","Warcry","Body Slam+1","Shockwave","Second Wind","Disarm","True Grit","Immolate","Clothesline+1","Battle Trance","Offering"],"relics":["Burning Blood","Centennial Puzzle","Blood Vial","Pantograph"],"potions_floor_usage":[],"damage_taken":[{"damage":16,"enemies":"Jaw Worm","floor":1,"turns":5},{"damage":4,"enemies":"Cultist","floor":2,"turns":5},{"damage":6,"enemies":"Small Slimes","floor":5,"turns":4},{"damage":40,"enemies":"Gremlin Nob","floor":7,"turns":5},{"damage":9,"enemies":"Looter","floor":10,"turns":4},{"damage":9,"enemies":"Blue Slaver","floor":11,"turns":5},{"damage":0,"enemies":"Exordium Wildlife","floor":12,"turns":3},{"damage":1,"enemies":"2 Fungi Beasts","floor":13,"turns":2},{"damage":9,"enemies":"Exordium Thugs","floor":14,"turns":2},{"damage":77,"enemies":"The Guardian","floor":16,"turns":19}],"seed_played":"-295518654104840340","potions_obtained":[{"floor":5,"key":"Strength Potion"},{"floor":10,"key":"SkillPotion"}],"is_trial":false,"path_per_floor":["M","M","?","$","M","R","E","$","T","M","M","M","M","M","R","B"],"character_chosen":"IRONCLAD","items_purchased":["Shockwave","True Grit"],"campfire_rested":0,"item_purchase_floors":[4,8],"current_hp_per_floor":[58,60,60,60,60,60,26,26,26,25,24,32,39,38,38,0],"gold":171,"neow_bonus":"RANDOM_COMMON_RELIC","is_prod":false,"is_daily":false,"chose_seed":false,"campfire_upgraded":2,"win_rate":0,"timestamp":1549675250,"path_taken":["M","M","?","$","M","R","E","$","T","M","M","M","M","M","R","BOSS"],"build_version":"2019-01-23","purchased_purges":1,"victory":false,"max_hp_per_floor":[75,75,75,75,75,75,75,75,75,75,75,75,75,75,75,75],"card_choices":[{"not_picked":["Shockwave","Anger"],"picked":"Cleave","floor":1},{"not_picked":["Havoc","Sentinel"],"picked":"Warcry","floor":2},{"not_picked":["Iron Wave","Havoc"],"picked":"Second Wind","floor":5},{"not_picked":["Heavy Blade","Headbutt"],"picked":"Disarm","floor":7},{"not_picked":["Heavy Blade","Searing Blow"],"picked":"Immolate","floor":10},{"not_picked":["Cleave","Metallicize"],"picked":"Clothesline","floor":11},{"not_picked":["Corruption","Havoc"],"picked":"Battle Trance","floor":12},{"not_picked":["Perfected Strike","Wild Strike"],"picked":"Offering","floor":13},{"not_picked":["Combust","Bloodletting","Havoc"],"picked":"SKIP","floor":14}],"player_experience":590629,"relics_obtained":[{"floor":7,"key":"Blood Vial"},{"floor":9,"key":"Pantograph"}],"event_choices":[{"damage_healed":0,"gold_gain":0,"cards_transformed":["Strike_R"],"player_choice":"Transformed","damage_taken":0,"max_hp_gain":0,"max_hp_loss":0,"event_name":"Transmorgrifier","floor":3,"gold_loss":0,"cards_obtained":["Body Slam"]}],"is_beta":false,"boss_relics":[],"items_purged_floors":[4],"is_endless":false,"potions_floor_spawned":[5,10,11,13],"killed_by":"The Guardian","ascension_level":14}