{"gold_per_floor":[111,286,286,53,73,73,101,112,137,137,62,80,80,80,80,183,183,195,195,209,229,328,328,363,288,335,4,4,4,17,33,33,129,129,139,190,190,38,38,38,66,166,166,166,196,214,214,224,224,224],"floor_reached":50,"playtime":3590,"items_purged":["Strike_B"],"score":645,"play_id":"094b2842-41b7-4a44-9988-5e73e657a263","local_time":"20181229184327","is_ascension_mode":true,"campfire_choices":[{"data":"Zap","floor":6.0,"key":"SMITH"},{"data":"Dualcast","floor":10.0,"key":"SMITH"},{"data":"Auto Shields","floor":13.0,"key":"SMITH"},{"data":"Sweeping Beam","floor":15.0,"key":"SMITH"},{"data":"Leap","floor":23.0,"key":"SMITH"},{"data":"Machine Learning","floor":32.0,"key":"SMITH"},{"floor":40.0,"key":"REST"},{"data":"Loop","floor":44.0,"key":"SMITH"},{"data":"Redo","floor":47.0,"key":"SMITH"},{"floor":49.0,"key":"REST"}],"neow_cost":"NONE","seed_source_timestamp":591796627920749,"circlet_count":0,"master_deck":["Zap+1","Dualcast+1","Self Repair","Auto Shields+1","Ball Lightning","Sweeping Beam+1","Machine Learning+1","Go for the Eyes","Streamline","Redo+1","Chill","Gash","Blizzard","Cold Snap","Leap+1","Undo","Conserve Battery","Loop+1","Cold Snap+1","Multi-Cast","Force Field+1","Hologram+1","FTL+1","Capacitor+1"],"special_seed":0,"relics":["Cracked Core","NeowsBlessing","Boot","Lee\u0027s Waffle","Juzu Bracelet","Strawberry","Pandora\u0027s Box","Shuriken","Regal Pillow","Mummified Hand","Eternal Feather","Torii","PreservedInsect","Du-Vu Doll","Darkstone Periapt","Smiling Mask"],"potions_floor_usage":[50],"damage_taken":[{"damage":0.0,"enemies":"Jaw Worm","floor":1.0,"turns":1.0},{"damage":0.0,"enemies":"2 Louse","floor":5.0,"turns":1.0},{"damage":0.0,"enemies":"Lagavulin","floor":7.0,"turns":1.0},{"damage":0.0,"enemies":"Small Slimes","floor":8.0,"turns":3.0},{"damage":0.0,"enemies":"Blue Slaver","floor":12.0,"turns":3.0},{"damage":38.0,"enemies":"Hexaghost","floor":16.0,"turns":9.0},{"damage":19.0,"enemies":"Shell Parasite","floor":18.0,"turns":6.0},{"damage":10.0,"enemies":"Chosen","floor":20.0,"turns":4.0},{"damage":10.0,"enemies":"Snake Plant","floor":21.0,"turns":4.0},{"damage":3.0,"enemies":"Gremlin Leader","floor":24.0,"turns":6.0},{"damage":0.0,"enemies":"Sentry and Sphere","floor":30.0,"turns":5.0},{"damage":4.0,"enemies":"Centurion and Healer","floor":31.0,"turns":7.0},{"damage":45.0,"enemies":"Automaton","floor":33.0,"turns":9.0},{"damage":14.0,"enemies":"3 Shapes","floor":35.0,"turns":7.0},{"damage":55.0,"enemies":"2 Orb Walkers","floor":36.0,"turns":8.0},{"damage":27.0,"enemies":"Nemesis","floor":41.0,"turns":7.0},{"damage":41.0,"enemies":"Reptomancer","floor":45.0,"turns":6.0},{"damage":1.0,"enemies":"3 Darklings","floor":46.0,"turns":6.0},{"damage":44.0,"enemies":"Jaw Worm Horde","floor":48.0,"turns":5.0},{"damage":83,"enemies":"Awakened One","floor":50,"turns":22}],"seed_played":"-817686719846351170","potions_obtained":[{"floor":1.0,"key":"FearPotion"},{"floor":7.0,"key":"Ancient Potion"},{"floor":12.0,"key":"Explosive Potion"},{"floor":16.0,"key":"Weak Potion"},{"floor":24.0,"key":"Energy Potion"},{"floor":33.0,"key":"Ancient Potion"},{"floor":35.0,"key":"GamblersBrew"},{"floor":36.0,"key":"SpeedPotion"},{"floor":39.0,"key":"Fire Potion"},{"floor":46.0,"key":"GamblersBrew"}],"is_trial":false,"path_per_floor":["M","?","?","$","M","R","E","M","T","R","$","M","R","?","R","B",null,"M","?","M","M","?","R","E","?","T","$","?","?","M","M","R","B",null,"M","?","?","$","?","R","E","?","T","R","E","M","R","M","R","B"],"character_chosen":"DEFECT","items_purchased":["Lee\u0027s Waffle","Self Repair","Mummified Hand","Loop","PreservedInsect"],"campfire_rested":2,"item_purchase_floors":[4,4,27,27,38],"current_hp_per_floor":[75,75,57,82,82,82,82,82,89,89,89,89,89,82,82,51,89,77,60,57,54,54,54,58,58,58,58,58,58,65,68,68,30,94,87,39,39,39,39,94,74,74,74,86,52,51,63,19,74,0],"gold":224,"neow_bonus":"THREE_ENEMY_KILL","is_prod":false,"is_daily":false,"chose_seed":false,"campfire_upgraded":8,"win_rate":0,"timestamp":1546076607,"path_taken":["M","?","?","?","M","R","E","M","T","R","$","M","R","?","R","BOSS","M","?","M","M","?","R","E","?","T","$","?","?","M","M","R","BOSS","M","?","?","?","?","R","E","?","T","R","E","M","R","M","R","BOSS"],"build_version":"2018-12-20","purchased_purges":1,"victory":false,"max_hp_per_floor":[75,75,75,82,82,82,82,82,89,89,89,89,89,89,89,89,89,89,94,94,94,94,94,94,94,94,94,94,94,94,94,94,94,94,94,94,94,94,94,94,94,94,94,94,94,94,94,94,94,94],"card_choices":[{"not_picked":["Turbo","Hologram"],"picked":"FTL","floor":1.0},{"not_picked":["Gash","Skim"],"picked":"Auto Shields","floor":5.0},{"not_picked":["Aggregate","Static Discharge"],"picked":"Ball Lightning","floor":7.0},{"not_picked":["Static Discharge","BootSequence","Steam"],"picked":"SKIP","floor":8.0},{"not_picked":["FTL","Gash"],"picked":"Sweeping Beam","floor":12.0},{"not_picked":["Rainbow","Reboot"],"picked":"Machine Learning","floor":16.0},{"not_picked":["Blizzard","Turbo"],"picked":"Cold Snap","floor":18.0},{"not_picked":["Stack","Compile Driver"],"picked":"Leap","floor":20.0},{"not_picked":["Chill+1","FTL"],"picked":"Undo","floor":21.0},{"not_picked":["Sunder","Recycle"],"picked":"Conserve Battery","floor":24.0},{"not_picked":["Turbo+1","Beam Cell"],"picked":"Cold Snap+1","floor":30.0},{"not_picked":["Turbo","Steam","Rip and Tear"],"picked":"SKIP","floor":31.0},{"not_picked":["Rainbow","Hyperbeam"],"picked":"Multi-Cast","floor":33.0},{"not_picked":["Compile Driver","Go for the Eyes+1"],"picked":"Force Field+1","floor":35.0},{"not_picked":["Gash","Compile Driver+1"],"picked":"Hologram+1","floor":36.0},{"not_picked":["Sweeping Beam","Rebound","BootSequence"],"picked":"SKIP","floor":41.0},{"not_picked":["Redo","Doom and Gloom+1"],"picked":"FTL+1","floor":45.0},{"not_picked":["Coolheaded","FTL","Ball Lightning+1"],"picked":"SKIP","floor":46.0},{"not_picked":["Hyperbeam","Go for the Eyes+1"],"picked":"Capacitor+1","floor":48.0}],"player_experience":245104,"relics_obtained":[{"floor":7.0,"key":"Juzu Bracelet"},{"floor":9.0,"key":"Strawberry"},{"floor":24.0,"key":"Shuriken"},{"floor":26.0,"key":"Regal Pillow"},{"floor":36.0,"key":"Torii"},{"floor":41.0,"key":"Du-Vu Doll"},{"floor":43.0,"key":"Darkstone Periapt"},{"floor":45.0,"key":"Smiling Mask"}],"event_choices":[{"damage_healed":0.0,"max_hp_gain":0.0,"max_hp_loss":0.0,"gold_gain":175.0,"event_name":"Liars Game","player_choice":"AGREE","floor":2.0,"gold_loss":0.0,"damage_taken":0.0,"cards_obtained":["Doubt"]},{"damage_healed":0.0,"max_hp_gain":0.0,"max_hp_loss":0.0,"gold_gain":0.0,"event_name":"Scrap Ooze","player_choice":"Success","floor":3.0,"gold_loss":0.0,"damage_taken":18.0,"relics_obtained":["Boot"]},{"cards_removed":["Doubt"],"damage_healed":0.0,"max_hp_gain":0.0,"max_hp_loss":0.0,"gold_gain":0.0,"event_name":"Golden Wing","player_choice":"Card Removal","floor":14.0,"gold_loss":0.0,"damage_taken":7.0},{"damage_healed":0.0,"max_hp_gain":5.0,"max_hp_loss":0.0,"gold_gain":0.0,"event_name":"Forgotten Altar","player_choice":"Shed Blood","floor":19.0,"gold_loss":0.0,"damage_taken":22.0},{"damage_healed":0.0,"max_hp_gain":0.0,"max_hp_loss":0.0,"gold_gain":99.0,"event_name":"Nest","player_choice":"Stole From Cult","floor":22.0,"gold_loss":0.0,"damage_taken":0.0},{"cards_removed":["Tempest"],"damage_healed":0.0,"max_hp_gain":0.0,"max_hp_loss":0.0,"gold_gain":0.0,"event_name":"Beggar","player_choice":"Gave Gold","floor":25.0,"gold_loss":75.0,"damage_taken":0.0},{"damage_healed":0.0,"max_hp_gain":0.0,"max_hp_loss":0.0,"gold_gain":0.0,"event_name":"Back to Basics","player_choice":"Simplicity","floor":28.0,"gold_loss":0.0,"damage_taken":0.0,"cards_upgraded":[]},{"damage_healed":0.0,"max_hp_gain":0.0,"max_hp_loss":0.0,"gold_gain":0.0,"event_name":"Mysterious Sphere","player_choice":"Fight","floor":36.0,"gold_loss":0.0,"damage_taken":0.0},{"cards_removed":["FTL"],"damage_healed":0.0,"max_hp_gain":0.0,"max_hp_loss":0.0,"gold_gain":0.0,"event_name":"Falling","player_choice":"Removed Attack","floor":37.0,"gold_loss":0.0,"damage_taken":0.0},{"damage_healed":0.0,"max_hp_gain":0.0,"max_hp_loss":0.0,"gold_gain":0.0,"event_name":"Lab","player_choice":"Got Potions","floor":39.0,"gold_loss":0.0,"damage_taken":0.0},{"damage_healed":0.0,"max_hp_gain":0.0,"max_hp_loss":0.0,"gold_gain":100.0,"event_name":"Golden Shrine","player_choice":"Pray","floor":42.0,"gold_loss":0.0,"damage_taken":0.0}],"is_beta":false,"boss_relics":[{"not_picked":["Busted Crown","Empty Cage"],"picked":"Pandora\u0027s Box"},{"not_picked":["Calling Bell","Astrolabe"],"picked":"Eternal Feather"}],"items_purged_floors":[11],"is_endless":false,"potions_floor_spawned":[1,7,12,16,24,30,33,35,36,46],"killed_by":"Awakened One","ascension_level":3}