{"gold_per_floor":[118,136,151,171,185,185,213,226,251,251,1,1,29,29,29,125,125,145,145],"floor_reached":19,"playtime":669,"items_purged":["Strike_B"],"score":358,"play_id":"d58418a4-59b9-4be8-a2a6-1f38846b8848","local_time":"20190322000111","is_ascension_mode":true,"campfire_choices":[{"data":"Barrage","floor":6,"key":"SMITH"},{"floor":12,"key":"REST"},{"data":"Streamline","floor":15,"key":"SMITH"}],"neow_cost":"NONE","seed_source_timestamp":691666926545000,"circlet_count":0,"master_deck":["AscendersBane","Strike_B+1","Defend_B","Defend_B","Defend_B","Defend_B","Zap","Dualcast","Coolheaded","Rebound+1","Ball Lightning","Streamline+1","Barrage+1","Genetic Algorithm","Genetic Algorithm","Reboot","Electrodynamics"],"relics":["Cracked Core","Pantograph","Whetstone","Membership Card","The Courier","Golden Idol","Inserter"],"potions_floor_usage":[4,13,16,18],"damage_taken":[{"damage":0,"enemies":"Cultist","floor":1,"turns":3},{"damage":2,"enemies":"Jaw Worm","floor":2,"turns":4},{"damage":5,"enemies":"Small Slimes","floor":3,"turns":3},{"damage":1,"enemies":"3 Louse","floor":4,"turns":3},{"damage":13,"enemies":"Blue Slaver","floor":5,"turns":4},{"damage":21,"enemies":"Lagavulin","floor":7,"turns":6},{"damage":6,"enemies":"Red Slaver","floor":8,"turns":3},{"damage":23,"enemies":"3 Sentries","floor":13,"turns":7},{"damage":27,"enemies":"Slime Boss","floor":16,"turns":10},{"damage":29,"enemies":"2 Thieves","floor":18,"turns":4},{"damage":25,"enemies":"Masked Bandits","floor":19,"turns":2}],"seed_played":"-4810625909411683987","potions_obtained":[{"floor":2,"key":"GamblersBrew"},{"floor":3,"key":"SkillPotion"},{"floor":5,"key":"Energy Potion"},{"floor":16,"key":"Energy Potion"}],"is_trial":false,"path_per_floor":["M","M","M","M","M","R","E","M","T","?","$","R","E","?","R","B",null,"M","?"],"character_chosen":"DEFECT","items_purchased":["Membership Card"],"campfire_rested":1,"item_purchase_floors":[11],"current_hp_per_floor":[64,62,57,56,43,43,22,16,16,16,16,37,14,14,14,12,51,22,0],"gold":145,"neow_bonus":"REMOVE_CARD","is_prod":false,"is_daily":false,"chose_seed":false,"campfire_upgraded":2,"win_rate":0,"timestamp":1553180471,"path_taken":["M","M","M","M","?","R","E","M","T","?","?","R","E","?","R","BOSS","M","?"],"build_version":"2019-01-23","purchased_purges":1,"victory":false,"max_hp_per_floor":[71,71,71,71,71,71,71,71,71,71,71,71,71,64,64,64,64,64,64],"card_choices":[{"not_picked":["Leap","Static Discharge"],"picked":"Coolheaded","floor":1},{"not_picked":["Redo","BootSequence"],"picked":"Rebound","floor":2},{"not_picked":["Self Repair","Barrage"],"picked":"Ball Lightning","floor":3},{"not_picked":["Self Repair","Storm"],"picked":"Streamline","floor":4},{"not_picked":["Gash","Steam"],"picked":"Barrage","floor":5},{"not_picked":["Fusion","Steam Power"],"picked":"Genetic Algorithm","floor":7},{"not_picked":["Leap","Coolheaded"],"picked":"Genetic Algorithm","floor":8},{"not_picked":["Recycle","Consume"],"picked":"Reboot","floor":13},{"not_picked":["Multi-Cast","Thunder Strike"],"picked":"Electrodynamics","floor":16},{"not_picked":["Conserve Battery","Doom and Gloom","Static Discharge"],"picked":"SKIP","floor":18}],"player_experience":4578958,"relics_obtained":[{"floor":7,"key":"Pantograph"},{"floor":9,"key":"Whetstone"},{"floor":13,"key":"The Courier"}],"event_choices":[{"cards_removed":["Strike_B"],"damage_healed":0,"gold_gain":0,"player_choice":"Purged","damage_taken":0,"max_hp_gain":0,"max_hp_loss":0,"event_name":"Purifier","floor":10,"gold_loss":0},{"damage_healed":0,"gold_gain":0,"player_choice":"Lose Max HP","damage_taken":0,"relics_obtained":["Golden Idol"],"max_hp_gain":0,"max_hp_loss":7,"event_name":"Golden Idol","floor":14,"gold_loss":0},{"damage_healed":0,"gold_gain":0,"player_choice":"Fought Bandits","damage_taken":0,"max_hp_gain":0,"max_hp_loss":0,"event_name":"Masked Bandits","floor":19,"gold_loss":0}],"is_beta":false,"boss_relics":[{"not_picked":["Runic Pyramid","FrozenCore"],"picked":"Inserter"}],"items_purged_floors":[11],"is_endless":false,"potions_floor_spawned":[2,3,5,7,16],"killed_by":"Masked Bandits","ascension_level":20}