{"gold_per_floor":[112,130,146,71,71,71,106,106,106,141,154,154,170,190,190,266,266,277,41,58,108,123,123,150,150,176,205,224,224,236,251,251,330,330,341,391,407,423,434,434,434],"floor_reached":41,"playtime":1306,"items_purged":["Pain"],"score":919,"play_id":"493d8daf-33f5-43c6-a270-3ad748c2d4df","local_time":"20190526231745","is_ascension_mode":true,"campfire_choices":[{"data":"Lockon","floor":6,"key":"SMITH"},{"floor":8,"key":"REST"},{"data":"Static Discharge","floor":12,"key":"SMITH"},{"data":"Static Discharge","floor":15,"key":"SMITH"},{"data":"Static Discharge","floor":23,"key":"SMITH"},{"data":"Hologram","floor":25,"key":"SMITH"},{"data":"Seek","floor":29,"key":"SMITH"},{"floor":32,"key":"REST"},{"data":"Amplify","floor":40,"key":"SMITH"}],"neow_cost":"NONE","seed_source_timestamp":5213526474800,"circlet_count":0,"master_deck":["AscendersBane","Strike_B","Strike_B","Strike_B","Defend_B","Defend_B","Defend_B","Defend_B","Zap","Dualcast","Auto Shields","Cold Snap","Sunder","Lockon+1","Coolheaded","Static Discharge+1","Static Discharge+1","Ball Lightning","Coolheaded","Electrodynamics","Fusion+1","Static Discharge+1","Hologram+1","Steam","Skim+1","Seek+1","Static Discharge+1","Go for the Eyes+1","Genetic Algorithm+1","Amplify+1","Undo+1","Storm"],"relics":["Cracked Core","Boot","Pear","Mercury Hourglass","Blood Vial","Eternal Feather","Meat on the Bone","DataDisk","Bottled Lightning","Sozu"],"potions_floor_usage":[3,22,33,33],"damage_taken":[{"damage":3,"enemies":"2 Louse","floor":1,"turns":2},{"damage":0,"enemies":"Cultist","floor":2,"turns":4},{"damage":5,"enemies":"Small Slimes","floor":3,"turns":3},{"damage":37,"enemies":"Gremlin Nob","floor":7,"turns":4},{"damage":14,"enemies":"3 Sentries","floor":10,"turns":7},{"damage":2,"enemies":"Looter","floor":11,"turns":3},{"damage":2,"enemies":"Lots of Slimes","floor":13,"turns":3},{"damage":12,"enemies":"Red Slaver","floor":14,"turns":2},{"damage":18,"enemies":"Hexaghost","floor":16,"turns":4},{"damage":30,"enemies":"Chosen","floor":18,"turns":3},{"damage":4,"enemies":"3 Byrds","floor":20,"turns":2},{"damage":6,"enemies":"Snecko","floor":22,"turns":5},{"damage":13,"enemies":"Gremlin Leader","floor":24,"turns":6},{"damage":34,"enemies":"Slavers","floor":27,"turns":2},{"damage":36,"enemies":"Shelled Parasite and Fungi","floor":28,"turns":3},{"damage":6,"enemies":"Centurion and Healer","floor":30,"turns":4},{"damage":7,"enemies":"Snake Plant","floor":31,"turns":2},{"damage":68,"enemies":"Champ","floor":33,"turns":7},{"damage":10,"enemies":"Orb Walker","floor":35,"turns":3},{"damage":4,"enemies":"3 Shapes","floor":37,"turns":2},{"damage":3,"enemies":"Sphere and 2 Shapes","floor":38,"turns":3},{"damage":19,"enemies":"3 Darklings","floor":39,"turns":2},{"damage":92,"enemies":"Transient","floor":41,"turns":6}],"seed_played":"3338048706095907574","potions_obtained":[{"floor":1,"key":"Dexterity Potion"},{"floor":2,"key":"Regen Potion"},{"floor":10,"key":"FocusPotion"},{"floor":13,"key":"Fire Potion"},{"floor":14,"key":"Regen Potion"},{"floor":24,"key":"Dexterity Potion"}],"is_trial":false,"path_per_floor":["M","M","M","?","?","R","E","R","T","E","M","R","M","M","R","B",null,"M","$","M","?","M","R","E","R","T","E","M","R","M","M","R","B",null,"M","?","M","M","M","R","M"],"character_chosen":"DEFECT","items_purchased":["Static Discharge","Hologram","Steam"],"campfire_rested":2,"item_purchase_floors":[19,19,19],"current_hp_per_floor":[61,61,65,65,65,65,38,62,62,48,48,48,48,38,38,22,66,38,38,36,36,46,61,50,65,65,45,23,38,46,41,80,25,67,59,59,57,56,51,69,0],"gold":434,"neow_bonus":"RANDOM_COMMON_RELIC","is_prod":false,"is_daily":false,"chose_seed":false,"campfire_upgraded":7,"win_rate":0,"timestamp":1558880265,"path_taken":["M","M","M","?","?","R","E","R","T","E","?","R","M","?","R","BOSS","M","$","M","?","M","R","E","R","T","E","M","R","M","M","R","BOSS","M","?","M","M","?","R","M"],"build_version":"2019-01-23","purchased_purges":1,"victory":false,"max_hp_per_floor":[71,71,71,71,71,71,81,81,81,81,81,81,81,81,81,81,81,81,81,81,81,81,81,81,81,81,81,81,81,81,81,81,81,81,81,81,81,81,81,81,81],"card_choices":[{"not_picked":["Hello World","Stack"],"picked":"Auto Shields","floor":1},{"not_picked":["Conserve Battery","Steam"],"picked":"Cold Snap","floor":2},{"not_picked":["Chaos","Rebound"],"picked":"Sunder","floor":3},{"not_picked":["Go for the Eyes","Fusion"],"picked":"Coolheaded","floor":7},{"not_picked":["Streamline","Fission"],"picked":"Static Discharge","floor":10},{"not_picked":["Chaos","Cold Snap"],"picked":"Static Discharge","floor":11},{"not_picked":["Streamline","Doom and Gloom"],"picked":"Ball Lightning","floor":13},{"not_picked":["Sweeping Beam","Rebound"],"picked":"Coolheaded","floor":14},{"not_picked":["Thunder Strike","Meteor Strike"],"picked":"Electrodynamics","floor":16},{"not_picked":["Gash","Leap"],"picked":"Fusion+1","floor":18},{"not_picked":["Hello World","Compile Driver","Steam"],"picked":"SKIP","floor":20},{"not_picked":["Force Field","Conserve Battery"],"picked":"Skim+1","floor":22},{"not_picked":["Streamline","Redo"],"picked":"Seek","floor":24},{"not_picked":["Streamline","Rebound"],"picked":"Static Discharge+1","floor":27},{"not_picked":["Rebound","Tempest"],"picked":"Go for the Eyes+1","floor":28},{"not_picked":["Rip and Tear","Turbo"],"picked":"Genetic Algorithm+1","floor":30},{"not_picked":["Gash","Scrape","Darkness"],"picked":"SKIP","floor":31},{"not_picked":["Biased Cognition","Reboot"],"picked":"Amplify","floor":33},{"not_picked":["Hologram+1","Redo"],"picked":"Undo+1","floor":35},{"not_picked":["Barrage","Gash","Coolheaded"],"picked":"SKIP","floor":37},{"not_picked":["Melter","Redo","Rebound"],"picked":"SKIP","floor":38},{"not_picked":["Loop+1","Coolheaded"],"picked":"Storm","floor":39}],"player_experience":5158684,"relics_obtained":[{"floor":7,"key":"Pear"},{"floor":9,"key":"Mercury Hourglass"},{"floor":10,"key":"Blood Vial"},{"floor":24,"key":"Meat on the Bone"},{"floor":26,"key":"DataDisk"},{"floor":27,"key":"Bottled Lightning"}],"event_choices":[{"cards_removed":["Strike_B"],"damage_healed":0,"gold_gain":0,"player_choice":"Card Removal","damage_taken":0,"max_hp_gain":0,"max_hp_loss":0,"event_name":"The Cleric","floor":4,"gold_loss":75},{"damage_healed":0,"gold_gain":0,"player_choice":"2 cards matched","damage_taken":0,"max_hp_gain":0,"max_hp_loss":0,"event_name":"Match and Keep!","floor":5,"gold_loss":0,"cards_obtained":["Pain","Lockon"]},{"damage_healed":0,"gold_gain":50,"player_choice":"Stole From Cult","damage_taken":0,"max_hp_gain":0,"max_hp_loss":0,"event_name":"Nest","floor":21,"gold_loss":0},{"damage_healed":0,"gold_gain":50,"player_choice":"Pray","damage_taken":0,"max_hp_gain":0,"max_hp_loss":0,"event_name":"Golden Shrine","floor":36,"gold_loss":0}],"is_beta":false,"boss_relics":[{"not_picked":["Philosopher\u0027s Stone","Empty Cage"],"picked":"Eternal Feather"},{"not_picked":["Busted Crown","Nuclear Battery"],"picked":"Sozu"}],"items_purged_floors":[19],"is_endless":false,"potions_floor_spawned":[1,2,10,13,14,20,24,28,30,31,35,37,39],"killed_by":"Transient","ascension_level":20}