{"gold_per_floor":[119,194,194,25,36,63,74,74,101,133,133,154,171,188,188,264,264,275,286,302,144,144,144,175,175,246,275,300,310,310,310,310,386,386,403,416,89,100,116,116,134,134,157,157,187,187,187,204,204,204],"floor_reached":51,"playtime":4416,"items_purged":["Pain","Tools of the Trade","Bane"],"score":1375,"play_id":"3e54ddb7-744c-4b79-bbc1-fa52fd8d329a","local_time":"20190530222434","is_ascension_mode":true,"campfire_choices":[{"data":"Adrenaline","floor":8,"key":"SMITH"},{"data":"Cloak And Dagger","floor":11,"key":"SMITH"},{"data":"Well Laid Plans","floor":15,"key":"SMITH"},{"data":"Leg Sweep","floor":23,"key":"SMITH"},{"data":"Backflip","floor":25,"key":"SMITH"},{"data":"Finisher","floor":30,"key":"SMITH"},{"floor":32,"key":"REST"},{"data":"A Thousand Cuts","floor":40,"key":"SMITH"},{"data":"Footwork","floor":42,"key":"SMITH"},{"data":"PiercingWail","floor":44,"key":"SMITH"},{"data":"Cloak And Dagger","floor":46,"key":"SMITH"},{"floor":49,"key":"REST"}],"neow_cost":"NONE","seed_source_timestamp":956625485096923,"circlet_count":0,"master_deck":["AscendersBane","Neutralize+1","Backstab","Well Laid Plans+1","Cloak And Dagger+1","Finisher+1","Adrenaline+1","Terror","Crippling Poison","PiercingWail+1","Blur","Burst","Backstab","Endless Agony","Die Die Die","Backstab","Choke","Endless Agony","Storm of Steel","Outmaneuver","Leg Sweep+1","Choke","Backflip+1","Dodge and Roll","Well Laid Plans","A Thousand Cuts+1","Leg Sweep","Backflip","Blur","Slice+1","Footwork+1","Cloak And Dagger+1","Backflip","Backflip"],"relics":["Ring of the Snake","WarpedTongs","Orichalcum","Bag of Marbles","Strawberry","Odd Mushroom","Pandora\u0027s Box","Pocketwatch","Gremlin Horn","Red Mask","Dream Catcher","Philosopher\u0027s Stone","Bag of Preparation","Lantern","Vajra"],"potions_floor_usage":[6,10,24,50,50],"damage_taken":[{"damage":1,"enemies":"Small Slimes","floor":1,"turns":4},{"damage":0,"enemies":"Jaw Worm","floor":5,"turns":5},{"damage":6,"enemies":"3 Sentries","floor":6,"turns":9},{"damage":0,"enemies":"Cultist","floor":7,"turns":2},{"damage":10,"enemies":"Lagavulin","floor":10,"turns":4},{"damage":0,"enemies":"The Mushroom Lair","floor":12,"turns":2},{"damage":4,"enemies":"Exordium Wildlife","floor":13,"turns":2},{"damage":0,"enemies":"3 Louse","floor":14,"turns":2},{"damage":0,"enemies":"Hexaghost","floor":16,"turns":11},{"damage":6,"enemies":"Chosen","floor":18,"turns":2},{"damage":0,"enemies":"Spheric Guardian","floor":19,"turns":3},{"damage":7,"enemies":"Shelled Parasite and Fungi","floor":20,"turns":2},{"damage":3,"enemies":"Book of Stabbing","floor":24,"turns":4},{"damage":0,"enemies":"Masked Bandits","floor":27,"turns":1},{"damage":0,"enemies":"Gremlin Leader","floor":28,"turns":3},{"damage":10,"enemies":"Snake Plant","floor":29,"turns":3},{"damage":20,"enemies":"Automaton","floor":33,"turns":8},{"damage":3,"enemies":"3 Darklings","floor":35,"turns":2},{"damage":0,"enemies":"3 Shapes","floor":36,"turns":3},{"damage":0,"enemies":"3 Darklings","floor":38,"turns":1},{"damage":0,"enemies":"Spire Growth","floor":39,"turns":4},{"damage":0,"enemies":"Jaw Worm Horde","floor":41,"turns":3},{"damage":17,"enemies":"Reptomancer","floor":45,"turns":8},{"damage":1,"enemies":"Writhing Mass","floor":48,"turns":5},{"damage":6,"enemies":"Donu and Deca","floor":50,"turns":8}],"seed_played":"4064568297920927367","potions_obtained":[{"floor":1,"key":"Fire Potion"},{"floor":7,"key":"GamblersBrew"},{"floor":12,"key":"SpeedPotion"},{"floor":14,"key":"Strength Potion"},{"floor":16,"key":"AttackPotion"},{"floor":27,"key":"Weak Potion"}],"is_trial":false,"path_per_floor":["M","?","?","$","M","E","M","R","T","E","R","?","M","M","R","B",null,"M","M","M","$","?","R","E","R","T","?","E","M","R","?","R","B",null,"M","M","$","M","M","R","M","R","T","R","E","R","?","M","R","B",null],"character_chosen":"THE_SILENT","items_purchased":["Well Laid Plans","Cloak And Dagger","Dodge and Roll","Bag of Preparation","Blur"],"campfire_rested":2,"item_purchase_floors":[4,4,21,37,37],"current_hp_per_floor":[58,47,47,47,47,41,41,41,41,38,38,38,34,34,34,34,63,57,57,50,50,50,50,47,47,47,47,47,37,37,37,58,38,64,61,61,61,61,61,61,61,61,61,61,44,44,44,43,64,58],"gold":204,"neow_bonus":"UPGRADE_CARD","is_prod":false,"is_daily":false,"chose_seed":false,"campfire_upgraded":10,"win_rate":0,"timestamp":1559280274,"path_taken":["M","?","?","$","?","E","M","R","T","E","R","?","M","M","R","BOSS","M","M","M","$","?","R","E","R","T","?","E","M","R","?","R","BOSS","M","M","$","M","M","R","M","R","T","R","E","R","?","M","R","BOSS"],"build_version":"2019-01-23","purchased_purges":3,"victory":true,"max_hp_per_floor":[66,66,66,66,66,66,66,66,66,73,73,73,73,73,73,73,73,73,73,73,73,73,73,73,73,73,73,73,73,73,73,73,73,73,73,73,73,73,73,73,73,73,73,73,73,73,73,73,73,73],"card_choices":[{"not_picked":["Poisoned Stab","Noxious Fumes"],"picked":"Backstab","floor":1},{"not_picked":["Deadly Poison","Setup"],"picked":"Finisher","floor":5},{"not_picked":["Dagger Throw","Bane"],"picked":"Adrenaline","floor":6},{"not_picked":["Prepared","Setup"],"picked":"Terror","floor":7},{"not_picked":["Deadly Poison","Quick Slash"],"picked":"Crippling Poison","floor":10},{"not_picked":["Underhanded Strike","Endless Agony"],"picked":"PiercingWail","floor":12},{"not_picked":["Terror","Reflex","Dodge and Roll"],"picked":"SKIP","floor":13},{"not_picked":["Dagger Throw","Poisoned Stab"],"picked":"Blur","floor":14},{"not_picked":["Storm of Steel","Tools of the Trade"],"picked":"Burst","floor":16},{"not_picked":["Crippling Poison","Deflect"],"picked":"Leg Sweep","floor":18},{"not_picked":["Underhanded Strike","Expertise"],"picked":"Choke","floor":19},{"not_picked":["Distraction+1","PiercingWail"],"picked":"Backflip","floor":20},{"not_picked":["Bouncing Flask","Well Laid Plans","Eviscerate+1"],"picked":"SKIP","floor":24},{"not_picked":["Outmaneuver","Venomology","Dagger Throw"],"picked":"SKIP","floor":28},{"not_picked":["Masterful Stab","Poisoned Stab"],"picked":"Well Laid Plans","floor":29},{"not_picked":["Night Terror","Burst"],"picked":"A Thousand Cuts","floor":33},{"not_picked":["Dodge and Roll+1","Acrobatics"],"picked":"Leg Sweep","floor":35},{"not_picked":["Finisher","Deadly Poison"],"picked":"Backflip","floor":36},{"not_picked":["Deadly Poison","Tactician+1"],"picked":"Slice+1","floor":38},{"not_picked":["Bane","Dodge and Roll","Underhanded Strike"],"picked":"SKIP","floor":39},{"not_picked":["Distraction","Setup"],"picked":"Footwork","floor":41},{"not_picked":["Noxious Fumes+1","Doppelganger"],"picked":"Cloak And Dagger","floor":45},{"not_picked":["Crippling Poison","Leg Sweep"],"picked":"Backflip","floor":48},{"not_picked":["Prepared","Quick Slash"],"picked":"Backflip","floor":49}],"player_experience":507126,"relics_obtained":[{"floor":6,"key":"Orichalcum"},{"floor":9,"key":"Bag of Marbles"},{"floor":10,"key":"Strawberry"},{"floor":12,"key":"Odd Mushroom"},{"floor":24,"key":"Pocketwatch"},{"floor":26,"key":"Gremlin Horn"},{"floor":27,"key":"Red Mask"},{"floor":28,"key":"Dream Catcher"},{"floor":43,"key":"Lantern"},{"floor":45,"key":"Vajra"}],"event_choices":[{"damage_healed":0,"gold_gain":75,"player_choice":"Gather Gold","damage_taken":11,"max_hp_gain":0,"max_hp_loss":0,"event_name":"World of Goop","floor":2,"gold_loss":0},{"damage_healed":0,"gold_gain":0,"player_choice":"Rummage","damage_taken":0,"relics_obtained":["WarpedTongs"],"max_hp_gain":0,"max_hp_loss":0,"event_name":"Accursed Blacksmith","floor":3,"gold_loss":0,"cards_obtained":["Pain"]},{"damage_healed":0,"gold_gain":0,"player_choice":"Fought Mushrooms","damage_taken":0,"max_hp_gain":0,"max_hp_loss":0,"event_name":"Mushrooms","floor":12,"gold_loss":0},{"damage_healed":0,"gold_gain":0,"player_choice":"Ignored","damage_taken":0,"max_hp_gain":0,"max_hp_loss":0,"event_name":"Vampires","floor":22,"gold_loss":0},{"damage_healed":0,"gold_gain":0,"player_choice":"Fought Bandits","damage_taken":0,"max_hp_gain":0,"max_hp_loss":0,"event_name":"Masked Bandits","floor":27,"gold_loss":0},{"damage_healed":0,"gold_gain":0,"player_choice":"Ignored","damage_taken":0,"max_hp_gain":0,"max_hp_loss":0,"event_name":"Ghosts","floor":31,"gold_loss":0},{"cards_removed":["Survivor"],"damage_healed":0,"gold_gain":0,"player_choice":"Removed Skill","damage_taken":0,"max_hp_gain":0,"max_hp_loss":0,"event_name":"Falling","floor":47,"gold_loss":0}],"is_beta":false,"boss_relics":[{"not_picked":["HoveringKite","WristBlade"],"picked":"Pandora\u0027s Box"},{"not_picked":["Snecko Eye","Black Star"],"picked":"Philosopher\u0027s Stone"}],"items_purged_floors":[4,21,37],"is_endless":false,"potions_floor_spawned":[1,7,12,14,16,27,28,33,36,38,41,48],"ascension_level":16}