{"gold_per_floor":[114,126,201,214,214,214,247,247],"floor_reached":8,"playtime":199,"items_purged":[],"score":104,"play_id":"54dfe902-c962-41e0-98af-d4a5bdd6b6da","local_time":"20190219221709","is_ascension_mode":true,"campfire_choices":[{"floor":6,"key":"REST"}],"neow_cost":"NONE","seed_source_timestamp":308576148042379,"circlet_count":0,"master_deck":["AscendersBane","Defend_G","Defend_G","Defend_G","Defend_G","Strike_G","Strike_G","Strike_G","Strike_G","Strike_G","Survivor","Neutralize","Distraction","Backstab","Riddle With Holes","Masterful Stab","Prepared"],"relics":["Ring of the Snake","Golden Idol","Snake Skull"],"potions_floor_usage":[7],"damage_taken":[{"damage":3,"enemies":"2 Louse","floor":1,"turns":3},{"damage":0,"enemies":"Small Slimes","floor":2,"turns":2},{"damage":5,"enemies":"Jaw Worm","floor":4,"turns":4},{"damage":25,"enemies":"Gremlin Nob","floor":7,"turns":4},{"damage":23,"enemies":"Exordium Thugs","floor":8,"turns":5}],"seed_played":"936215895268857747","potions_obtained":[{"floor":2,"key":"Strength Potion"},{"floor":7,"key":"Ancient Potion"}],"is_trial":false,"path_per_floor":["M","M","?","M","?","R","E","M"],"character_chosen":"THE_SILENT","items_purchased":[],"campfire_rested":1,"item_purchase_floors":[],"current_hp_per_floor":[56,56,45,40,17,36,11,0],"gold":247,"neow_bonus":"TRANSFORM_CARD","is_prod":false,"is_daily":false,"chose_seed":false,"campfire_upgraded":0,"win_rate":0,"timestamp":1550582229,"path_taken":["M","M","?","M","?","R","E","M"],"build_version":"2019-01-23","purchased_purges":0,"victory":false,"max_hp_per_floor":[66,66,66,66,66,66,66,66],"card_choices":[{"not_picked":["Cloak And Dagger","Dagger Throw"],"picked":"Backstab","floor":1},{"not_picked":["Accuracy","Infinite Blades"],"picked":"Riddle With Holes","floor":2},{"not_picked":["Endless Agony","Flying Knee"],"picked":"Masterful Stab","floor":4},{"not_picked":["Caltrops","Endless Agony"],"picked":"Prepared","floor":7}],"player_experience":659450,"relics_obtained":[{"floor":7,"key":"Snake Skull"}],"event_choices":[{"damage_healed":0,"gold_gain":75,"player_choice":"Gather Gold","damage_taken":11,"max_hp_gain":0,"max_hp_loss":0,"event_name":"World of Goop","floor":3,"gold_loss":0},{"damage_healed":0,"gold_gain":0,"player_choice":"Take Damage","damage_taken":23,"relics_obtained":["Golden Idol"],"max_hp_gain":0,"max_hp_loss":0,"event_name":"Golden Idol","floor":5,"gold_loss":0}],"is_beta":false,"boss_relics":[],"items_purged_floors":[],"is_endless":false,"potions_floor_spawned":[2,7],"killed_by":"Exordium Thugs","ascension_level":17}