{"gold_per_floor":[114,64,64,64,78,78,3,18,43,43,43,63,89,107,107,203,203,221,235,235,97,97,97,115,115,115,115,125,142,142,159,159,263,263,277,277,296,296,22,22,22,36,62,62,62,82,82,97,97,97],"floor_reached":50,"playtime":4390,"items_purged":["Defend_B","Writhe","Defend_B"],"score":467,"play_id":"bb60854f-a367-42cd-962d-3cd71120aade","local_time":"20181204172555","is_ascension_mode":false,"campfire_choices":[{"data":"Zap","floor":6,"key":"SMITH"},{"data":"Conserve Battery","floor":10,"key":"SMITH"},{"floor":15,"key":"REST"},{"data":"Auto Shields","floor":23,"key":"SMITH"},{"data":"Sunder","floor":25,"key":"SMITH"},{"floor":30,"key":"REST"},{"data":"Bite","floor":32,"key":"SMITH"},{"data":"Bandage Up","floor":40,"key":"SMITH"},{"data":"Madness","floor":47,"key":"SMITH"},{"floor":49,"key":"REST"}],"neow_cost":"NONE","seed_source_timestamp":182230544915836,"circlet_count":0,"master_deck":["Defend_B","Zap+1","Dualcast+1","Forethought","Sunder+1","Conserve Battery+1","Steam","Melter","Chaos+1","Auto Shields+1","Bite+1","Bite","Bite","Bite","Bite","Streamline+1","Reprogram","Bandage Up+1","Madness+1","Madness"],"relics":["FrozenCore","Orichalcum","Meat on the Bone","Lizard Tail","FossilizedHelix","Calipers","Happy Flower","Centennial Puzzle","Gremlin Horn"],"potions_floor_usage":[13,16,33,33,33,46,50,50],"damage_taken":[{"damage":16,"enemies":"2 Louse","floor":1,"turns":3},{"damage":3,"enemies":"Small Slimes","floor":5,"turns":2},{"damage":0,"enemies":"Cultist","floor":8,"turns":2},{"damage":0,"enemies":"Large Slime","floor":12,"turns":5},{"damage":8,"enemies":"Gremlin Nob","floor":13,"turns":4},{"damage":6,"enemies":"Blue Slaver","floor":14,"turns":3},{"damage":32,"enemies":"The Guardian","floor":16,"turns":9},{"damage":16,"enemies":"3 Byrds","floor":18,"turns":4},{"damage":0,"enemies":"Spheric Guardian","floor":19,"turns":2},{"damage":24,"enemies":"Shelled Parasite and Fungi","floor":24,"turns":6},{"damage":15,"enemies":"Chosen and Byrds","floor":28,"turns":6},{"damage":13,"enemies":"Snake Plant","floor":29,"turns":4},{"damage":9,"enemies":"3 Cultists","floor":31,"turns":4},{"damage":62,"enemies":"Automaton","floor":33,"turns":10},{"damage":28,"enemies":"3 Darklings","floor":35,"turns":7},{"damage":15,"enemies":"Orb Walker","floor":37,"turns":4},{"damage":20,"enemies":"Jaw Worm Horde","floor":42,"turns":6},{"damage":21,"enemies":"Spire Growth","floor":46,"turns":6},{"damage":31,"enemies":"3 Darklings","floor":48,"turns":8},{"damage":84,"enemies":"Awakened One","floor":50,"turns":10}],"seed_played":"5740860951786961317","potions_obtained":[{"floor":1,"key":"Poison Potion"},{"floor":14,"key":"Weak Potion"},{"floor":19,"key":"FocusPotion"},{"floor":29,"key":"Swift Potion"},{"floor":31,"key":"Explosive Potion"},{"floor":35,"key":"AttackPotion"},{"floor":42,"key":"Ancient Potion"},{"floor":46,"key":"Poison Potion"}],"is_trial":false,"path_per_floor":["M","?","?","?","M","R","$","M","T","R","$","M","E","M","R","B",null,"M","M","?","$","?","R","M","R","T","?","M","M","R","M","R","B",null,"M","?","M","?","$","R","$","M","T","T","?","M","R","M","R","B"],"character_chosen":"DEFECT","items_purchased":["Auto Shields","Happy Flower"],"campfire_rested":3,"item_purchase_floors":[21,39],"current_hp_per_floor":[59,59,52,52,49,49,49,49,49,49,49,49,41,47,69,49,75,59,59,59,59,52,52,40,40,40,40,35,28,43,44,44,29,52,37,37,35,35,35,35,35,34,34,34,27,32,32,29,44,0],"gold":97,"neow_bonus":"RANDOM_COLORLESS","is_prod":false,"is_daily":false,"chose_seed":false,"campfire_upgraded":7,"win_rate":0.0,"timestamp":1543911955,"path_taken":["M","?","?","?","M","R","$","M","T","R","$","M","E","M","R","BOSS","M","M","?","$","?","R","M","R","T","?","M","M","R","M","R","BOSS","M","?","M","?","$","R","$","M","T","?","?","?","R","M","R","BOSS"],"build_version":"2018-11-15","purchased_purges":3,"victory":false,"max_hp_per_floor":[75,75,75,75,75,75,75,75,75,75,75,75,75,75,75,75,75,75,75,75,75,52,52,52,52,52,52,52,52,52,52,52,52,52,52,52,52,52,52,52,52,52,52,52,52,52,52,52,52,52],"card_choices":[{"not_picked":["Hello World","Steam"],"picked":"Sunder","floor":1},{"not_picked":["Hologram","Cold Snap"],"picked":"Ball Lightning","floor":5},{"not_picked":["Streamline","Ball Lightning"],"picked":"Conserve Battery","floor":8},{"not_picked":["Biased Cognition","Self Repair"],"picked":"Steam","floor":12},{"not_picked":["Tempest","Thunder Strike"],"picked":"Melter","floor":13},{"not_picked":["Beam Cell","Steam","Conserve Battery"],"picked":"SKIP","floor":14},{"not_picked":["Conserve Battery","Hologram"],"picked":"Chaos+1","floor":18},{"not_picked":["Darkness","Turbo+1","Defragment"],"picked":"SKIP","floor":19},{"not_picked":["Reinforced Body","Cold Snap"],"picked":"Streamline+1","floor":24},{"not_picked":["Buffer","Tempest","Steam+1"],"picked":"SKIP","floor":28},{"not_picked":["Tempest+1","Conserve Battery"],"picked":"Reprogram","floor":29},{"not_picked":["Tempest","Sweeping Beam","Stack"],"picked":"SKIP","floor":31},{"not_picked":["Reprogram","Ball Lightning","Turbo"],"picked":"SKIP","floor":35},{"not_picked":["PanicButton","Panache"],"picked":"Bandage Up","floor":36},{"not_picked":["Steam","Hologram+1","Cold Snap+1"],"picked":"SKIP","floor":37},{"not_picked":["Creative AI","Sweeping Beam","Ball Lightning"],"picked":"SKIP","floor":42},{"not_picked":["Skim","Leap+1","Turbo+1"],"picked":"SKIP","floor":46},{"not_picked":["Reprogram+1","Hologram+1","Stack+1"],"picked":"SKIP","floor":48}],"player_experience":73297,"relics_obtained":[{"floor":9,"key":"Orichalcum"},{"floor":13,"key":"Meat on the Bone"},{"floor":26,"key":"Calipers"},{"floor":43,"key":"Centennial Puzzle"},{"floor":44,"key":"Gremlin Horn"}],"event_choices":[{"cards_removed":["Strike_B"],"damage_healed":0,"gold_gain":0,"player_choice":"Card Removal","damage_taken":0,"max_hp_gain":0,"max_hp_loss":0,"event_name":"The Cleric","floor":2,"gold_loss":50},{"cards_removed":["Strike_B"],"damage_healed":0,"gold_gain":0,"player_choice":"Card Removal","damage_taken":7,"max_hp_gain":0,"max_hp_loss":0,"event_name":"Golden Wing","floor":3,"gold_loss":0},{"cards_removed":["Defend_B"],"damage_healed":0,"gold_gain":0,"player_choice":"Forget","damage_taken":0,"max_hp_gain":0,"max_hp_loss":0,"event_name":"Living Wall","floor":4,"gold_loss":0},{"damage_healed":0,"gold_gain":0,"player_choice":"Opened","damage_taken":0,"relics_obtained":["FossilizedHelix"],"max_hp_gain":0,"max_hp_loss":0,"event_name":"The Mausoleum","floor":20,"gold_loss":0,"cards_obtained":["Writhe"]},{"damage_healed":0,"gold_gain":0,"player_choice":"Became a vampire","damage_taken":0,"max_hp_gain":0,"max_hp_loss":23,"event_name":"Vampires","floor":22,"gold_loss":0,"cards_obtained":["Bite","Bite","Bite","Bite","Bite"]},{"damage_healed":0,"gold_gain":0,"player_choice":"Forge","damage_taken":0,"max_hp_gain":0,"max_hp_loss":0,"event_name":"Accursed Blacksmith","floor":27,"gold_loss":0,"cards_upgraded":["Dualcast"]},{"damage_healed":0,"gold_gain":0,"player_choice":"Memory 1","damage_taken":0,"max_hp_gain":0,"max_hp_loss":0,"event_name":"SensoryStone","floor":36,"gold_loss":0},{"cards_removed":["Ball Lightning"],"damage_healed":0,"gold_gain":0,"player_choice":"Removed Attack","damage_taken":0,"max_hp_gain":0,"max_hp_loss":0,"event_name":"Falling","floor":38,"gold_loss":0},{"damage_healed":0,"gold_gain":0,"player_choice":"Embrace Madness","damage_taken":7,"max_hp_gain":0,"max_hp_loss":0,"event_name":"Winding Halls","floor":45,"gold_loss":0,"cards_obtained":["Madness","Madness"]}],"is_beta":false,"boss_relics":[{"not_picked":["Calling Bell","Ectoplasm"],"picked":"Lizard Tail"},{"not_picked":["Philosopher\u0027s Stone","Coffee Dripper"],"picked":"FrozenCore"}],"items_purged_floors":[7,21,39],"is_endless":false,"potions_floor_spawned":[1,14,19,29,31,35,42,46],"killed_by":"Awakened One","ascension_level":0}