{"gold_per_floor":[118,129,149,167,182,215,215,242,242,273,273,287,287,298,298,370,370,388,388,438,452,467,467,478,478,478,491,503,503,520,539,539,539],"floor_reached":33,"playtime":1097,"items_purged":[],"score":550,"play_id":"1f6c5690-f503-4071-9e2f-6c7031b4c5a6","local_time":"20190530004750","is_ascension_mode":true,"campfire_choices":[{"data":"Defragment","floor":7,"key":"SMITH"},{"floor":11,"key":"REST"},{"data":"Consume","floor":13,"key":"SMITH"},{"data":"Multi-Cast","floor":15,"key":"SMITH"},{"data":"Loop","floor":23,"key":"SMITH"},{"data":"Self Repair","floor":25,"key":"SMITH"},{"data":"Loop","floor":32,"key":"SMITH"}],"neow_cost":"TEN_PERCENT_HP_LOSS","seed_source_timestamp":270029208398600,"circlet_count":0,"master_deck":["AscendersBane","Strike_B","Strike_B","Strike_B","Strike_B","Defend_B","Defend_B","Defend_B","Defend_B","Zap","Dualcast","Multi-Cast+1","Cold Snap","Glacier","Melter","FTL","Defragment+1","Biased Cognition","FTL","Consume+1","Ball Lightning","Cold Snap","Core Surge","Loop+1","Self Repair+1","Loop+1","Ghostly","Ghostly","Ghostly","Amplify","Leap+1"],"relics":["Cracked Core","Regal Pillow","Blood Vial","Emotion Chip","Torii","Philosopher\u0027s Stone","Bottled Lightning"],"potions_floor_usage":[6,6,16,21,24,28,28,31,33],"damage_taken":[{"damage":0,"enemies":"2 Louse","floor":1,"turns":2},{"damage":4,"enemies":"Jaw Worm","floor":2,"turns":6},{"damage":0,"enemies":"Cultist","floor":3,"turns":4},{"damage":0,"enemies":"Looter","floor":4,"turns":4},{"damage":10,"enemies":"Blue Slaver","floor":5,"turns":3},{"damage":8,"enemies":"Gremlin Nob","floor":6,"turns":3},{"damage":9,"enemies":"3 Sentries","floor":8,"turns":12},{"damage":23,"enemies":"Gremlin Nob","floor":10,"turns":4},{"damage":4,"enemies":"Gremlin Gang","floor":12,"turns":3},{"damage":0,"enemies":"Large Slime","floor":14,"turns":3},{"damage":15,"enemies":"Hexaghost","floor":16,"turns":9},{"damage":0,"enemies":"Spheric Guardian","floor":18,"turns":4},{"damage":11,"enemies":"Shell Parasite","floor":21,"turns":5},{"damage":19,"enemies":"Snake Plant","floor":22,"turns":7},{"damage":9,"enemies":"Shelled Parasite and Fungi","floor":24,"turns":7},{"damage":2,"enemies":"Centurion and Healer","floor":27,"turns":6},{"damage":21,"enemies":"3 Cultists","floor":28,"turns":4},{"damage":0,"enemies":"Snake Plant","floor":30,"turns":4},{"damage":16,"enemies":"Cultist and Chosen","floor":31,"turns":4},{"damage":28,"enemies":"Collector","floor":33,"turns":2}],"seed_played":"1552154573786946023","potions_obtained":[{"floor":2,"key":"Poison Potion"},{"floor":3,"key":"AttackPotion"},{"floor":5,"key":"Poison Potion"},{"floor":6,"key":"LiquidBronze"},{"floor":12,"key":"Explosive Potion"},{"floor":16,"key":"SkillPotion"},{"floor":22,"key":"Block Potion"},{"floor":24,"key":"SteroidPotion"},{"floor":30,"key":"Ancient Potion"},{"floor":31,"key":"FearPotion"}],"is_trial":false,"path_per_floor":["M","M","M","M","M","E","R","E","T","E","R","M","R","M","R","B",null,"M","?","?","M","M","R","M","R","T","M","M","?","M","M","R","B"],"character_chosen":"DEFECT","items_purchased":[],"campfire_rested":1,"item_purchase_floors":[],"current_hp_per_floor":[64,60,60,60,50,42,42,33,33,12,46,44,44,46,46,33,56,58,58,58,49,32,32,32,32,32,42,23,23,32,26,26,0],"gold":539,"neow_bonus":"THREE_RARE_CARDS","is_prod":false,"is_daily":false,"chose_seed":false,"campfire_upgraded":6,"win_rate":0,"timestamp":1559144870,"path_taken":["M","M","M","M","M","E","R","E","T","E","R","M","R","M","R","BOSS","M","?","?","M","M","R","M","R","T","M","?","?","M","M","R","BOSS"],"build_version":"2019-01-23","purchased_purges":0,"victory":false,"max_hp_per_floor":[64,64,64,64,64,64,64,64,64,64,64,64,64,64,64,64,64,64,64,64,64,64,64,64,64,64,64,64,32,32,32,32,32],"card_choices":[{"not_picked":["Creative AI","All For One"],"picked":"Multi-Cast","floor":0},{"not_picked":["Steam Power","Skim"],"picked":"Cold Snap","floor":1},{"not_picked":["Undo","Gash"],"picked":"Glacier","floor":2},{"not_picked":["Reinforced Body","Cold Snap"],"picked":"Melter","floor":3},{"not_picked":["Redo","Capacitor"],"picked":"FTL","floor":4},{"not_picked":["Coolheaded","Gash"],"picked":"Defragment","floor":5},{"not_picked":["Coolheaded","Aggregate"],"picked":"Biased Cognition","floor":6},{"not_picked":["Rip and Tear","Coolheaded"],"picked":"FTL","floor":8},{"not_picked":["Conserve Battery","Cold Snap"],"picked":"Consume","floor":10},{"not_picked":["Beam Cell","Steam"],"picked":"Ball Lightning","floor":12},{"not_picked":["Coolheaded","Conserve Battery"],"picked":"Cold Snap","floor":14},{"not_picked":["Reboot","Multi-Cast"],"picked":"Core Surge","floor":16},{"not_picked":["Sweeping Beam","Stack+1","Reprogram"],"picked":"SKIP","floor":18},{"not_picked":["Conserve Battery","Doom and Gloom"],"picked":"Loop","floor":21},{"not_picked":["Steam","Undo"],"picked":"Self Repair","floor":22},{"not_picked":["Rebound","Beam Cell","Streamline"],"picked":"SKIP","floor":24},{"not_picked":["Conserve Battery","Ball Lightning"],"picked":"Loop","floor":27},{"not_picked":["Compile Driver","Redo","Reinforced Body"],"picked":"SKIP","floor":28},{"not_picked":["Compile Driver","Redo","Reinforced Body"],"picked":"SKIP","floor":28},{"not_picked":["Compile Driver","Redo","Reinforced Body"],"picked":"SKIP","floor":28},{"not_picked":["Hologram","Go for the Eyes"],"picked":"Amplify","floor":30},{"not_picked":["Streamline","Barrage"],"picked":"Leap+1","floor":31}],"player_experience":5196036,"relics_obtained":[{"floor":6,"key":"Regal Pillow"},{"floor":8,"key":"Blood Vial"},{"floor":9,"key":"Emotion Chip"},{"floor":10,"key":"Torii"},{"floor":26,"key":"Bottled Lightning"}],"event_choices":[{"damage_healed":0,"gold_gain":0,"player_choice":"Ignored","damage_taken":0,"max_hp_gain":0,"max_hp_loss":0,"event_name":"The Mausoleum","floor":19,"gold_loss":0},{"damage_healed":0,"gold_gain":50,"player_choice":"Pray","damage_taken":0,"max_hp_gain":0,"max_hp_loss":0,"event_name":"Golden Shrine","floor":20,"gold_loss":0},{"damage_healed":0,"gold_gain":0,"player_choice":"Became a Ghost","damage_taken":0,"max_hp_gain":0,"max_hp_loss":32,"event_name":"Ghosts","floor":29,"gold_loss":0,"cards_obtained":["Ghostly","Ghostly","Ghostly"]}],"is_beta":false,"boss_relics":[{"not_picked":["Fusion Hammer","Cursed Key"],"picked":"Philosopher\u0027s Stone"}],"items_purged_floors":[],"is_endless":false,"potions_floor_spawned":[2,3,5,6,12,14,16,22,24,30,31],"killed_by":"Collector","ascension_level":20}