{"gold_per_floor":[115,5,5,15,15,15,31,51,119,175,194,94,94,111,111,207,207,224,99,118,129,145,145,215,250,273,290,290,305,305,305,305,305],"floor_reached":33,"playtime":2618,"items_purged":["Strike_B","Strike_B","Strike_B"],"score":269,"play_id":"c98784cd-cd14-4096-9440-7af7a524ced1","local_time":"20181206202512","is_ascension_mode":false,"campfire_choices":[{"data":"Redo","floor":6,"key":"SMITH"},{"data":"Conserve Battery","floor":13,"key":"SMITH"},{"floor":15,"key":"REST"},{"floor":23,"key":"REST"},{"floor":28,"key":"REST"},{"floor":32,"key":"REST"}],"neow_cost":"NONE","seed_source_timestamp":367565484298900,"circlet_count":0,"master_deck":["Strike_B+1","Defend_B","Defend_B","Defend_B","Defend_B","Zap+1","Dualcast","Ball Lightning+1","Defragment+1","Redo+1","Conserve Battery+1","Melter","Seek","Hello World+1","Steam+1","Stack+1","Conserve Battery+1"],"relics":["Cracked Core","Anchor","Shuriken","Tiny Chest","Runic Pyramid","Toxic Egg 2","Whetstone","Vajra"],"potions_floor_usage":[16,16,16,20,25,33],"damage_taken":[{"damage":0,"enemies":"2 Louse","floor":1,"turns":2},{"damage":6,"enemies":"Cultist","floor":4,"turns":3},{"damage":0,"enemies":"Small Slimes","floor":7,"turns":2},{"damage":0,"enemies":"Gremlin Gang","floor":8,"turns":3},{"damage":17,"enemies":"Lagavulin","floor":10,"turns":4},{"damage":10,"enemies":"Exordium Thugs","floor":11,"turns":3},{"damage":0,"enemies":"3 Louse","floor":14,"turns":3},{"damage":9,"enemies":"The Guardian","floor":16,"turns":7},{"damage":2,"enemies":"Shell Parasite","floor":18,"turns":4},{"damage":14,"enemies":"3 Byrds","floor":20,"turns":4},{"damage":11,"enemies":"Snake Plant","floor":21,"turns":3},{"damage":9,"enemies":"Sentry and Sphere","floor":22,"turns":3},{"damage":35,"enemies":"Slavers","floor":25,"turns":6},{"damage":9,"enemies":"Shelled Parasite and Fungi","floor":27,"turns":4},{"damage":0,"enemies":"Centurion and Healer","floor":29,"turns":6},{"damage":66,"enemies":"Collector","floor":33,"turns":6}],"seed_played":"1532650584171195308","potions_obtained":[{"floor":1,"key":"Swift Potion"},{"floor":4,"key":"GamblersBrew"},{"floor":10,"key":"Poison Potion"},{"floor":16,"key":"Weak Potion"},{"floor":20,"key":"GamblersBrew"},{"floor":22,"key":"SkillPotion"},{"floor":27,"key":"SkillPotion"}],"is_trial":false,"path_per_floor":["M","$","?","M","?","R","M","M","T","E","M","$","R","M","R","B",null,"M","$","M","M","M","R","T","E","T","M","R","M","?","?","R","B"],"character_chosen":"DEFECT","items_purchased":["Defragment"],"campfire_rested":4,"item_purchase_floors":[2],"current_hp_per_floor":[75,75,75,69,69,69,69,69,69,52,42,42,42,42,64,55,75,73,73,59,48,39,61,61,26,26,17,39,39,39,39,61,0],"gold":305,"neow_bonus":"RANDOM_COMMON_RELIC","is_prod":false,"is_daily":false,"chose_seed":false,"campfire_upgraded":2,"win_rate":0.0,"timestamp":1544095512,"path_taken":["M","$","?","?","?","R","?","M","T","E","M","?","R","M","R","BOSS","M","$","M","M","M","R","?","E","T","M","R","?","?","?","R","BOSS"],"build_version":"2018-11-15","purchased_purges":3,"victory":false,"max_hp_per_floor":[75,75,75,75,75,75,75,75,75,75,75,75,75,75,75,75,75,75,75,75,75,75,75,75,75,75,75,75,75,75,75,75,75],"card_choices":[{"not_picked":["BootSequence","Steam"],"picked":"Ball Lightning","floor":1},{"not_picked":["Compile Driver","Streamline"],"picked":"Redo","floor":4},{"not_picked":["Machine Learning","Gash"],"picked":"Conserve Battery","floor":7},{"not_picked":["Blizzard","Conserve Battery"],"picked":"Melter","floor":8},{"not_picked":["Rebound","Compile Driver","Sweeping Beam"],"picked":"SKIP","floor":10},{"not_picked":["BootSequence","Barrage","Conserve Battery"],"picked":"SKIP","floor":11},{"not_picked":["Coolheaded","Steam Power","Scrape"],"picked":"SKIP","floor":14},{"not_picked":["Creative AI","Reboot"],"picked":"Seek","floor":16},{"not_picked":["Sweeping Beam+1","Stack"],"picked":"Hello World+1","floor":18},{"not_picked":["Tempest","Beam Cell","Gash"],"picked":"SKIP","floor":20},{"not_picked":["Stack","Melter","Coolheaded+1"],"picked":"SKIP","floor":21},{"not_picked":["Leap","Redo+1"],"picked":"Steam+1","floor":22},{"not_picked":["Ball Lightning+1","Hologram+1"],"picked":"Stack+1","floor":25},{"not_picked":["Sunder","Cold Snap"],"picked":"Conserve Battery+1","floor":27},{"not_picked":["BootSequence+1","Steam Power+1","Melter"],"picked":"SKIP","floor":29}],"player_experience":120632,"relics_obtained":[{"floor":9,"key":"Shuriken"},{"floor":10,"key":"Tiny Chest"},{"floor":24,"key":"Toxic Egg 2"},{"floor":25,"key":"Whetstone"},{"floor":26,"key":"Vajra"}],"event_choices":[{"damage_healed":0,"gold_gain":0,"player_choice":"Ignored","damage_taken":0,"max_hp_gain":0,"max_hp_loss":0,"event_name":"NoteForYourself","floor":3,"gold_loss":0},{"damage_healed":0,"gold_gain":0,"player_choice":"Upgraded","damage_taken":0,"max_hp_gain":0,"max_hp_loss":0,"event_name":"Upgrade Shrine","floor":5,"gold_loss":0,"cards_upgraded":["Zap"]},{"damage_healed":0,"gold_gain":0,"player_choice":"Ignored","damage_taken":0,"max_hp_gain":0,"max_hp_loss":0,"event_name":"Cursed Tome","floor":30,"gold_loss":0},{"damage_healed":0,"gold_gain":0,"player_choice":"Upgraded","damage_taken":0,"max_hp_gain":0,"max_hp_loss":0,"event_name":"Upgrade Shrine","floor":31,"gold_loss":0,"cards_upgraded":["Defragment"]}],"is_beta":false,"boss_relics":[{"not_picked":["Ectoplasm","Cursed Key"],"picked":"Runic Pyramid"}],"items_purged_floors":[2,12,19],"is_endless":false,"potions_floor_spawned":[1,4,10,16,20,22,27],"killed_by":"Collector","ascension_level":0}