{"gold_per_floor":[115,135,55,55,75,109,109,127,127,162,162,185,185,199,199,288,288,313,313,337,353,333,333,333],"floor_reached":24,"playtime":1066,"items_purged":[],"score":381,"play_id":"9979c5f3-dd8d-4b30-beb0-5919831f9568","local_time":"20190521123431","is_ascension_mode":true,"campfire_choices":[{"data":"Body Slam","floor":11,"key":"SMITH"},{"data":"Inflame","floor":13,"key":"SMITH"},{"floor":15,"key":"REST"},{"floor":23,"key":"RECALL"}],"neow_cost":"NONE","seed_source_timestamp":188614059686376,"circlet_count":0,"master_deck":["AscendersBane","Strike_R","Strike_R","Strike_R","Strike_R","Strike_R","Defend_R","Defend_R","Defend_R","Defend_R","Bash","Infernal Blade","Rage","Inflame+1","Headbutt","Body Slam+1","Entrench","Sword Boomerang+1","Battle Trance","Barricade","Dropkick+1","Armaments","Body Slam+1"],"special_seed":0,"relics":["Burning Blood","NeowsBlessing","Golden Idol","Anchor","Bag of Preparation","Molten Egg 2","Fusion Hammer"],"potions_floor_usage":[10,18],"damage_taken":[{"damage":0.0,"enemies":"Cultist","floor":1.0,"turns":1.0},{"damage":3.0,"enemies":"Jaw Worm","floor":2.0,"turns":1.0},{"damage":0.0,"enemies":"Small Slimes","floor":5.0,"turns":1.0},{"damage":16.0,"enemies":"3 Sentries","floor":6.0,"turns":7.0},{"damage":5,"enemies":"Blue Slaver","floor":8,"turns":3},{"damage":25,"enemies":"Gremlin Nob","floor":10,"turns":5},{"damage":14,"enemies":"Exordium Wildlife","floor":12,"turns":6},{"damage":0,"enemies":"Exordium Thugs","floor":14,"turns":2},{"damage":22,"enemies":"Hexaghost","floor":16,"turns":9},{"damage":0,"enemies":"Chosen","floor":18,"turns":2},{"damage":9,"enemies":"2 Thieves","floor":21,"turns":3},{"damage":73,"enemies":"Book of Stabbing","floor":24,"turns":5}],"seed_played":"8828853721625353076","potions_obtained":[{"floor":1.0,"key":"Explosive Potion"},{"floor":5.0,"key":"Weak Potion"},{"floor":14,"key":"Fire Potion"},{"floor":16,"key":"SteroidPotion"},{"floor":21,"key":"EssenceOfSteel"},{"floor":22,"key":"Ancient Potion"}],"is_trial":false,"path_per_floor":["M","M","$","?","M","E","?","M","T","E","R","M","R","M","R","B",null,"M","?","T","M","?","R","E"],"character_chosen":"IRONCLAD","items_purchased":["Inflame"],"campfire_rested":1,"item_purchase_floors":[3],"current_hp_per_floor":[74,75,75,49,55,45,45,46,46,27,27,19,19,25,47,31,64,70,70,70,67,67,67,0],"gold":333,"neow_bonus":"THREE_ENEMY_KILL","is_prod":false,"is_daily":false,"chose_seed":false,"campfire_upgraded":2,"win_rate":0,"timestamp":1558409671,"path_taken":["M","?","$","?","M","E","?","M","T","E","R","?","R","M","R","BOSS","M","?","?","?","?","R","E"],"build_version":"2019-05-07","purchased_purges":0,"victory":false,"max_hp_per_floor":[75,75,75,75,75,75,75,75,75,75,75,75,75,75,75,75,75,75,75,75,75,75,75,75],"card_choices":[{"not_picked":["Power Through","Wild Strike"],"picked":"Infernal Blade","floor":1.0},{"not_picked":["Battle Trance","Pommel Strike"],"picked":"Rage","floor":2.0},{"not_picked":["Clothesline","Dual Wield"],"picked":"Headbutt","floor":5.0},{"not_picked":["Entrench","Headbutt","Havoc"],"picked":"SKIP","floor":6.0},{"not_picked":["Wild Strike","Iron Wave"],"picked":"Body Slam","floor":8},{"not_picked":["Warcry","Fiend Fire"],"picked":"Entrench","floor":10},{"not_picked":["Perfected Strike+1","Burning Pact"],"picked":"Sword Boomerang+1","floor":12},{"not_picked":["Clothesline+1","Armaments"],"picked":"Battle Trance","floor":14},{"not_picked":["Brutality","Demon Form"],"picked":"Barricade","floor":16},{"not_picked":["Wild Strike+1","True Grit"],"picked":"Dropkick+1","floor":18},{"not_picked":["Headbutt+1","Clash+1"],"picked":"Body Slam+1","floor":21}],"player_experience":3299647,"relics_obtained":[{"floor":6.0,"key":"Anchor"},{"floor":9,"key":"Bag of Preparation"},{"floor":10,"key":"Molten Egg 2"}],"event_choices":[{"damage_healed":0.0,"max_hp_gain":0.0,"max_hp_loss":0.0,"gold_gain":0.0,"event_name":"Golden Idol","player_choice":"Take Damage","floor":4.0,"gold_loss":0.0,"damage_taken":26.0,"relics_obtained":["Golden Idol"]},{"damage_healed":0,"gold_gain":0,"player_choice":"0 cards matched","damage_taken":0,"max_hp_gain":0,"max_hp_loss":0,"event_name":"Match and Keep!","floor":7,"gold_loss":0,"cards_obtained":[]},{"damage_healed":0,"gold_gain":0,"player_choice":"Read","damage_taken":0,"max_hp_gain":0,"max_hp_loss":0,"event_name":"The Library","floor":19,"gold_loss":0,"cards_obtained":["Armaments"]},{"damage_healed":0,"gold_gain":0,"player_choice":"Bought 1 Potion","damage_taken":0,"max_hp_gain":0,"max_hp_loss":0,"event_name":"The Woman in Blue","floor":22,"gold_loss":0}],"is_beta":true,"boss_relics":[{"not_picked":["Busted Crown","Black Star"],"picked":"Fusion Hammer"}],"items_purged_floors":[],"is_endless":false,"potions_floor_spawned":[1,5,14,16,21],"killed_by":"Book of Stabbing","ascension_level":17}