{"gold_per_floor":[116,116,134,149,149,184,184,211,235,235,235,251,251,262,262,361,361,381,395,3,20,20,49,49,68,68,68,68,79,95,113,113,212,212,226,226,326,339,353,353,120,154,179,25,55,55,66,80,80,80],"floor_reached":51,"playtime":3945,"items_purged":["Strike_R"],"score":886,"play_id":"2c499ed0-339b-491a-8b28-2415eea3ff13","local_time":"20190107233803","is_ascension_mode":true,"campfire_choices":[{"data":"Bash","floor":7.0,"key":"SMITH"},{"floor":11.0,"key":"REST"},{"floor":15.0,"key":"REST"},{"data":"Barricade","floor":24,"key":"SMITH"},{"floor":28,"key":"REST"},{"floor":32,"key":"REST"},{"data":"Double Tap","floor":40,"key":"SMITH"},{"data":"Battle Trance","floor":46,"key":"SMITH"},{"data":"Pommel Strike","floor":49,"key":"SMITH"}],"neow_cost":"NONE","seed_source_timestamp":1386946707706021,"circlet_count":0,"master_deck":["Strike_R+1","Strike_R+1","Strike_R+1","Defend_R+1","Defend_R+1","Defend_R+1","Defend_R+1","Bash+1","Pommel Strike+1","Sword Boomerang","Shrug It Off","Battle Trance+1","Impervious","Flex","Armaments+1","Clothesline","Shrug It Off","Barricade+1","Clash+1","Thunderclap","Clash+1","Clothesline+1","Headbutt+1","Double Tap+1","Perfected Strike+1","Body Slam+1","PanicButton","Cleave+1","Impervious","Metallicize","Clash+1","Reaper","Flex","Second Wind+1"],"special_seed":0,"relics":["Burning Blood","NeowsBlessing","Prayer Wheel","Centennial Puzzle","Bottled Flame","Smiling Mask","Busted Crown","Lee\u0027s Waffle","Bronze Scales","Pen Nib","The Courier","Eternal Feather","Peace Pipe","Anchor","Omamori","Dream Catcher","HandDrill","Mango"],"potions_floor_usage":[16,23,33,45,50,50],"damage_taken":[{"damage":0.0,"enemies":"2 Louse","floor":1.0,"turns":1.0},{"damage":0.0,"enemies":"Cultist","floor":3.0,"turns":1.0},{"damage":0.0,"enemies":"Jaw Worm","floor":4.0,"turns":1.0},{"damage":23.0,"enemies":"Gremlin Nob","floor":6.0,"turns":4.0},{"damage":44.0,"enemies":"Lagavulin","floor":8.0,"turns":6.0},{"damage":14.0,"enemies":"Looter","floor":12.0,"turns":3.0},{"damage":14.0,"enemies":"Exordium Thugs","floor":14.0,"turns":3.0},{"damage":42,"enemies":"Hexaghost","floor":16,"turns":10},{"damage":27,"enemies":"3 Byrds","floor":18,"turns":6},{"damage":7,"enemies":"Chosen","floor":19,"turns":3},{"damage":25,"enemies":"Snake Plant","floor":21,"turns":2},{"damage":51,"enemies":"Gremlin Leader","floor":23,"turns":10},{"damage":4,"enemies":"Cultist and Chosen","floor":25,"turns":8},{"damage":7,"enemies":"Centurion and Healer","floor":29,"turns":6},{"damage":20,"enemies":"Snake Plant","floor":30,"turns":4},{"damage":3,"enemies":"3 Cultists","floor":31,"turns":4},{"damage":12,"enemies":"Champ","floor":33,"turns":11},{"damage":0,"enemies":"Orb Walker","floor":35,"turns":3},{"damage":3,"enemies":"Mind Bloom Boss Battle","floor":37,"turns":7},{"damage":8,"enemies":"3 Darklings","floor":38,"turns":5},{"damage":0,"enemies":"Jaw Worm Horde","floor":39,"turns":4},{"damage":31,"enemies":"Reptomancer","floor":42,"turns":7},{"damage":26,"enemies":"Giant Head","floor":45,"turns":9},{"damage":0,"enemies":"Maw","floor":47,"turns":9},{"damage":0,"enemies":"Spire Growth","floor":48,"turns":5},{"damage":66,"enemies":"Awakened One","floor":50,"turns":16}],"seed_played":"6918254572948816153","potions_obtained":[{"floor":4.0,"key":"PowerPotion"},{"floor":6.0,"key":"LiquidBronze"},{"floor":12.0,"key":"Strength Potion"},{"floor":19,"key":"Strength Potion"},{"floor":21,"key":"PowerPotion"},{"floor":31,"key":"Swift Potion"},{"floor":38,"key":"Regen Potion"},{"floor":39,"key":"Ancient Potion"},{"floor":47,"key":"LiquidBronze"}],"is_trial":false,"path_per_floor":["M","?","M","M","T","E","R","E","T","?","R","M","?","M","R","B",null,"M","M","$","M","?","E","R","M","T","?","R","M","M","M","R","B",null,"M","?","?","M","M","R","$","E","T","$","E","R","M","M","R","B",null],"character_chosen":"IRONCLAD","items_purchased":["Lee\u0027s Waffle","Bronze Scales","Impervious","Anchor","Metallicize","HandDrill"],"campfire_rested":4,"item_purchase_floors":[20,20,41,41,41,44],"current_hp_per_floor":[80,80,80,80,80,63,63,25,25,9,33,25,30,22,47,11,67,46,45,92,73,73,28,28,30,30,30,57,56,42,45,72,66,86,92,87,90,88,92,92,92,67,67,67,76,94,100,106,106,46],"gold":80,"neow_bonus":"THREE_ENEMY_KILL","is_prod":false,"is_daily":false,"chose_seed":false,"campfire_upgraded":5,"win_rate":0,"timestamp":1546871883,"path_taken":["M","?","M","?","?","E","R","E","T","?","R","M","?","M","R","BOSS","M","M","$","M","?","E","R","M","T","?","R","M","M","?","R","BOSS","M","?","?","M","M","R","$","E","T","?","E","R","M","M","R","BOSS"],"build_version":"2019-01-03v4","purchased_purges":1,"victory":true,"max_hp_per_floor":[80,80,80,80,80,80,80,80,80,80,80,80,85,85,85,85,85,85,85,92,92,92,92,92,92,92,92,92,92,92,92,92,92,92,92,92,92,92,92,92,92,92,92,92,106,106,106,106,106,106],"card_choices":[{"not_picked":["Perfected Strike","Cleave"],"picked":"Pommel Strike","floor":1.0},{"not_picked":["Anger","Pommel Strike"],"picked":"Sword Boomerang","floor":3.0},{"not_picked":["Clash","Cleave"],"picked":"Shrug It Off","floor":4.0},{"not_picked":["Intimidate","Headbutt"],"picked":"Battle Trance","floor":6.0},{"not_picked":["Rupture","Infernal Blade"],"picked":"Impervious","floor":8.0},{"not_picked":["Iron Wave","Second Wind"],"picked":"Flex","floor":12.0},{"not_picked":["Sever Soul","Shrug It Off"],"picked":"Armaments","floor":12.0},{"not_picked":["Flex","Heavy Blade"],"picked":"Clothesline","floor":14.0},{"not_picked":["Metallicize","Havoc"],"picked":"Shrug It Off","floor":14.0},{"not_picked":["Impervious","Fiend Fire"],"picked":"Barricade","floor":16},{"not_picked":["Pommel Strike"],"picked":"SKIP","floor":18},{"not_picked":["Pommel Strike"],"picked":"SKIP","floor":18},{"not_picked":[],"picked":"Clash+1","floor":19},{"not_picked":[],"picked":"Thunderclap","floor":19},{"not_picked":["Pommel Strike"],"picked":"SKIP","floor":21},{"not_picked":["Havoc"],"picked":"SKIP","floor":21},{"not_picked":[],"picked":"Clash+1","floor":23},{"not_picked":[],"picked":"Clothesline+1","floor":25},{"not_picked":["Dual Wield"],"picked":"SKIP","floor":25},{"not_picked":[],"picked":"Headbutt+1","floor":29},{"not_picked":["Havoc"],"picked":"SKIP","floor":29},{"not_picked":["Heavy Blade"],"picked":"SKIP","floor":30},{"not_picked":["Warcry"],"picked":"SKIP","floor":30},{"not_picked":[],"picked":"Double Tap","floor":31},{"not_picked":["Perfected Strike+1"],"picked":"SKIP","floor":31},{"not_picked":[],"picked":"Perfected Strike+1","floor":31},{"not_picked":[],"picked":"Body Slam+1","floor":35},{"not_picked":["Havoc+1"],"picked":"SKIP","floor":35},{"not_picked":[],"picked":"PanicButton","floor":36},{"not_picked":[],"picked":"Cleave+1","floor":37},{"not_picked":["Warcry"],"picked":"SKIP","floor":38},{"not_picked":["Second Wind"],"picked":"SKIP","floor":38},{"not_picked":["Clothesline"],"picked":"SKIP","floor":39},{"not_picked":["Rupture"],"picked":"SKIP","floor":39},{"not_picked":[],"picked":"Clash+1","floor":42},{"not_picked":[],"picked":"Reaper","floor":45},{"not_picked":[],"picked":"Flex","floor":47},{"not_picked":["Headbutt"],"picked":"SKIP","floor":47},{"not_picked":[],"picked":"Second Wind+1","floor":48},{"not_picked":["Perfected Strike"],"picked":"SKIP","floor":48}],"player_experience":321749,"relics_obtained":[{"floor":5.0,"key":"Prayer Wheel"},{"floor":6.0,"key":"Centennial Puzzle"},{"floor":8.0,"key":"Bottled Flame"},{"floor":9.0,"key":"Smiling Mask"},{"floor":23,"key":"Pen Nib"},{"floor":26,"key":"The Courier"},{"floor":37,"key":"Peace Pipe"},{"floor":42,"key":"Omamori"},{"floor":43,"key":"Dream Catcher"},{"floor":45,"key":"Mango"}],"event_choices":[{"cards_removed":["Strike_R"],"damage_healed":0.0,"max_hp_gain":0.0,"max_hp_loss":0.0,"gold_gain":0.0,"event_name":"Purifier","player_choice":"Purged","floor":2.0,"gold_loss":0.0,"damage_taken":0.0},{"damage_healed":0.0,"max_hp_gain":0.0,"max_hp_loss":0.0,"gold_gain":0.0,"event_name":"Shining Light","player_choice":"Entered Light","floor":10.0,"gold_loss":0.0,"damage_taken":16.0,"cards_upgraded":["Strike_R","Defend_R"]},{"damage_healed":0.0,"max_hp_gain":5.0,"max_hp_loss":0.0,"gold_gain":0.0,"event_name":"Big Fish","player_choice":"Donut","floor":13.0,"gold_loss":0.0,"damage_taken":0.0},{"damage_healed":0,"gold_gain":0,"player_choice":"Simplicity","damage_taken":0,"max_hp_gain":0,"max_hp_loss":0,"event_name":"Back to Basics","floor":22,"gold_loss":0,"cards_upgraded":["Strike_R","Strike_R","Defend_R","Defend_R","Defend_R"]},{"damage_healed":0,"gold_gain":0,"player_choice":"Forge","damage_taken":0,"max_hp_gain":0,"max_hp_loss":0,"event_name":"Accursed Blacksmith","floor":27,"gold_loss":0,"cards_upgraded":["Armaments"]},{"damage_healed":0,"gold_gain":0,"player_choice":"Memory 2","damage_taken":5,"max_hp_gain":0,"max_hp_loss":0,"event_name":"SensoryStone","floor":36,"gold_loss":0},{"damage_healed":0,"gold_gain":0,"player_choice":"Fight","damage_taken":0,"max_hp_gain":0,"max_hp_loss":0,"event_name":"MindBloom","floor":37,"gold_loss":0}],"is_beta":false,"boss_relics":[{"not_picked":["Black Star","Cursed Key"],"picked":"Busted Crown"},{"not_picked":["Runic Cube","Philosopher\u0027s Stone"],"picked":"Eternal Feather"}],"items_purged_floors":[20],"is_endless":false,"potions_floor_spawned":[4,6,12,19,21,25,31,38,39,47,48],"ascension_level":5}