{"gold_per_floor":[112,122,122,122,10,10,36,114,146,173,173,0,32,47,47,151,151,164,164,314,330,330,330,345,362,362,362,362,0,18,34,34,34],"floor_reached":33,"playtime":2042,"items_purged":["Amnesia"],"score":288,"play_id":"77aa4465-dd44-46d3-8a2e-6da2980890e5","local_time":"20190105103819","is_ascension_mode":false,"campfire_choices":[{"data":"ReplayTheSpireMod:Stacked","floor":11,"key":"SMITH"},{"floor":15,"key":"DIG"},{"floor":23,"key":"REST"},{"data":"Shrug It Off","floor":27,"key":"SMITH"},{"floor":32,"key":"REST"}],"neow_cost":"NONE","seed_source_timestamp":312795567906024,"circlet_count":0,"master_deck":["Strike_R","Strike_R","Strike_R","Strike_R","Strike_R","Defend_R","Defend_R","Defend_R","Defend_R","Bash","Shrug It Off+1","ReplayTheSpireMod:Stacked+1","Wound","Clumsy","Seeing Red+1","Uppercut","Twin Strike","ReplayTheSpireMod:Corrosion Curse+1","strawberrySpire:JustAWound","Shrug It Off+1","strawberrySpire:Incursion","Flex+1","Offering+1","hubris:SharpeningStone+1","Anger","Conserve Battery+1","Concentrate+1","Thunderclap+1","Run Through","Leap+1","Absolvement"],"special_seed":0,"relics":["Burning Blood","NeowsBlessing","Toxic Egg 2","strawberrySpire:Firefruit","infinitespire:Joker Card","hubris:TenFootPole","SpikesRelics:DaevaFist","Lantern","Vajra","Meat on the Bone","ChewingGum","PrismaticShard","hubris:FruitBowl","hubris:EvacipatedBox","ReplayTheSpireMod:CursedCoin","Nunchaku","infinitespire:WardingShard"],"potions_floor_usage":[16,16,21,33,33,33],"damage_taken":[{"damage":0.0,"enemies":"Small Slimes","floor":1.0,"turns":1.0},{"damage":2.0,"enemies":"conspire:RoseBush","floor":2.0,"turns":1.0},{"damage":0.0,"enemies":"3 Sentries","floor":7.0,"turns":1.0},{"damage":5,"enemies":"2 Louse","floor":9,"turns":8},{"damage":16,"enemies":"Lagavulin","floor":10,"turns":5},{"damage":10,"enemies":"3 Sentries","floor":13,"turns":5},{"damage":0,"enemies":"2 Louse","floor":14,"turns":1},{"damage":23,"enemies":"Fading Forest","floor":16,"turns":11},{"damage":6,"enemies":"Spheric Guardian","floor":18,"turns":2},{"damage":11,"enemies":"Shell Parasite","floor":21,"turns":3},{"damage":0,"enemies":"Colosseum Slavers","floor":22,"turns":4},{"damage":19,"enemies":"Centurion and Healer","floor":24,"turns":4},{"damage":20,"enemies":"Snecko","floor":25,"turns":3},{"damage":24,"enemies":"Cultist and Chosen","floor":30,"turns":5},{"damage":6,"enemies":"Snake Plant","floor":31,"turns":1},{"damage":92,"enemies":"Automaton","floor":33,"turns":12}],"seed_played":"4261080524561138791","potions_obtained":[{"floor":2.0,"key":"PowerPotion"},{"floor":7.0,"key":"Languid Potion"},{"floor":13,"key":"Explosive Potion"},{"floor":16,"key":"PowerPotion"},{"floor":18,"key":"BloodPotion"},{"floor":21,"key":"FearPotion"}],"is_trial":false,"path_per_floor":["M","M","?","?","$","R","E","?","MIM","E","R","$","E","M","R","B",null,"M","?","$","M","?","R","M","M","T","R","?","$","M","M","R","B"],"character_chosen":"IRONCLAD","items_purchased":["Seeing Red+1","Uppercut","Lantern","Shrug It Off+1","hubris:FruitBowl","hubris:EvacipatedBox","ReplayTheSpireMod:CursedCoin","infinitespire:WardingShard","Run Through"],"campfire_rested":2,"item_purchase_floors":[5,5,12,12,20,20,20,29,29],"current_hp_per_floor":[80,80,80,80,80,80,80,80,80,70,70,70,66,72,72,55,80,80,75,15,30,48,72,59,57,57,57,57,57,51,51,75,0],"gold":34,"neow_bonus":"THREE_ENEMY_KILL","is_prod":false,"is_daily":false,"chose_seed":false,"campfire_upgraded":2,"win_rate":0,"timestamp":1546706299,"path_taken":["M","M","?","?","$","R","E","?","MIM","E","R","$","E","M","R","BOSS","M","?","?","M","?","R","M","M","T","R","?","$","M","?","R","BOSS"],"build_version":"2019-01-03v4","purchased_purges":1,"victory":false,"max_hp_per_floor":[80,80,80,80,80,80,80,80,80,80,80,80,80,80,80,80,80,80,80,80,80,80,80,80,80,80,80,80,80,80,80,80,80],"card_choices":[{"not_picked":["strawberrySpire:FireDrill","Massacre"],"picked":"Shrug It Off","floor":1.0},{"not_picked":["Flex","Feel No Pain"],"picked":"ReplayTheSpireMod:Stacked","floor":2.0},{"not_picked":["Wild Strike","Replay:Undeath\u0027s Touch"],"picked":"Twin Strike","floor":7.0},{"not_picked":["Abandon+1","Iron Wave"],"picked":"ReplayTheSpireMod:Corrosion Curse+1","floor":9},{"not_picked":["Havoc+1","Whirlwind"],"picked":"strawberrySpire:JustAWound","floor":10},{"not_picked":["Wild Strike","Brutality"],"picked":"strawberrySpire:Incursion","floor":13},{"not_picked":["Shrug It Off+1","Metallicize"],"picked":"Flex+1","floor":14},{"not_picked":["Replay:Many Hands+1","conspire:Purge+1"],"picked":"Offering+1","floor":16},{"not_picked":["strawberrySpire:Incursion+1","Sentinel+1"],"picked":"hubris:SharpeningStone+1","floor":18},{"not_picked":["strawberrySpire:JustAWound+1","strawberrySpire:Overwork+1"],"picked":"Anger","floor":19},{"not_picked":["hubris:SlightOfHand+1","Deadly Poison+1"],"picked":"Conserve Battery+1","floor":21},{"not_picked":["strawberrySpire:DebrisPile+1","Heatsinks"],"picked":"Concentrate+1","floor":24},{"not_picked":["Turbo+1","Flying Knee"],"picked":"Thunderclap+1","floor":25},{"not_picked":["sagemod:Cane_Strike","Crow Ritual"],"picked":"Leap+1","floor":30},{"not_picked":["strawberrySpire:SideSwipe+1","strawberrySpire:SpinKick"],"picked":"Absolvement","floor":31}],"player_experience":433446,"relics_obtained":[{"floor":6.0,"key":"strawberrySpire:Firefruit"},{"floor":7.0,"key":"infinitespire:Joker Card"},{"floor":9,"key":"hubris:TenFootPole"},{"floor":10,"key":"SpikesRelics:DaevaFist"},{"floor":13,"key":"Vajra"},{"floor":15,"key":"Meat on the Bone"},{"floor":19,"key":"PrismaticShard"},{"floor":26,"key":"Nunchaku"}],"event_choices":[{"damage_healed":0.0,"max_hp_gain":0.0,"max_hp_loss":0.0,"gold_gain":78.0,"event_name":"Golden Wing","player_choice":"Gained Gold","floor":8.0,"gold_loss":0.0,"damage_taken":0.0},{"damage_healed":0,"gold_gain":0,"player_choice":"Fight","damage_taken":0,"max_hp_gain":0,"max_hp_loss":0,"event_name":"Colosseum","floor":22,"gold_loss":0},{"damage_healed":0,"gold_gain":0,"player_choice":"Fled From Nobs","damage_taken":0,"max_hp_gain":0,"max_hp_loss":0,"event_name":"Colosseum","floor":22,"gold_loss":0}],"is_beta":false,"boss_relics":[{"not_picked":["Philosopher\u0027s Stone","hubris:Stopwatch"],"picked":"ChewingGum"}],"items_purged_floors":[29],"is_endless":false,"potions_floor_spawned":[2,7,13,16,18,21,24],"killed_by":"Automaton","ascension_level":0}