{"gold_per_floor":[111,111,122,47,47,47,87,87,87,87,8,48,48,61,61,159,159,179,203,49,49,67,67,67,67,93,105,140,140,156,156,156,233,233,253,273,291,311,331,362,362,362,414,414,428,440,340,367,367,367],"floor_reached":50,"playtime":20458,"items_purged":["Strike_B","Tempest"],"score":1073,"play_id":"f6422add-9888-4564-9aea-dc3dc5fb664b","local_time":"20190429222223","is_ascension_mode":true,"campfire_choices":[{"data":"Zap","floor":6.0,"key":"SMITH"},{"data":"Hologram","floor":8.0,"key":"SMITH"},{"data":"Genetic Algorithm","floor":10.0,"key":"SMITH"},{"data":"Hologram","floor":13.0,"key":"SMITH"},{"data":"Dualcast","floor":15.0,"key":"SMITH"},{"data":"Buffer","floor":23.0,"key":"SMITH"},{"data":"Loop","floor":25.0,"key":"SMITH"},{"floor":29.0,"key":"REST"},{"floor":32.0,"key":"RECALL"},{"floor":41,"key":"REST"},{"floor":44,"key":"REST"},{"floor":49,"key":"REST"}],"neow_cost":"NONE","seed_source_timestamp":259351395744151,"circlet_count":0,"master_deck":["AscendersBane","Zap+1","Dualcast+1","Leap","Hologram+1","Genetic Algorithm+1","Hologram+1","Sunder+1","Barrage+1","Sweeping Beam+1","Buffer+1","Loop+1","White Noise","Streamline+1","Streamline+1","Buffer","Capacitor","Hyperbeam+1","Capacitor","Ball Lightning+1","Redo","Undo","Loop+1","Loop","Undo+1"],"special_seed":0,"relics":["Cracked Core","NeowsBlessing","Bloody Idol","Lantern","Molten Egg 2","Symbiotic Virus","Velvet Choker","DataDisk","Sundial","Pandora\u0027s Box","Turnip","PreservedInsect"],"potions_floor_usage":[],"damage_taken":[{"damage":0.0,"enemies":"Jaw Worm","floor":1.0,"turns":1.0},{"damage":0.0,"enemies":"2 Louse","floor":3.0,"turns":1.0},{"damage":0.0,"enemies":"Lagavulin","floor":7.0,"turns":2.0},{"damage":31.0,"enemies":"Gremlin Nob","floor":12.0,"turns":4.0},{"damage":0.0,"enemies":"Small Slimes","floor":14.0,"turns":2.0},{"damage":10.0,"enemies":"Hexaghost","floor":16.0,"turns":9.0},{"damage":12.0,"enemies":"Spheric Guardian","floor":18.0,"turns":4.0},{"damage":0.0,"enemies":"Chosen","floor":19.0,"turns":3.0},{"damage":6.0,"enemies":"Centurion and Healer","floor":22.0,"turns":5.0},{"damage":2.0,"enemies":"Snecko","floor":27.0,"turns":4.0},{"damage":14.0,"enemies":"Book of Stabbing","floor":28.0,"turns":5.0},{"damage":0.0,"enemies":"Chosen and Byrds","floor":30.0,"turns":4.0},{"damage":8,"enemies":"Champ","floor":33,"turns":8},{"damage":0,"enemies":"3 Shapes","floor":35,"turns":3},{"damage":16,"enemies":"3 Darklings","floor":36,"turns":5},{"damage":36,"enemies":"Sphere and 2 Shapes","floor":37,"turns":6},{"damage":9,"enemies":"4 Shapes","floor":38,"turns":3},{"damage":9,"enemies":"Writhing Mass","floor":39,"turns":4},{"damage":8,"enemies":"Nemesis","floor":40,"turns":9},{"damage":11,"enemies":"Sphere and 2 Shapes","floor":45,"turns":6},{"damage":28,"enemies":"Transient","floor":46,"turns":6},{"damage":23,"enemies":"Reptomancer","floor":48,"turns":6},{"damage":24,"enemies":"Awakened One","floor":50,"turns":3}],"seed_played":"5469119562205141425","potions_obtained":[{"floor":7.0,"key":"Explosive Potion"},{"floor":14.0,"key":"Dexterity Potion"},{"floor":16.0,"key":"FocusPotion"},{"floor":46,"key":"LiquidBronze"}],"is_trial":false,"path_per_floor":["M","?","M","?","?","R","E","R","T","R","$","E","R","M","R","B",null,"M","M","$","?","M","R","?","R","T","M","E","R","M","?","R","B",null,"M","M","M","M","M","E","R","?","T","R","M","M","$","E","R","B"],"character_chosen":"DEFECT","items_purchased":["Sunder+1","Loop"],"campfire_rested":4,"item_purchase_floors":[11,20],"current_hp_per_floor":[64,64,64,64,64,64,64,64,64,64,64,33,33,33,33,23,54,42,42,42,42,36,36,36,36,41,44,35,54,59,50,50,47,60,64,53,22,18,14,11,30,30,35,54,48,25,25,7,26,2],"gold":367,"neow_bonus":"THREE_ENEMY_KILL","is_prod":false,"is_daily":false,"chose_seed":false,"campfire_upgraded":7,"win_rate":0,"timestamp":1556544143,"path_taken":["M","?","M","?","?","R","E","R","T","R","$","E","R","M","R","BOSS","M","M","$","?","M","R","?","R","T","M","E","R","M","?","R","BOSS","M","M","M","?","M","E","R","?","T","R","M","?","?","E","R","BOSS"],"build_version":"2019-04-23","purchased_purges":2,"victory":false,"max_hp_per_floor":[71,71,71,71,64,64,64,64,64,64,64,64,64,64,64,64,64,64,64,64,64,64,64,64,64,64,64,64,64,64,64,64,64,64,64,64,64,64,64,64,64,64,64,64,64,64,64,64,64,64],"card_choices":[{"not_picked":["Beam Cell","Sweeping Beam"],"picked":"Leap","floor":1.0},{"not_picked":["Darkness","Auto Shields"],"picked":"Genetic Algorithm","floor":3.0},{"not_picked":["Leap","Capacitor"],"picked":"Hologram","floor":7.0},{"not_picked":["Beam Cell+1","Rainbow"],"picked":"Barrage+1","floor":12.0},{"not_picked":["Doom and Gloom+1","Storm"],"picked":"Sweeping Beam+1","floor":14.0},{"not_picked":["Reboot","Meteor Strike+1"],"picked":"Buffer","floor":16.0},{"not_picked":["Hologram","Turbo","Doom and Gloom+1"],"picked":"SKIP","floor":18.0},{"not_picked":["Rip and Tear+1","Turbo","Tempest"],"picked":"SKIP","floor":19.0},{"not_picked":["Rip and Tear+1","Turbo","Tempest"],"picked":"SKIP","floor":19.0},{"not_picked":["Fission","Turbo"],"picked":"White Noise","floor":22.0},{"not_picked":["Conserve Battery","Darkness"],"picked":"Streamline+1","floor":27.0},{"not_picked":["Melter+1","Heatsinks","Gash+1"],"picked":"SKIP","floor":28.0},{"not_picked":["Chill+1","Force Field"],"picked":"Streamline+1","floor":30.0},{"not_picked":["Core Surge+1","Thunder Strike+1"],"picked":"Buffer","floor":33},{"not_picked":["Gash+1","Chaos","Streamline+1"],"picked":"SKIP","floor":35},{"not_picked":["Reprogram","Skim"],"picked":"Ball Lightning+1","floor":36},{"not_picked":["Cold Snap+1","Hello World"],"picked":"Redo","floor":37},{"not_picked":["Streamline+1","White Noise"],"picked":"Undo","floor":38},{"not_picked":["Turbo","Barrage+1","Rebound+1"],"picked":"SKIP","floor":39},{"not_picked":["BootSequence","Tempest"],"picked":"Loop+1","floor":40},{"not_picked":["Steam","Heatsinks+1"],"picked":"Loop","floor":45},{"not_picked":["Cold Snap+1","Stack"],"picked":"Undo+1","floor":46},{"not_picked":["Recycle","FTL+1","Hyperbeam+1"],"picked":"SKIP","floor":48}],"player_experience":3085015,"relics_obtained":[{"floor":7.0,"key":"Lantern"},{"floor":9.0,"key":"Molten Egg 2"},{"floor":12.0,"key":"Symbiotic Virus"},{"floor":26.0,"key":"DataDisk"},{"floor":28.0,"key":"Sundial"},{"floor":40,"key":"Turnip"},{"floor":48,"key":"PreservedInsect"}],"event_choices":[{"damage_healed":0.0,"max_hp_gain":0.0,"max_hp_loss":0.0,"gold_gain":0.0,"cards_transformed":["Strike_B"],"event_name":"Living Wall","player_choice":"Change","floor":2.0,"gold_loss":0.0,"damage_taken":0.0,"cards_obtained":["Hologram"]},{"cards_removed":["Strike_B"],"damage_healed":0.0,"max_hp_gain":0.0,"max_hp_loss":0.0,"gold_gain":0.0,"event_name":"The Cleric","player_choice":"Card Removal","floor":4.0,"gold_loss":75.0,"damage_taken":0.0},{"damage_healed":0.0,"max_hp_gain":0.0,"max_hp_loss":7.0,"gold_gain":0.0,"event_name":"Golden Idol","player_choice":"Lose Max HP","floor":5.0,"gold_loss":0.0,"damage_taken":0.0,"relics_obtained":["Golden Idol"]},{"damage_healed":0.0,"max_hp_gain":0.0,"max_hp_loss":0.0,"gold_gain":0.0,"event_name":"Beggar","player_choice":"Ignored","floor":21.0,"gold_loss":0.0,"damage_taken":0.0},{"damage_healed":0.0,"max_hp_gain":0.0,"max_hp_loss":0.0,"gold_gain":0.0,"event_name":"Forgotten Altar","player_choice":"Gave Idol","floor":24.0,"relics_lost":["Golden Idol"],"gold_loss":0.0,"damage_taken":0.0,"relics_obtained":["Bloody Idol"]},{"damage_healed":0.0,"max_hp_gain":0.0,"max_hp_loss":0.0,"gold_gain":0.0,"event_name":"Wheel of Change","player_choice":"Damaged","floor":31.0,"gold_loss":0.0,"damage_taken":9.0},{"cards_removed":["Rainbow"],"damage_healed":0,"gold_gain":0,"player_choice":"Purged","damage_taken":0,"max_hp_gain":0,"max_hp_loss":0,"event_name":"Purifier","floor":42,"gold_loss":0}],"is_beta":true,"boss_relics":[{"not_picked":["Ectoplasm","Snecko Eye"],"picked":"Velvet Choker"},{"not_picked":["Orrery","Busted Crown"],"picked":"Pandora\u0027s Box"}],"items_purged_floors":[20,47],"is_endless":false,"potions_floor_spawned":[7,14,16,22,27,33,35,38,39,45,46],"killed_by":"Awakened One","ascension_level":17}