{"gold_per_floor":[109,123,137,312,237,237,248,260,260,85,85,112,112,212,212,212],"floor_reached":16,"playtime":717,"items_purged":["Doubt","Strike_B"],"score":150,"play_id":"e5095b66-28c2-4821-b447-b7c5635e7bae","local_time":"20190504115853","is_ascension_mode":true,"campfire_choices":[{"data":"Barrage","floor":6,"key":"SMITH"},{"data":"Go for the Eyes","floor":15,"key":"SMITH"}],"neow_cost":"NONE","seed_source_timestamp":662856317654417,"circlet_count":0,"master_deck":["AscendersBane","Strike_B","Strike_B","Defend_B","Defend_B","Defend_B","Defend_B","Zap+1","Dualcast","Coolheaded","Conserve Battery","Barrage+1","Go for the Eyes+1","Go for the Eyes+1","Melter+1","Gash"],"relics":["Cracked Core","Kunai","Pantograph"],"potions_floor_usage":[12],"damage_taken":[{"damage":7,"enemies":"2 Louse","floor":1,"turns":2},{"damage":0,"enemies":"Small Slimes","floor":2,"turns":3},{"damage":0,"enemies":"Cultist","floor":3,"turns":4},{"damage":4,"enemies":"Red Slaver","floor":7,"turns":3},{"damage":1,"enemies":"2 Fungi Beasts","floor":8,"turns":3},{"damage":3,"enemies":"Gremlin Nob","floor":12,"turns":4},{"damage":64,"enemies":"Slime Boss","floor":16,"turns":7}],"seed_played":"-1775912708937523113","potions_obtained":[{"floor":7,"key":"EssenceOfSteel"}],"is_trial":false,"path_per_floor":["M","M","M","?","$","R","M","M","T","$","?","E","?","?","R","B"],"character_chosen":"DEFECT","items_purchased":["Melter"],"campfire_rested":0,"item_purchase_floors":[10],"current_hp_per_floor":[61,61,61,61,61,61,57,56,56,56,41,38,38,38,38,0],"gold":212,"neow_bonus":"UPGRADE_CARD","is_prod":false,"is_daily":false,"chose_seed":false,"campfire_upgraded":2,"win_rate":0,"timestamp":1556963933,"path_taken":["M","M","M","?","$","R","M","M","T","$","?","E","?","?","R","BOSS"],"build_version":"2019-01-23","purchased_purges":2,"victory":false,"max_hp_per_floor":[75,75,75,75,75,75,75,75,75,75,75,75,75,75,75,75],"card_choices":[{"not_picked":["Rebound","Barrage"],"picked":"Coolheaded","floor":1},{"not_picked":["Compile Driver","Coolheaded"],"picked":"Conserve Battery","floor":2},{"not_picked":["Compile Driver","All For One"],"picked":"Barrage","floor":3},{"not_picked":["Redo","Lockon"],"picked":"Go for the Eyes","floor":7},{"not_picked":["Steam","Cold Snap"],"picked":"Go for the Eyes","floor":8},{"not_picked":["Rainbow","Conserve Battery"],"picked":"Gash","floor":12}],"player_experience":527556,"relics_obtained":[{"floor":9,"key":"Kunai"},{"floor":12,"key":"Pantograph"}],"event_choices":[{"damage_healed":0,"gold_gain":175,"player_choice":"AGREE","damage_taken":0,"max_hp_gain":0,"max_hp_loss":0,"event_name":"Liars Game","floor":4,"gold_loss":0,"cards_obtained":["Doubt"]},{"damage_healed":0,"gold_gain":0,"player_choice":"Entered Light","damage_taken":15,"max_hp_gain":0,"max_hp_loss":0,"event_name":"Shining Light","floor":11,"gold_loss":0,"cards_upgraded":["Melter","Go for the Eyes"]},{"cards_removed":["Strike_B"],"damage_healed":0,"gold_gain":0,"player_choice":"Forget","damage_taken":0,"max_hp_gain":0,"max_hp_loss":0,"event_name":"Living Wall","floor":13,"gold_loss":0},{"damage_healed":0,"gold_gain":100,"player_choice":"Pray","damage_taken":0,"max_hp_gain":0,"max_hp_loss":0,"event_name":"Golden Shrine","floor":14,"gold_loss":0}],"is_beta":false,"boss_relics":[],"items_purged_floors":[5,10],"is_endless":false,"potions_floor_spawned":[7],"killed_by":"Slime Boss","ascension_level":10}