{"gold_per_floor":[13,25,43,43,43,43,56,56,109,143,14,45,65,65,65,160,160,176,226,247,64,79,79,119,119,188,202,225,241,241,265,265,354,354,377,397,73,73,0,0,20,44,70,70,84,98,114,128,128,128],"floor_reached":50,"playtime":2339,"items_purged":["Strike_B","Strike_B","Strike_B"],"score":864,"play_id":"ac4d540c-e1a7-47e7-9417-c85a0ac2eef1","local_time":"20190209190127","is_ascension_mode":true,"campfire_choices":[{"data":"Zap","floor":6,"key":"SMITH"},{"floor":8,"key":"REST"},{"floor":15,"key":"REST"},{"data":"Defragment","floor":23,"key":"SMITH"},{"data":"Defragment","floor":25,"key":"SMITH"},{"floor":30,"key":"REST"},{"data":"Doom and Gloom","floor":32,"key":"SMITH"},{"data":"Coolheaded","floor":40,"key":"SMITH"},{"floor":44,"key":"REST"},{"floor":49,"key":"REST"}],"neow_cost":"NO_GOLD","seed_source_timestamp":2605468599664713,"circlet_count":0,"master_deck":["AscendersBane","Strike_B+1","Defend_B+1","Defend_B","Defend_B","Defend_B","Zap+1","Dualcast","Doom and Gloom+1","Cold Snap","Sweeping Beam","Sunder","Machine Learning","Coolheaded+1","Cold Snap","Coolheaded","Biased Cognition","Cold Snap+1","Defragment+1","Defragment+1","Hologram","Coolheaded+1","Biased Cognition","Loop","Consume+1","Glacier+1"],"relics":["Cracked Core","Anchor","Omamori","Oddly Smooth Stone","Golden Idol","Cursed Key","Bottled Flame","Mercury Hourglass","Busted Crown","Art of War","Red Mask","Boot"],"potions_floor_usage":[10,10,16,16,24,33,50,50],"damage_taken":[{"damage":9,"enemies":"Jaw Worm","floor":1,"turns":4},{"damage":5,"enemies":"Small Slimes","floor":2,"turns":3},{"damage":0,"enemies":"Cultist","floor":3,"turns":4},{"damage":6,"enemies":"Blue Slaver","floor":7,"turns":3},{"damage":12,"enemies":"Lagavulin","floor":10,"turns":6},{"damage":32,"enemies":"Gremlin Nob","floor":12,"turns":4},{"damage":0,"enemies":"3 Louse","floor":13,"turns":3},{"damage":2,"enemies":"Slime Boss","floor":16,"turns":7},{"damage":0,"enemies":"Chosen","floor":18,"turns":4},{"damage":9,"enemies":"3 Byrds","floor":20,"turns":5},{"damage":3,"enemies":"3 Cultists","floor":22,"turns":5},{"damage":21,"enemies":"Slavers","floor":24,"turns":5},{"damage":0,"enemies":"Snecko","floor":27,"turns":6},{"damage":0,"enemies":"Centurion and Healer","floor":28,"turns":6},{"damage":12,"enemies":"Snake Plant","floor":29,"turns":5},{"damage":0,"enemies":"Shelled Parasite and Fungi","floor":31,"turns":6},{"damage":41,"enemies":"Collector","floor":33,"turns":15},{"damage":7,"enemies":"3 Darklings","floor":35,"turns":5},{"damage":0,"enemies":"3 Shapes","floor":36,"turns":5},{"damage":20,"enemies":"Transient","floor":41,"turns":5},{"damage":0,"enemies":"Sphere and 2 Shapes","floor":42,"turns":4},{"damage":18,"enemies":"Writhing Mass","floor":45,"turns":6},{"damage":7,"enemies":"Jaw Worm Horde","floor":46,"turns":4},{"damage":21,"enemies":"Maw","floor":47,"turns":9},{"damage":0,"enemies":"4 Shapes","floor":48,"turns":6},{"damage":38,"enemies":"Donu and Deca","floor":50,"turns":17}],"seed_played":"5453975516936377221","potions_obtained":[{"floor":1,"key":"Fire Potion"},{"floor":7,"key":"SkillPotion"},{"floor":12,"key":"Energy Potion"},{"floor":13,"key":"Regen Potion"},{"floor":20,"key":"Fire Potion"},{"floor":27,"key":"Explosive Potion"},{"floor":28,"key":"FairyPotion"},{"floor":33,"key":"GamblersBrew"},{"floor":35,"key":"Energy Potion"}],"is_trial":false,"path_per_floor":["M","M","M","?","?","R","M","R","T","E","$","E","M","?","R","B",null,"M","?","M","$","M","R","E","R","T","M","M","M","R","M","R","B",null,"M","M","$","?","?","R","M","M","T","R","M","M","M","M","R","B"],"character_chosen":"DEFECT","items_purchased":["Coolheaded","Defragment","Loop","Art of War"],"campfire_rested":5,"item_purchase_floors":[11,21,37,37],"current_hp_per_floor":[69,64,64,69,42,42,36,63,63,51,51,19,19,19,43,56,75,75,75,66,66,63,63,42,42,42,42,42,30,54,54,54,13,64,57,57,57,57,57,57,37,37,37,60,42,35,14,14,37,0],"gold":128,"neow_bonus":"TWENTY_PERCENT_HP_BONUS","is_prod":false,"is_daily":false,"chose_seed":false,"campfire_upgraded":5,"win_rate":0,"timestamp":1549706487,"path_taken":["M","M","M","?","?","R","M","R","T","E","$","E","M","?","R","BOSS","M","?","M","$","M","R","E","R","T","M","M","M","R","?","R","BOSS","M","M","$","?","?","R","M","M","T","R","M","M","M","M","R","BOSS"],"build_version":"2019-01-23","purchased_purges":3,"victory":false,"max_hp_per_floor":[85,85,85,90,90,90,90,90,90,90,90,90,90,81,81,81,81,81,81,81,81,81,81,81,81,81,81,81,81,81,81,81,81,81,81,81,81,77,77,77,77,77,77,77,77,77,77,77,77,77],"card_choices":[{"not_picked":["Reprogram","Turbo"],"picked":"Doom and Gloom","floor":1},{"not_picked":["Barrage","Beam Cell"],"picked":"Cold Snap","floor":2},{"not_picked":["Go for the Eyes","Stack"],"picked":"Sweeping Beam","floor":3},{"not_picked":["Steam","Self Repair"],"picked":"Sunder","floor":7},{"not_picked":["Aggregate","Go for the Eyes"],"picked":"Machine Learning","floor":10},{"not_picked":["Streamline","Darkness"],"picked":"Cold Snap","floor":12},{"not_picked":["Redo","Melter"],"picked":"Coolheaded","floor":13},{"not_picked":["All For One","Amplify"],"picked":"Biased Cognition","floor":16},{"not_picked":["Redo","Rebound"],"picked":"Cold Snap+1","floor":18},{"not_picked":["Steam","Conserve Battery+1"],"picked":"Defragment","floor":20},{"not_picked":["Compile Driver","Barrage","Stack"],"picked":"SKIP","floor":22},{"not_picked":["Go for the Eyes","Redo"],"picked":"Hologram","floor":24},{"not_picked":["Barrage","Hologram","Hello World"],"picked":"SKIP","floor":27},{"not_picked":["Darkness","Skim","Cold Snap"],"picked":"SKIP","floor":28},{"not_picked":["Seek","Barrage"],"picked":"Coolheaded+1","floor":29},{"not_picked":["Doom and Gloom","Chaos","Go for the Eyes"],"picked":"SKIP","floor":31},{"not_picked":["Buffer","Thunder Strike"],"picked":"Biased Cognition","floor":33},{"not_picked":["Cold Snap+1"],"picked":"SKIP","floor":35},{"not_picked":["Sweeping Beam"],"picked":"SKIP","floor":36},{"not_picked":["Steam Power"],"picked":"SKIP","floor":41},{"not_picked":["Go for the Eyes"],"picked":"SKIP","floor":42},{"not_picked":[],"picked":"Consume+1","floor":45},{"not_picked":["Steam"],"picked":"SKIP","floor":46},{"not_picked":[],"picked":"Glacier+1","floor":47},{"not_picked":["Gash"],"picked":"SKIP","floor":48}],"player_experience":595838,"relics_obtained":[{"floor":9,"key":"Anchor"},{"floor":10,"key":"Omamori"},{"floor":12,"key":"Oddly Smooth Stone"},{"floor":24,"key":"Bottled Flame"},{"floor":26,"key":"Mercury Hourglass"},{"floor":43,"key":"Boot"}],"event_choices":[{"damage_healed":0,"gold_gain":0,"player_choice":"Donut","damage_taken":0,"max_hp_gain":5,"max_hp_loss":0,"event_name":"Big Fish","floor":4,"gold_loss":0},{"damage_healed":0,"gold_gain":0,"player_choice":"Entered Light","damage_taken":27,"max_hp_gain":0,"max_hp_loss":0,"event_name":"Shining Light","floor":5,"gold_loss":0,"cards_upgraded":["Defend_B","Strike_B"]},{"damage_healed":0,"gold_gain":0,"player_choice":"Lose Max HP","damage_taken":0,"relics_obtained":["Golden Idol"],"max_hp_gain":0,"max_hp_loss":9,"event_name":"Golden Idol","floor":14,"gold_loss":0},{"damage_healed":0,"gold_gain":100,"player_choice":"Bet on Murderer","damage_taken":0,"max_hp_gain":0,"max_hp_loss":0,"event_name":"The Joust","floor":19,"gold_loss":50},{"damage_healed":0,"gold_gain":0,"player_choice":"Max HP","damage_taken":0,"max_hp_gain":0,"max_hp_loss":4,"event_name":"Winding Halls","floor":38,"gold_loss":0},{"damage_healed":0,"gold_gain":0,"player_choice":"Paid","damage_taken":0,"relics_obtained":["Red Mask"],"max_hp_gain":0,"max_hp_loss":0,"event_name":"Tomb of Lord Red Mask","floor":39,"gold_loss":73}],"is_beta":false,"boss_relics":[{"not_picked":["Nuclear Battery","Coffee Dripper"],"picked":"Cursed Key"},{"not_picked":["Empty Cage","Philosopher\u0027s Stone"],"picked":"Busted Crown"}],"items_purged_floors":[11,21,37],"is_endless":false,"potions_floor_spawned":[1,7,12,13,20,27,28,33,35,36,45,46,47],"killed_by":"Donu and Deca","ascension_level":16}