{"gold_per_floor":[118,134,184,95,115,135,135,146,146,158,202,174],"floor_reached":12,"playtime":584,"items_purged":[],"score":148,"play_id":"f8489ee8-4ec6-408b-9ccf-173991f415b9","local_time":"20190405191420","is_ascension_mode":true,"campfire_choices":[{"data":"Zap","floor":7,"key":"SMITH"},{"data":"Dualcast","floor":10,"key":"SMITH"}],"neow_cost":"TEN_PERCENT_HP_LOSS","seed_source_timestamp":3177002451208707,"circlet_count":0,"master_deck":["AscendersBane","Strike_B","Strike_B","Strike_B","Strike_B","Defend_B","Defend_B","Defend_B","Defend_B","Zap+1","Dualcast+1","Finesse","Thinking Ahead","Capacitor","Skim","Self Repair","Scrape","Ball Lightning","Reboot","Hologram"],"special_seed":0,"relics":["Cracked Core","MawBank","Ancient Tea Set"],"potions_floor_usage":[11],"damage_taken":[{"damage":12.0,"enemies":"Jaw Worm","floor":1.0,"turns":4.0},{"damage":1.0,"enemies":"Cultist","floor":2.0,"turns":3.0},{"damage":10,"enemies":"Small Slimes","floor":5,"turns":3},{"damage":15,"enemies":"Blue Slaver","floor":6,"turns":6},{"damage":2,"enemies":"Looter","floor":8,"turns":4},{"damage":27,"enemies":"Gremlin Nob","floor":11,"turns":4},{"damage":29,"enemies":"Exordium Thugs","floor":12,"turns":2}],"seed_played":"5561602273608429631","potions_obtained":[{"floor":1.0,"key":"Strength Potion"},{"floor":2.0,"key":"AttackPotion"},{"floor":6,"key":"Weak Potion"},{"floor":11,"key":"Weak Potion"}],"is_trial":false,"path_per_floor":["M","M","?","$","M","M","R","M","T","R","E","M"],"character_chosen":"DEFECT","items_purchased":["Self Repair"],"campfire_rested":0,"item_purchase_floors":[4],"current_hp_per_floor":[52,51,45,45,42,34,34,39,39,39,19,0],"gold":174,"neow_bonus":"RANDOM_COLORLESS_2","is_prod":false,"is_daily":false,"chose_seed":false,"campfire_upgraded":2,"win_rate":0,"timestamp":1554459260,"path_taken":["M","M","?","$","?","M","R","M","T","R","E","M"],"build_version":"2019-04-04","purchased_purges":0,"victory":false,"max_hp_per_floor":[64,64,64,64,64,64,64,64,64,64,64,64],"card_choices":[{"not_picked":["Turbo","Beam Cell"],"picked":"Capacitor","floor":1.0},{"not_picked":["Steam","Turbo"],"picked":"Skim","floor":2.0},{"not_picked":["Chaos","Heatsinks"],"picked":"Scrape","floor":5},{"not_picked":["Chaos","Sweeping Beam"],"picked":"Ball Lightning","floor":6},{"not_picked":["Stack","Leap"],"picked":"Reboot","floor":8},{"not_picked":["Conserve Battery","Compile Driver"],"picked":"Hologram","floor":11}],"player_experience":2833893,"relics_obtained":[{"floor":9,"key":"MawBank"},{"floor":11,"key":"Ancient Tea Set"}],"event_choices":[{"damage_healed":0,"gold_gain":50,"player_choice":"Touch","damage_taken":6,"max_hp_gain":0,"max_hp_loss":0,"event_name":"FaceTrader","floor":3,"gold_loss":0}],"is_beta":true,"boss_relics":[],"items_purged_floors":[],"is_endless":false,"potions_floor_spawned":[1,2,6,11],"killed_by":"Exordium Thugs","ascension_level":17}