{"gold_per_floor":[117,130,150,163,173,173,185,185,254,254,281,281,293,310,310,385,385,395,405,505,279,289,289,306,306,306,8,8,23,23,36,36,109,109,125,135,135,188,188],"floor_reached":39,"playtime":1195,"items_purged":["Strike_B","Strike_B"],"score":824,"play_id":"bd224ac9-7f51-4b62-9db4-6c8ce6efbec1","local_time":"20190506011141","is_ascension_mode":true,"campfire_choices":[{"data":"Sunder","floor":6.0,"key":"SMITH"},{"data":"Ball Lightning","floor":12.0,"key":"SMITH"},{"data":"Hologram","floor":15.0,"key":"SMITH"},{"data":"Apotheosis","floor":23.0,"key":"SMITH"},{"floor":25.0,"key":"REST"},{"floor":30.0,"key":"REST"},{"data":"Reboot","floor":32.0,"key":"SMITH"}],"neow_cost":"NONE","seed_source_timestamp":24945062273200,"circlet_count":0,"master_deck":["AscendersBane","Strike_B","Defend_B","Defend_B","Defend_B","Zap","Dualcast","Meteor Strike","Conserve Battery+1","Sunder+1","Conserve Battery+1","Fission","Turbo","Ball Lightning+1","Hologram+1","Reboot+1","Compile Driver","Hologram","Apotheosis+1","Electrodynamics","Coolheaded","Multi-Cast","White Noise+1","Master of Strategy","Coolheaded+1"],"special_seed":0,"relics":["Cracked Core","Mercury Hourglass","Juzu Bracelet","Empty Cage","Nunchaku","The Courier","Matryoshka","Membership Card","Happy Flower","Inserter","Calipers"],"potions_floor_usage":[39],"damage_taken":[{"damage":8.0,"enemies":"Small Slimes","floor":1.0,"turns":3.0},{"damage":2.0,"enemies":"Jaw Worm","floor":2.0,"turns":3.0},{"damage":0.0,"enemies":"Cultist","floor":3.0,"turns":2.0},{"damage":2.0,"enemies":"3 Louse","floor":4.0,"turns":3.0},{"damage":15.0,"enemies":"Large Slime","floor":5.0,"turns":6.0},{"damage":1.0,"enemies":"Exordium Wildlife","floor":7.0,"turns":3.0},{"damage":0.0,"enemies":"3 Sentries","floor":11.0,"turns":4.0},{"damage":1.0,"enemies":"3 Louse","floor":13.0,"turns":2.0},{"damage":2.0,"enemies":"Lots of Slimes","floor":14.0,"turns":3.0},{"damage":13.0,"enemies":"Slime Boss","floor":16.0,"turns":6.0},{"damage":0.0,"enemies":"3 Byrds","floor":18.0,"turns":3.0},{"damage":9.0,"enemies":"Shell Parasite","floor":19.0,"turns":3.0},{"damage":0.0,"enemies":"Colosseum Slavers","floor":20.0,"turns":3.0},{"damage":16.0,"enemies":"Colosseum Nobs","floor":20.0,"turns":3.0},{"damage":8.0,"enemies":"Snecko","floor":22.0,"turns":4.0},{"damage":14.0,"enemies":"Snake Plant","floor":24.0,"turns":3.0},{"damage":9.0,"enemies":"Centurion and Healer","floor":29.0,"turns":5.0},{"damage":3.0,"enemies":"Snecko","floor":31.0,"turns":4.0},{"damage":44.0,"enemies":"Automaton","floor":33.0,"turns":9.0},{"damage":11.0,"enemies":"Orb Walker","floor":35.0,"turns":3.0},{"damage":0.0,"enemies":"3 Shapes","floor":36.0,"turns":3.0},{"damage":31.0,"enemies":"2 Orb Walkers","floor":38.0,"turns":3.0},{"damage":17,"enemies":"3 Darklings","floor":39,"turns":2}],"seed_played":"-7650239910227567245","potions_obtained":[{"floor":1.0,"key":"Poison Potion"},{"floor":4.0,"key":"FocusPotion"},{"floor":7.0,"key":"Fire Potion"},{"floor":19.0,"key":"Explosive Potion"},{"floor":24.0,"key":"Strength Potion"},{"floor":31.0,"key":"Fire Potion"},{"floor":33.0,"key":"SkillPotion"},{"floor":38.0,"key":"AttackPotion"}],"is_trial":false,"path_per_floor":["M","M","M","M","M","R","M","?","T","?","E","R","M","M","R","B",null,"M","M","?","$","M","R","M","R","T","$","?","M","R","M","R","B",null,"M","M","?","?","M"],"character_chosen":"DEFECT","items_purchased":["Apotheosis","Membership Card","Happy Flower"],"campfire_rested":2,"item_purchase_floors":[21,27,27],"current_hp_per_floor":[56,54,54,52,37,37,36,15,15,71,71,71,70,68,68,55,67,67,58,42,42,34,34,20,41,41,41,41,32,53,50,50,6,55,44,44,44,13,0],"gold":188,"neow_bonus":"ONE_RANDOM_RARE_CARD","is_prod":false,"is_daily":false,"chose_seed":false,"campfire_upgraded":5,"win_rate":0,"timestamp":1557072701,"path_taken":["M","M","M","M","M","R","M","?","T","?","E","R","M","M","R","BOSS","M","M","?","$","M","R","M","R","T","$","?","M","R","M","R","BOSS","M","M","?","?","M"],"build_version":"2019-01-23","purchased_purges":2,"victory":false,"max_hp_per_floor":[71,71,71,71,71,71,71,71,71,71,71,71,71,71,71,71,71,71,71,71,71,71,71,71,71,71,71,71,71,71,71,71,71,71,71,71,71,71,71],"card_choices":[{"not_picked":["Hello World","Hologram"],"picked":"Conserve Battery","floor":1.0},{"not_picked":["Compile Driver","Steam"],"picked":"Sunder","floor":2.0},{"not_picked":["BootSequence","Cold Snap"],"picked":"Conserve Battery","floor":3.0},{"not_picked":["Conserve Battery","Barrage"],"picked":"Glacier","floor":4.0},{"not_picked":["Hologram","Steam"],"picked":"Fission","floor":5.0},{"not_picked":["Chill","Cold Snap"],"picked":"Turbo","floor":7.0},{"not_picked":["Reinforced Body","Static Discharge"],"picked":"Ball Lightning","floor":11.0},{"not_picked":["Turbo","Streamline","Aggregate"],"picked":"SKIP","floor":13.0},{"not_picked":["Beam Cell","Steam"],"picked":"Hologram","floor":14.0},{"not_picked":["Fission","Core Surge"],"picked":"Reboot","floor":16.0},{"not_picked":["Turbo","Cold Snap","Beam Cell"],"picked":"SKIP","floor":18.0},{"not_picked":["Darkness","Leap"],"picked":"Compile Driver","floor":19.0},{"not_picked":["Blizzard","Gash"],"picked":"Hologram","floor":20.0},{"not_picked":["Melter","Coolheaded"],"picked":"Electrodynamics","floor":22.0},{"not_picked":["Rebound","Hello World"],"picked":"Coolheaded","floor":24.0},{"not_picked":["Redo","Hologram","Barrage"],"picked":"SKIP","floor":29.0},{"not_picked":["Gash","Stack","Melter"],"picked":"SKIP","floor":31.0},{"not_picked":["Electrodynamics","Fission"],"picked":"Multi-Cast","floor":33.0},{"not_picked":["Turbo","Go for the Eyes"],"picked":"White Noise+1","floor":35.0},{"not_picked":["Gash","Scrape","Genetic Algorithm"],"picked":"SKIP","floor":36.0},{"not_picked":["Good Instincts","Bandage Up"],"picked":"Master of Strategy","floor":37.0},{"not_picked":["Force Field","Sweeping Beam"],"picked":"Coolheaded+1","floor":38.0}],"player_experience":4921963,"relics_obtained":[{"floor":9.0,"key":"Mercury Hourglass"},{"floor":11.0,"key":"Juzu Bracelet"},{"floor":20.0,"key":"Nunchaku"},{"floor":20.0,"key":"The Courier"},{"floor":26.0,"key":"Matryoshka"},{"floor":38.0,"key":"Calipers"}],"event_choices":[{"damage_healed":0.0,"max_hp_gain":0.0,"max_hp_loss":0.0,"gold_gain":0.0,"event_name":"Shining Light","player_choice":"Entered Light","floor":8.0,"gold_loss":0.0,"damage_taken":21.0,"cards_upgraded":["Conserve Battery","Conserve Battery"]},{"cards_removed":["Glacier"],"damage_healed":56.0,"max_hp_gain":0.0,"max_hp_loss":0.0,"gold_gain":0.0,"event_name":"Bonfire Elementals","player_choice":"Offered Uncommon","floor":10.0,"gold_loss":0.0,"damage_taken":0.0},{"damage_healed":0.0,"max_hp_gain":0.0,"max_hp_loss":0.0,"gold_gain":0.0,"event_name":"Colosseum","player_choice":"Fight","floor":20.0,"gold_loss":0.0,"damage_taken":0.0},{"damage_healed":0.0,"max_hp_gain":0.0,"max_hp_loss":0.0,"gold_gain":0.0,"event_name":"Colosseum","player_choice":"Fought Nobs","floor":20.0,"gold_loss":0.0,"damage_taken":0.0},{"damage_healed":0.0,"max_hp_gain":0.0,"max_hp_loss":0.0,"gold_gain":0.0,"event_name":"SensoryStone","player_choice":"Memory 1","floor":37.0,"gold_loss":0.0,"damage_taken":0.0},{"damage_healed":0.0,"max_hp_gain":0.0,"max_hp_loss":0.0,"gold_gain":0.0,"event_name":"Mysterious Sphere","player_choice":"Fight","floor":38.0,"gold_loss":0.0,"damage_taken":0.0}],"is_beta":false,"boss_relics":[{"not_picked":["FrozenCore","Orrery"],"picked":"Empty Cage"},{"not_picked":["Black Star","Velvet Choker"],"picked":"Inserter"}],"items_purged_floors":[21,27],"is_endless":false,"potions_floor_spawned":[1,4,7,13,19,24,31,33,38],"killed_by":"3 Darklings","ascension_level":20}