{"gold_per_floor":[116,135,153,165,90,90,116,116,116,116,131,163,163,163],"floor_reached":14,"playtime":297,"items_purged":["Defend_B"],"score":200,"play_id":"14704c5c-3436-449d-86ba-e990bd5e82fc","local_time":"20190406235744","is_ascension_mode":true,"campfire_choices":[{"data":"Zap","floor":6.0,"key":"SMITH"},{"floor":8.0,"key":"REST"},{"floor":10.0,"key":"REST"}],"neow_cost":"NONE","seed_source_timestamp":365564871521700,"circlet_count":0,"master_deck":["AscendersBane","Strike_B","Strike_B","Strike_B","Strike_B","Defend_B","Defend_B","Defend_B","Zap+1","Dualcast","Coolheaded","FTL","Chill","Genetic Algorithm","Doom and Gloom","Consume","Capacitor"],"special_seed":0,"relics":["Sozu","Mercury Hourglass","Letter Opener","Molten Egg 2"],"potions_floor_usage":[],"damage_taken":[{"damage":6.0,"enemies":"Cultist","floor":1.0,"turns":4.0},{"damage":4.0,"enemies":"2 Louse","floor":2.0,"turns":3.0},{"damage":0.0,"enemies":"Jaw Worm","floor":3.0,"turns":4.0},{"damage":7.0,"enemies":"Red Slaver","floor":4.0,"turns":4.0},{"damage":45.0,"enemies":"3 Sentries","floor":7.0,"turns":13.0},{"damage":1.0,"enemies":"3 Louse","floor":11.0,"turns":2.0},{"damage":14.0,"enemies":"Lagavulin","floor":12.0,"turns":5.0},{"damage":0,"enemies":"2 Fungi Beasts","floor":14,"turns":1}],"seed_played":"-5045455514795007743","potions_obtained":[],"is_trial":false,"path_per_floor":["M","M","M","M","$","R","E","R","T","R","M","E","?","M"],"character_chosen":"DEFECT","items_purchased":[],"campfire_rested":2,"item_purchase_floors":[],"current_hp_per_floor":[58,54,54,47,47,47,2,23,23,44,43,29,29,29],"gold":163,"neow_bonus":"BOSS_RELIC","is_prod":false,"is_daily":false,"chose_seed":false,"campfire_upgraded":1,"win_rate":0,"timestamp":1554562664,"path_taken":["M","M","M","?","$","R","E","R","T","R","M","E","?","M"],"build_version":"2019-01-23","purchased_purges":1,"victory":false,"max_hp_per_floor":[71,71,71,71,71,71,71,71,71,71,71,71,71,71],"card_choices":[{"not_picked":["Capacitor","Hologram"],"picked":"Coolheaded","floor":1.0},{"not_picked":["Leap","Steam"],"picked":"FTL","floor":2.0},{"not_picked":["Redo","Aggregate"],"picked":"Chill","floor":3.0},{"not_picked":["Hologram","Fusion"],"picked":"Genetic Algorithm","floor":4.0},{"not_picked":["Tempest","Redo"],"picked":"Doom and Gloom","floor":7.0},{"not_picked":["Stack","Ball Lightning"],"picked":"Consume","floor":11.0},{"not_picked":["Steam","Streamline"],"picked":"Capacitor","floor":12.0}],"player_experience":4714489,"relics_obtained":[{"floor":7.0,"key":"Mercury Hourglass"},{"floor":9.0,"key":"Letter Opener"},{"floor":12.0,"key":"Molten Egg 2"}],"event_choices":[{"damage_healed":0,"gold_gain":0,"player_choice":"Searched \u00270\u0027 times","damage_taken":0,"max_hp_gain":0,"max_hp_loss":0,"event_name":"Dead Adventurer","floor":13,"gold_loss":0}],"is_beta":false,"boss_relics":[],"items_purged_floors":[5],"is_endless":false,"potions_floor_spawned":[3,7,11,12],"killed_by":"2 Fungi Beasts","ascension_level":20}