{"gold_per_floor":[119,138,155,171,187,187,213,213,240,240,240,272,284,308,320,409,421,450,473,495,557,569,569,584,584,609,609,627,645,655,655],"floor_reached":31,"playtime":1604,"items_purged":[],"score":464,"play_id":"1c80fc42-ad15-4d42-9bfe-89b4bde563c5","local_time":"20190415155529","is_ascension_mode":true,"campfire_choices":[{"floor":6,"key":"REST"},{"data":"Dualcast","floor":8,"key":"SMITH"},{"data":"Static Discharge","floor":13,"key":"SMITH"},{"data":"Steam","floor":15,"key":"SMITH"},{"floor":23,"key":"REST"},{"floor":25,"key":"REST"},{"floor":27,"key":"REST"}],"neow_cost":"TEN_PERCENT_HP_LOSS","seed_source_timestamp":258210655868076,"circlet_count":0,"master_deck":["AscendersBane","Defend_B","Defend_B","Defend_B","Defend_B","Zap","Dualcast+1","Electrodynamics","Static Discharge+1","Ball Lightning","Capacitor","Steam+1","Static Discharge","All For One+1","All For One+1","White Noise","Biased Cognition","Thunder Strike+1","Double Energy+1","FTL+1","Force Field","Loop","BootSequence+1","Conserve Battery+1","BootSequence"],"relics":["Cracked Core","Molten Egg 2","Art of War","Anchor","Astrolabe","Nloth\u0027s Gift","Regal Pillow"],"potions_floor_usage":[18,28,31,31],"damage_taken":[{"damage":0,"enemies":"Small Slimes","floor":1,"turns":3},{"damage":9,"enemies":"2 Louse","floor":2,"turns":2},{"damage":12,"enemies":"Jaw Worm","floor":3,"turns":2},{"damage":12,"enemies":"Exordium Thugs","floor":4,"turns":3},{"damage":1,"enemies":"Large Slime","floor":5,"turns":4},{"damage":9,"enemies":"3 Sentries","floor":7,"turns":2},{"damage":9,"enemies":"Lagavulin","floor":12,"turns":6},{"damage":0,"enemies":"Looter","floor":14,"turns":3},{"damage":19,"enemies":"Hexaghost","floor":16,"turns":6},{"damage":5,"enemies":"3 Byrds","floor":18,"turns":3},{"damage":9,"enemies":"Shell Parasite","floor":19,"turns":3},{"damage":12,"enemies":"Cultist and Chosen","floor":20,"turns":3},{"damage":29,"enemies":"3 Cultists","floor":24,"turns":4},{"damage":29,"enemies":"Shelled Parasite and Fungi","floor":28,"turns":4},{"damage":15,"enemies":"Centurion and Healer","floor":29,"turns":5},{"damage":8,"enemies":"3 Cultists","floor":30,"turns":3},{"damage":13,"enemies":"Gremlin Leader","floor":31,"turns":3}],"seed_played":"-7921682578708879510","potions_obtained":[{"floor":1,"key":"Poison Potion"},{"floor":2,"key":"Poison Potion"},{"floor":19,"key":"FearPotion"},{"floor":24,"key":"SpeedPotion"},{"floor":29,"key":"Fire Potion"},{"floor":30,"key":"Energy Potion"}],"is_trial":false,"path_per_floor":["M","M","M","M","M","R","E","R","T","?","?","E","R","M","R","B",null,"M","M","M","?","?","R","M","R","T","R","M","M","M","E"],"character_chosen":"DEFECT","items_purchased":[],"campfire_rested":4,"item_purchase_floors":[],"current_hp_per_floor":[64,55,43,31,30,49,40,40,40,40,35,26,26,26,26,7,50,45,36,24,24,24,43,14,33,33,64,35,20,12,0],"gold":655,"neow_bonus":"THREE_RARE_CARDS","is_prod":false,"is_daily":false,"chose_seed":false,"campfire_upgraded":3,"win_rate":0,"timestamp":1555311329,"path_taken":["M","M","M","M","M","R","E","R","T","?","?","E","R","M","R","BOSS","M","M","M","?","?","R","M","R","T","R","M","M","?","E"],"build_version":"2019-04-04","purchased_purges":0,"victory":false,"max_hp_per_floor":[64,64,64,64,64,64,64,64,64,64,64,64,64,64,64,64,64,64,64,64,64,64,64,64,64,64,64,64,64,64,64],"card_choices":[{"not_picked":["Rainbow","Biased Cognition"],"picked":"Electrodynamics","floor":0},{"not_picked":["Genetic Algorithm","Aggregate"],"picked":"Static Discharge","floor":1},{"not_picked":["Skim","Stack"],"picked":"Ball Lightning","floor":2},{"not_picked":["Cold Snap","Static Discharge"],"picked":"Capacitor","floor":3},{"not_picked":["Redo","Storm"],"picked":"Steam","floor":4},{"not_picked":["Barrage","Leap"],"picked":"Static Discharge","floor":5},{"not_picked":["Steam Power","Go for the Eyes"],"picked":"All For One","floor":7},{"not_picked":["Redo","Undo"],"picked":"All For One+1","floor":12},{"not_picked":["Conserve Battery","Gash+1"],"picked":"White Noise","floor":14},{"not_picked":["Amplify","Rainbow"],"picked":"Biased Cognition","floor":16},{"not_picked":["Leap","Auto Shields"],"picked":"Force Field","floor":18},{"not_picked":["FTL+1","Compile Driver+1"],"picked":"Loop","floor":19},{"not_picked":["Storm","Scrape+1","Streamline+1"],"picked":"SKIP","floor":20},{"not_picked":["Beam Cell+1","Leap"],"picked":"BootSequence+1","floor":24},{"not_picked":["Rip and Tear+1","Redo","Hyperbeam+1"],"picked":"SKIP","floor":28},{"not_picked":["Streamline+1","Cold Snap+1"],"picked":"Conserve Battery+1","floor":29},{"not_picked":["Hologram","FTL+1"],"picked":"BootSequence","floor":30}],"player_experience":2946759,"relics_obtained":[{"floor":7,"key":"Molten Egg 2"},{"floor":9,"key":"Art of War"},{"floor":12,"key":"MawBank"},{"floor":26,"key":"Regal Pillow"}],"event_choices":[{"cards_removed":["Strike_B"],"damage_healed":0,"gold_gain":0,"player_choice":"Forget","damage_taken":0,"max_hp_gain":0,"max_hp_loss":0,"event_name":"Living Wall","floor":10,"gold_loss":0},{"damage_healed":0,"gold_gain":0,"player_choice":"Success","damage_taken":5,"relics_obtained":["Anchor"],"max_hp_gain":0,"max_hp_loss":0,"event_name":"Scrap Ooze","floor":11,"gold_loss":0},{"damage_healed":0,"gold_gain":50,"player_choice":"Stole From Cult","damage_taken":0,"max_hp_gain":0,"max_hp_loss":0,"event_name":"Nest","floor":21,"gold_loss":0},{"damage_healed":0,"gold_gain":0,"player_choice":"Traded Relic","damage_taken":0,"relics_obtained":["Nloth\u0027s Gift"],"max_hp_gain":0,"max_hp_loss":0,"event_name":"N\u0027loth","floor":22,"relics_lost":["MawBank"],"gold_loss":0}],"is_beta":true,"boss_relics":[{"not_picked":["Nuclear Battery","Coffee Dripper"],"picked":"Astrolabe"}],"items_purged_floors":[],"is_endless":false,"potions_floor_spawned":[1,2,4,12,14,19,24,29,30],"killed_by":"Gremlin Leader","ascension_level":17}