{"gold_per_floor":[114,114,127,127,24,24,54,65,144,155,155,189,35,50,50,50],"floor_reached":16,"playtime":892,"items_purged":["Strike_R"],"score":160,"play_id":"a2270747-4922-431e-b97e-9a4148bdb7ee","local_time":"20190124185452","is_ascension_mode":true,"campfire_choices":[{"data":"Bash","floor":6,"key":"SMITH"},{"data":"Entrench","floor":11,"key":"SMITH"},{"data":"Havoc","floor":15,"key":"SMITH"}],"neow_cost":"PERCENT_DAMAGE","seed_source_timestamp":1224113476061559,"circlet_count":0,"master_deck":["Strike_R","Strike_R","Strike_R","Defend_R+1","Defend_R","Defend_R","Defend_R","Bash+1","Clothesline+1","Fire Breathing","Thunderclap","Battle Trance","Intimidate+1","Rage","Entrench+1","Headbutt","Havoc+1","Offering","Shrug It Off"],"relics":["Burning Blood","Charon\u0027s Ashes","War Paint","Blue Candle","Strawberry"],"potions_floor_usage":[7,12,16,16],"damage_taken":[{"damage":3,"enemies":"2 Louse","floor":1,"turns":3},{"damage":6,"enemies":"Cultist","floor":3,"turns":5},{"damage":20,"enemies":"Lagavulin","floor":7,"turns":5},{"damage":8,"enemies":"Jaw Worm","floor":8,"turns":5},{"damage":3,"enemies":"Blue Slaver","floor":10,"turns":3},{"damage":9,"enemies":"Gremlin Nob","floor":12,"turns":4},{"damage":18,"enemies":"Large Slime","floor":14,"turns":5},{"damage":39,"enemies":"The Guardian","floor":16,"turns":11}],"seed_played":"366671676891929619","potions_obtained":[{"floor":1,"key":"AttackPotion"},{"floor":3,"key":"Ancient Potion"},{"floor":7,"key":"Strength Potion"},{"floor":12,"key":"Explosive Potion"},{"floor":14,"key":"Dexterity Potion"}],"is_trial":false,"path_per_floor":["M","?","M","?","$","R","E","M","T","M","R","E","$","M","R","B"],"character_chosen":"IRONCLAD","items_purchased":["Battle Trance","Intimidate","Offering"],"campfire_rested":0,"item_purchase_floors":[5,5,13],"current_hp_per_floor":[54,54,54,54,54,54,40,38,38,41,41,45,45,33,33,0],"gold":50,"neow_bonus":"ONE_RARE_RELIC","is_prod":false,"is_daily":false,"chose_seed":false,"campfire_upgraded":3,"win_rate":0,"timestamp":1548323692,"path_taken":["M","?","M","?","$","R","E","M","T","?","R","E","?","M","R","BOSS"],"build_version":"2019-01-23","purchased_purges":1,"victory":false,"max_hp_per_floor":[80,80,80,80,80,80,80,80,80,80,80,87,87,87,87,87],"card_choices":[{"not_picked":["Blood for Blood","Warcry"],"picked":"Clothesline","floor":1},{"not_picked":["Pommel Strike","Blood for Blood"],"picked":"Thunderclap","floor":3},{"not_picked":["Sword Boomerang","Twin Strike"],"picked":"Rage","floor":7},{"not_picked":["Thunderclap","Heavy Blade"],"picked":"Entrench","floor":8},{"not_picked":["Cleave","Rupture"],"picked":"Headbutt","floor":10},{"not_picked":["Cleave","Clash"],"picked":"Havoc","floor":12},{"not_picked":["Headbutt","Rupture"],"picked":"Shrug It Off","floor":14}],"player_experience":436662,"relics_obtained":[{"floor":7,"key":"War Paint"},{"floor":9,"key":"Blue Candle"},{"floor":12,"key":"Strawberry"}],"event_choices":[{"damage_healed":0,"gold_gain":0,"cards_transformed":["Strike_R"],"player_choice":"Change","damage_taken":0,"max_hp_gain":0,"max_hp_loss":0,"event_name":"Living Wall","floor":2,"gold_loss":0,"cards_obtained":["Fire Breathing"]},{"damage_healed":0,"gold_gain":0,"player_choice":"Upgraded","damage_taken":0,"max_hp_gain":0,"max_hp_loss":0,"event_name":"Upgrade Shrine","floor":4,"gold_loss":0,"cards_upgraded":["Clothesline"]}],"is_beta":false,"boss_relics":[],"items_purged_floors":[13],"is_endless":false,"potions_floor_spawned":[1,3,7,12,14],"killed_by":"The Guardian","ascension_level":9}