{"gold_per_floor":[111,126,126,196,209,241,241,252,333,333,361,375,393,409,409,482,482,502,452,464,11,29,29,57,71,71,98,98,116,116,141,141,215,215,229,243,260,138,138,169,183,183,183,213,213,242,260,273,273,273],"floor_reached":51,"playtime":4973,"items_purged":[],"score":1581,"play_id":"f2edcae6-2f50-47a3-8be5-6a3f64a3cd80","local_time":"20190523201349","is_ascension_mode":true,"campfire_choices":[{"data":"Twin Strike","floor":7,"key":"SMITH"},{"floor":10,"key":"REST"},{"data":"Double Tap","floor":15,"key":"SMITH"},{"floor":23,"key":"REST"},{"data":"Infernal Blade","floor":28,"key":"SMITH"},{"data":"Double Tap","floor":32,"key":"SMITH"},{"data":"Havoc","floor":42,"key":"SMITH"},{"data":"Warcry","floor":49,"key":"SMITH"}],"neow_cost":"NONE","seed_source_timestamp":184182650254346,"circlet_count":0,"master_deck":["AscendersBane","Strike_R","Strike_R","Strike_R","Strike_R","Strike_R","Defend_R","Defend_R+1","Defend_R","Defend_R+1","Bash","Headbutt","Infernal Blade+1","Twin Strike+1","Iron Wave","Double Tap+1","Rage","Anger","Clash","Double Tap+1","Infernal Blade+1","Shrug It Off","Iron Wave","Havoc+1","Flash of Steel","Feel No Pain","Reckless Charge","Twin Strike","Warcry+1","Sever Soul","Limit Break","Rage","Rage","Burning Pact","Sentinel","Feel No Pain","Dark Shackles","Panacea","Dramatic Entrance","Iron Wave","Battle Trance","Sentinel","Sentinel","True Grit+1","Body Slam+1"],"relics":["Burning Blood","NeowsBlessing","Shuriken","Champion Belt","Tiny Chest","Kunai","Sozu","Dead Branch","Bag of Preparation","Mango","Blood Vial","Pantograph","Cursed Key","Centennial Puzzle","Self Forming Clay","War Paint","Frozen Egg 2"],"potions_floor_usage":[8,8,12,20,20],"damage_taken":[{"damage":0,"enemies":"Jaw Worm","floor":1,"turns":1},{"damage":0,"enemies":"Cultist","floor":2,"turns":1},{"damage":0,"enemies":"Small Slimes","floor":5,"turns":1},{"damage":30,"enemies":"3 Sentries","floor":6,"turns":6},{"damage":19,"enemies":"Gremlin Gang","floor":8,"turns":6},{"damage":8,"enemies":"Gremlin Nob","floor":11,"turns":3},{"damage":0,"enemies":"2 Fungi Beasts","floor":12,"turns":3},{"damage":0,"enemies":"Looter","floor":13,"turns":2},{"damage":7,"enemies":"Blue Slaver","floor":14,"turns":2},{"damage":54,"enemies":"Hexaghost","floor":16,"turns":7},{"damage":16,"enemies":"Shell Parasite","floor":18,"turns":2},{"damage":6,"enemies":"3 Byrds","floor":20,"turns":3},{"damage":6,"enemies":"Sentry and Sphere","floor":22,"turns":4},{"damage":9,"enemies":"Slavers","floor":24,"turns":6},{"damage":1,"enemies":"Snecko","floor":25,"turns":3},{"damage":21,"enemies":"Snake Plant","floor":29,"turns":3},{"damage":14,"enemies":"Gremlin Leader","floor":31,"turns":3},{"damage":71,"enemies":"Automaton","floor":33,"turns":9},{"damage":10,"enemies":"Orb Walker","floor":35,"turns":3},{"damage":0,"enemies":"3 Shapes","floor":36,"turns":2},{"damage":0,"enemies":"Sphere and 2 Shapes","floor":37,"turns":4},{"damage":12,"enemies":"Nemesis","floor":40,"turns":7},{"damage":0,"enemies":"Maw","floor":41,"turns":5},{"damage":9,"enemies":"Giant Head","floor":44,"turns":6},{"damage":0,"enemies":"Reptomancer","floor":46,"turns":3},{"damage":19,"enemies":"Spire Growth","floor":47,"turns":4},{"damage":0,"enemies":"3 Darklings","floor":48,"turns":3},{"damage":12,"enemies":"Donu and Deca","floor":50,"turns":4}],"seed_played":"3883900323534255152","potions_obtained":[{"floor":2,"key":"Regen Potion"},{"floor":6,"key":"SpeedPotion"},{"floor":11,"key":"Poison Potion"},{"floor":14,"key":"Explosive Potion"},{"floor":16,"key":"LiquidBronze"}],"is_trial":false,"path_per_floor":["M","M","?","T","M","E","R","M","T","R","E","M","M","M","R","B",null,"M","$","M","$","M","R","E","M","T","T","R","M","$","E","R","B",null,"M","M","M","$","?","E","M","R","T","E","?","E","M","M","R","B",null],"character_chosen":"IRONCLAD","items_purchased":["Shrug It Off","Dead Branch","Havoc","Flash of Steel","Sentinel","Feel No Pain"],"campfire_rested":2,"item_purchase_floors":[19,21,21,21,38,38],"current_hp_per_floor":[74,75,75,75,75,51,51,53,53,75,73,75,75,74,74,26,63,53,53,53,53,53,75,72,75,89,89,89,74,74,68,68,24,73,71,79,87,87,77,73,81,81,81,80,80,88,76,84,84,83],"gold":273,"neow_bonus":"THREE_ENEMY_KILL","is_prod":false,"is_daily":false,"chose_seed":false,"campfire_upgraded":6,"win_rate":0,"timestamp":1558631629,"path_taken":["M","M","?","?","M","E","R","?","T","R","E","M","M","M","R","BOSS","M","$","?","?","M","R","E","M","T","?","R","M","$","E","R","BOSS","M","M","M","$","?","E","M","R","T","E","?","E","M","?","R","BOSS"],"build_version":"2019-01-23","purchased_purges":0,"victory":true,"max_hp_per_floor":[75,75,75,75,75,75,75,75,75,75,75,75,75,75,75,75,75,75,75,75,75,75,75,75,75,89,89,89,89,89,89,89,89,89,89,89,89,89,89,89,89,89,89,89,89,89,89,89,89,89],"card_choices":[{"not_picked":["Perfected Strike","True Grit"],"picked":"Headbutt","floor":1},{"not_picked":["Heavy Blade","Dual Wield"],"picked":"Infernal Blade","floor":2},{"not_picked":["Perfected Strike","Clothesline"],"picked":"Twin Strike","floor":5},{"not_picked":["Cleave","Twin Strike"],"picked":"Iron Wave","floor":6},{"not_picked":["Headbutt","Cleave"],"picked":"Double Tap","floor":8},{"not_picked":["Warcry","Metallicize"],"picked":"Rage","floor":11},{"not_picked":["Carnage","Seeing Red"],"picked":"Anger","floor":12},{"not_picked":["Evolve","Cleave"],"picked":"Clash","floor":13},{"not_picked":["Heavy Blade","Second Wind","True Grit"],"picked":"SKIP","floor":14},{"not_picked":["Exhume","Impervious"],"picked":"Double Tap","floor":16},{"not_picked":["True Grit","Anger"],"picked":"Infernal Blade","floor":18},{"not_picked":["Reckless Charge","Intimidate"],"picked":"Iron Wave","floor":20},{"not_picked":["Headbutt+1","Flame Barrier"],"picked":"Feel No Pain","floor":22},{"not_picked":["Wild Strike","Power Through"],"picked":"Reckless Charge","floor":24},{"not_picked":["Pommel Strike","Wild Strike"],"picked":"Twin Strike","floor":25},{"not_picked":["Rage","Iron Wave"],"picked":"Warcry","floor":29},{"not_picked":["Heavy Blade","Combust"],"picked":"Sever Soul","floor":31},{"not_picked":["Reaper","Juggernaut"],"picked":"Limit Break","floor":33},{"not_picked":["Body Slam","Thunderclap"],"picked":"Rage","floor":35},{"not_picked":["Flex","Searing Blow"],"picked":"Rage","floor":36},{"not_picked":["Flex+1","Sever Soul"],"picked":"Burning Pact","floor":37},{"not_picked":["Transmutation","Purity"],"picked":"Dark Shackles","floor":39},{"not_picked":["Impatience","Mind Blast"],"picked":"Panacea","floor":39},{"not_picked":["Discovery","Master of Strategy"],"picked":"Dramatic Entrance","floor":39},{"not_picked":["Carnage","Searing Blow+1"],"picked":"Iron Wave","floor":40},{"not_picked":["Body Slam","Ghostly Armor"],"picked":"Battle Trance","floor":41},{"not_picked":["Entrench","Havoc"],"picked":"Sentinel","floor":44},{"not_picked":["Bloodletting+1","Havoc"],"picked":"Sentinel","floor":46},{"not_picked":["Perfected Strike","Pommel Strike"],"picked":"True Grit+1","floor":47},{"not_picked":["Flex","Shrug It Off"],"picked":"Body Slam+1","floor":48}],"player_experience":1389012,"relics_obtained":[{"floor":4,"key":"Shuriken"},{"floor":6,"key":"Champion Belt"},{"floor":9,"key":"Tiny Chest"},{"floor":11,"key":"Kunai"},{"floor":24,"key":"Bag of Preparation"},{"floor":26,"key":"Mango"},{"floor":27,"key":"Blood Vial"},{"floor":31,"key":"Pantograph"},{"floor":40,"key":"Centennial Puzzle"},{"floor":43,"key":"Self Forming Clay"},{"floor":44,"key":"War Paint"},{"floor":46,"key":"Frozen Egg 2"}],"event_choices":[{"damage_healed":0,"gold_gain":0,"player_choice":"Grow","damage_taken":0,"max_hp_gain":0,"max_hp_loss":0,"event_name":"Living Wall","floor":3,"gold_loss":0,"cards_upgraded":["Infernal Blade"]},{"damage_healed":0,"gold_gain":0,"player_choice":"Memory 3","damage_taken":10,"max_hp_gain":0,"max_hp_loss":0,"event_name":"SensoryStone","floor":39,"gold_loss":0},{"cards_removed":["Regret"],"damage_healed":0,"gold_gain":0,"player_choice":"Purged","damage_taken":0,"max_hp_gain":0,"max_hp_loss":0,"event_name":"Purifier","floor":45,"gold_loss":0}],"is_beta":false,"boss_relics":[{"not_picked":["Pandora\u0027s Box","Runic Dome"],"picked":"Sozu"},{"not_picked":["Runic Pyramid","Coffee Dripper"],"picked":"Cursed Key"}],"items_purged_floors":[],"is_endless":false,"potions_floor_spawned":[2,6,11,14,16,20,24,29,35,37,44,48],"ascension_level":17}