{"gold_per_floor":[111,35,35,35,53,53,128,144,167,192,192,192,226,243,243,243],"floor_reached":16,"playtime":799,"items_purged":[],"score":253,"play_id":"cda94601-3f92-4b4a-ba6a-8c5a30701788","local_time":"20190530180230","is_ascension_mode":true,"campfire_choices":[{"data":"Well Laid Plans","floor":6.0,"key":"SMITH"},{"floor":11.0,"key":"REST"},{"data":"Bullet Time","floor":15.0,"key":"SMITH"}],"neow_cost":"NONE","seed_source_timestamp":985888403522482,"circlet_count":0,"master_deck":["AscendersBane","Strike_G","Strike_G","Strike_G","Strike_G","Strike_G","Defend_G","Defend_G","Defend_G","Defend_G","Defend_G","Survivor","Neutralize","Well Laid Plans+1","Footwork+1","Bullet Time+1","Backflip","Sucker Punch","Predator","Dagger Spray"],"special_seed":0,"relics":["Ring of the Snake","Centennial Puzzle","Regal Pillow","Lantern","Ancient Tea Set"],"potions_floor_usage":[],"damage_taken":[{"damage":0.0,"enemies":"2 Louse","floor":1.0,"turns":4.0},{"damage":0.0,"enemies":"Cultist","floor":5.0,"turns":4.0},{"damage":0.0,"enemies":"Jaw Worm","floor":8.0,"turns":7.0},{"damage":38.0,"enemies":"Gremlin Nob","floor":10.0,"turns":5.0},{"damage":0.0,"enemies":"3 Sentries","floor":13.0,"turns":6.0},{"damage":4.0,"enemies":"3 Louse","floor":14.0,"turns":4.0},{"damage":45,"enemies":"Slime Boss","floor":16,"turns":12}],"seed_played":"-2104168180993165092","potions_obtained":[{"floor":5.0,"key":"Explosive Potion"},{"floor":8.0,"key":"Strength Potion"},{"floor":10.0,"key":"AttackPotion"}],"is_trial":false,"path_per_floor":["M","$","?","?","M","R","?","M","T","E","R","T","E","M","R","B"],"character_chosen":"THE_SILENT","items_purchased":["Footwork"],"campfire_rested":1,"item_purchase_floors":[2],"current_hp_per_floor":[59,59,59,59,59,59,48,48,48,10,44,44,44,40,40,0],"gold":243,"neow_bonus":"RANDOM_COMMON_RELIC","is_prod":false,"is_daily":false,"chose_seed":false,"campfire_upgraded":2,"win_rate":0,"timestamp":1559206950,"path_taken":["M","$","?","?","M","R","?","M","T","E","R","?","E","M","R","BOSS"],"build_version":"2019-05-28","purchased_purges":0,"victory":false,"max_hp_per_floor":[66,66,66,66,66,66,66,66,66,66,66,66,66,66,66,66],"card_choices":[{"not_picked":["Backflip","Dagger Throw"],"picked":"Well Laid Plans","floor":1.0},{"not_picked":["PiercingWail","Distraction"],"picked":"Bullet Time","floor":5.0},{"not_picked":["Caltrops","Cloak And Dagger"],"picked":"Backflip","floor":8.0},{"not_picked":["All Out Attack","Prepared"],"picked":"Sucker Punch","floor":10.0},{"not_picked":["Heel Hook","Acrobatics"],"picked":"Predator","floor":13.0},{"not_picked":["Dagger Throw","Outmaneuver"],"picked":"Dagger Spray","floor":14.0}],"player_experience":3374105,"relics_obtained":[{"floor":10.0,"key":"Regal Pillow"},{"floor":12.0,"key":"Lantern"},{"floor":13.0,"key":"Ancient Tea Set"}],"event_choices":[{"damage_healed":0.0,"max_hp_gain":0.0,"max_hp_loss":0.0,"gold_gain":0.0,"event_name":"Living Wall","player_choice":"Grow","floor":3.0,"gold_loss":0.0,"damage_taken":0.0,"cards_upgraded":["Footwork"]},{"damage_healed":0.0,"max_hp_gain":0.0,"max_hp_loss":0.0,"gold_gain":0.0,"event_name":"Liars Game","player_choice":"Ignored","floor":4.0,"gold_loss":0.0,"damage_taken":0.0},{"damage_healed":0.0,"max_hp_gain":0.0,"max_hp_loss":0.0,"gold_gain":75.0,"event_name":"World of Goop","player_choice":"Gather Gold","floor":7.0,"gold_loss":0.0,"damage_taken":11.0}],"is_beta":true,"boss_relics":[],"items_purged_floors":[],"is_endless":false,"potions_floor_spawned":[5,8,10],"killed_by":"Slime Boss","ascension_level":18}