{"gold_per_floor":[113,113,129,129,143,182,182,218,218,241,416,416,491,461],"floor_reached":14,"playtime":656,"items_purged":[],"score":157,"play_id":"8e7623aa-548c-4223-bac3-ceff56c35d53","local_time":"20190430191838","is_ascension_mode":true,"campfire_choices":[{"floor":7.0,"key":"REST"},{"data":"Iron Wave","floor":12.0,"key":"SMITH"}],"neow_cost":"NONE","seed_source_timestamp":1647686565472763,"circlet_count":0,"master_deck":["AscendersBane","Strike_R","Strike_R","Strike_R","Strike_R","Strike_R","Defend_R","Defend_R","Defend_R","Defend_R","Bash","Disarm","Injury","Sword Boomerang","Iron Wave+1","Doubt"],"special_seed":0,"relics":["Burning Blood","Bronze Scales","Golden Idol","Bag of Preparation","Pantograph","Kunai"],"potions_floor_usage":[],"damage_taken":[{"damage":10.0,"enemies":"2 Louse","floor":1.0,"turns":3.0},{"damage":5.0,"enemies":"Jaw Worm","floor":3.0,"turns":5.0},{"damage":2.0,"enemies":"Small Slimes","floor":5.0,"turns":4.0},{"damage":40.0,"enemies":"Lagavulin","floor":6.0,"turns":10.0},{"damage":31.0,"enemies":"3 Sentries","floor":8.0,"turns":8.0},{"damage":0.0,"enemies":"2 Fungi Beasts","floor":10.0,"turns":4.0},{"damage":23,"enemies":"Exordium Thugs","floor":14,"turns":4}],"seed_played":"3370549855243521237","potions_obtained":[{"floor":5.0,"key":"Dexterity Potion"},{"floor":6.0,"key":"SkillPotion"}],"is_trial":false,"path_per_floor":["M","?","M","?","M","E","R","E","T","M","?","R","?","M"],"character_chosen":"IRONCLAD","items_purchased":[],"campfire_rested":1,"item_purchase_floors":[],"current_hp_per_floor":[68,68,69,74,78,44,69,44,44,50,50,50,39,16],"gold":461,"neow_bonus":"RANDOM_COMMON_RELIC","is_prod":false,"is_daily":false,"chose_seed":false,"campfire_upgraded":1,"win_rate":0,"timestamp":1556641118,"path_taken":["M","?","M","?","M","E","R","E","T","M","?","R","?","M"],"build_version":"2019-01-23","purchased_purges":0,"victory":false,"max_hp_per_floor":[80,80,80,85,85,85,85,85,85,85,85,85,85,85],"card_choices":[{"not_picked":["True Grit","Anger"],"picked":"Disarm","floor":1.0},{"not_picked":["Rupture","True Grit"],"picked":"Sword Boomerang","floor":3.0},{"not_picked":["Intimidate","Warcry","Pommel Strike"],"picked":"SKIP","floor":5.0},{"not_picked":["Flame Barrier","Heavy Blade","Evolve"],"picked":"SKIP","floor":6.0},{"not_picked":["Thunderclap","Twin Strike","Armaments"],"picked":"SKIP","floor":8.0},{"not_picked":["Havoc","Wild Strike"],"picked":"Iron Wave","floor":10.0}],"player_experience":1274986,"relics_obtained":[{"floor":6.0,"key":"Bag of Preparation"},{"floor":8.0,"key":"Pantograph"},{"floor":9.0,"key":"Kunai"}],"event_choices":[{"damage_healed":0.0,"max_hp_gain":0.0,"max_hp_loss":0.0,"gold_gain":0.0,"event_name":"Golden Idol","player_choice":"Take Wound","floor":2.0,"gold_loss":0.0,"damage_taken":0.0,"relics_obtained":["Golden Idol"],"cards_obtained":["Injury"]},{"damage_healed":0.0,"max_hp_gain":5.0,"max_hp_loss":0.0,"gold_gain":0.0,"event_name":"Big Fish","player_choice":"Donut","floor":4.0,"gold_loss":0.0,"damage_taken":0.0},{"damage_healed":0.0,"max_hp_gain":0.0,"max_hp_loss":0.0,"gold_gain":175.0,"event_name":"Liars Game","player_choice":"AGREE","floor":11.0,"gold_loss":0.0,"damage_taken":0.0,"cards_obtained":["Doubt"]},{"damage_healed":0.0,"max_hp_gain":0.0,"max_hp_loss":0.0,"gold_gain":75.0,"event_name":"World of Goop","player_choice":"Gather Gold","floor":13.0,"gold_loss":0.0,"damage_taken":11.0}],"is_beta":false,"boss_relics":[],"items_purged_floors":[],"is_endless":false,"potions_floor_spawned":[5,6],"killed_by":"Exordium Thugs","ascension_level":12}