{"gold_per_floor":[112,55,55,55,69,96,107,107,107,141,158,7,7,7,7,7],"floor_reached":16,"playtime":554,"items_purged":["Strike_G"],"score":246,"play_id":"37d97ad9-5bef-4d0a-9776-8bf736cc89f0","local_time":"20190516090207","is_ascension_mode":true,"campfire_choices":[{"data":"Neutralize","floor":8.0,"key":"SMITH"},{"floor":13.0,"key":"REST"},{"data":"Night Terror","floor":15.0,"key":"SMITH"}],"neow_cost":"NONE","seed_source_timestamp":1699655792907517,"circlet_count":0,"master_deck":["AscendersBane","Defend_G","Defend_G","Defend_G","Defend_G","Defend_G","Strike_G","Strike_G","Survivor","Neutralize+1","Flying Knee","Deadly Poison","Night Terror+1","Deadly Poison+1","Distraction+1","Blur+1"],"special_seed":0,"relics":["Ring of the Snake","NeowsBlessing","Matryoshka","Ancient Tea Set","Toxic Egg 2","Mummified Hand"],"potions_floor_usage":[],"damage_taken":[{"damage":0.0,"enemies":"Jaw Worm","floor":1.0,"turns":1.0},{"damage":0.0,"enemies":"2 Louse","floor":5.0,"turns":1.0},{"damage":0.0,"enemies":"Lagavulin","floor":6.0,"turns":1.0},{"damage":3.0,"enemies":"Small Slimes","floor":7.0,"turns":4.0},{"damage":9.0,"enemies":"3 Sentries","floor":10.0,"turns":5.0},{"damage":16.0,"enemies":"Red Slaver","floor":11.0,"turns":4.0},{"damage":50,"enemies":"Slime Boss","floor":16,"turns":10}],"seed_played":"-1759151248826622319","potions_obtained":[{"floor":6.0,"key":"FearPotion"},{"floor":7.0,"key":"PowerPotion"}],"is_trial":false,"path_per_floor":["M","$","?","?","M","E","M","R","T","E","M","$","R","?","R","B"],"character_chosen":"THE_SILENT","items_purchased":["PowerPotion","Blur+1"],"campfire_rested":1,"item_purchase_floors":[2,12],"current_hp_per_floor":[59,59,52,57,57,57,54,54,54,45,29,29,50,50,50,0],"gold":7,"neow_bonus":"THREE_ENEMY_KILL","is_prod":false,"is_daily":false,"chose_seed":false,"campfire_upgraded":2,"win_rate":0,"timestamp":1557964927,"path_taken":["M","$","?","?","M","E","M","R","T","E","M","$","R","?","R","BOSS"],"build_version":"2019-05-07","purchased_purges":1,"victory":false,"max_hp_per_floor":[66,66,66,71,71,71,71,71,71,71,71,71,71,71,71,71],"card_choices":[{"not_picked":["Quick Slash","Dodge and Roll"],"picked":"Flying Knee","floor":1.0},{"not_picked":["Sucker Punch","Blade Dance"],"picked":"Deadly Poison","floor":5.0},{"not_picked":["Acrobatics","Backflip"],"picked":"Night Terror","floor":6.0},{"not_picked":["Reflex","Outmaneuver","Blade Dance"],"picked":"SKIP","floor":7.0},{"not_picked":["Slice","Dodge and Roll+1"],"picked":"Deadly Poison+1","floor":10.0},{"not_picked":["Underhanded Strike","Sucker Punch"],"picked":"Distraction+1","floor":11.0}],"player_experience":3262717,"relics_obtained":[{"floor":6.0,"key":"Matryoshka"},{"floor":9.0,"key":"Ancient Tea Set"},{"floor":9.0,"key":"Toxic Egg 2"},{"floor":10.0,"key":"Mummified Hand"}],"event_choices":[{"cards_removed":["Strike_G"],"damage_healed":0.0,"max_hp_gain":0.0,"max_hp_loss":0.0,"gold_gain":0.0,"event_name":"Golden Wing","player_choice":"Card Removal","floor":3.0,"gold_loss":0.0,"damage_taken":7.0},{"damage_healed":0.0,"max_hp_gain":5.0,"max_hp_loss":0.0,"gold_gain":0.0,"event_name":"Big Fish","player_choice":"Donut","floor":4.0,"gold_loss":0.0,"damage_taken":0.0},{"cards_removed":["Strike_G"],"damage_healed":0.0,"max_hp_gain":0.0,"max_hp_loss":0.0,"gold_gain":0.0,"event_name":"Purifier","player_choice":"Purged","floor":14.0,"gold_loss":0.0,"damage_taken":0.0}],"is_beta":true,"boss_relics":[],"items_purged_floors":[12],"is_endless":false,"potions_floor_spawned":[6,7],"killed_by":"Slime Boss","ascension_level":17}