{"gold_per_floor":[14,14,32,32,32,32,51,51,77,88,88,113,113,113,113,192,192,202,202,202,212,127,127,127,146,146,146,171,188,32,47,47,125,125,137,37,137,155,168,168,186,204,204,204,204,271,302,352,352,352],"floor_reached":50,"playtime":3094,"items_purged":["Strike_R","Strike_R"],"score":901,"play_id":"4ca41049-1ebf-4f3a-8111-e4f4a0d56201","local_time":"20181206141957","is_ascension_mode":true,"campfire_choices":[{"data":"Inflame","floor":6.0,"key":"SMITH"},{"data":"Bash","floor":8.0,"key":"SMITH"},{"data":"True Grit","floor":11.0,"key":"SMITH"},{"data":"Clothesline","floor":13.0,"key":"SMITH"},{"data":"Defend_R","floor":15.0,"key":"SMITH"},{"data":"Limit Break","floor":23.0,"key":"SMITH"},{"data":"Shrug It Off","floor":27.0,"key":"SMITH"},{"data":"Dual Wield","floor":32.0,"key":"SMITH"},{"data":"Limit Break","floor":40.0,"key":"SMITH"},{"data":"Battle Trance","floor":45.0,"key":"SMITH"},{"data":"Battle Trance","floor":49,"key":"SMITH"}],"neow_cost":"NO_GOLD","seed_source_timestamp":221445628363558,"circlet_count":0,"master_deck":["AscendersBane","Strike_R","Strike_R","Defend_R+1","Defend_R+1","Defend_R+1","Defend_R+1","Bash+1","Rage+1","Inflame+1","Clothesline+1","True Grit+1","Limit Break+1","Dropkick","Twin Strike","Shrug It Off+1","Battle Trance+1","Battle Trance+1","Body Slam+1","Intimidate","Dual Wield+1","Limit Break+1","Pommel Strike+1","Sword Boomerang+1","Thunderclap+1","Pommel Strike+1","Pummel+1","Corruption+1","Limit Break+1"],"special_seed":0,"relics":["Burning Blood","Charon\u0027s Ashes","War Paint","Torii","Orrery","Nunchaku","MutagenicStrength","Mercury Hourglass","Molten Egg 2","Coffee Dripper","Thread and Needle","Anchor","SsserpentHead","Bag of Marbles"],"potions_floor_usage":[47,47,48],"damage_taken":[{"damage":3.0,"enemies":"Small Slimes","floor":1.0,"turns":5.0},{"damage":1.0,"enemies":"2 Louse","floor":3.0,"turns":4.0},{"damage":3.0,"enemies":"Jaw Worm","floor":7.0,"turns":4.0},{"damage":8.0,"enemies":"Looter","floor":10.0,"turns":3.0},{"damage":15.0,"enemies":"Lagavulin","floor":12.0,"turns":6.0},{"damage":19.0,"enemies":"The Guardian","floor":16.0,"turns":14.0},{"damage":1.0,"enemies":"Chosen","floor":18.0,"turns":5.0},{"damage":16.0,"enemies":"Colosseum Slavers","floor":19.0,"turns":6.0},{"damage":21.0,"enemies":"3 Byrds","floor":21.0,"turns":7.0},{"damage":0.0,"enemies":"Snecko","floor":25.0,"turns":6.0},{"damage":17.0,"enemies":"Slavers","floor":28.0,"turns":5.0},{"damage":7.0,"enemies":"Sentry and Sphere","floor":29.0,"turns":6.0},{"damage":1.0,"enemies":"3 Cultists","floor":31.0,"turns":5.0},{"damage":52.0,"enemies":"Automaton","floor":33.0,"turns":7.0},{"damage":15.0,"enemies":"3 Darklings","floor":35.0,"turns":5.0},{"damage":2.0,"enemies":"Mind Bloom Boss Battle","floor":37.0,"turns":3.0},{"damage":0.0,"enemies":"3 Shapes","floor":38.0,"turns":4.0},{"damage":0.0,"enemies":"Maw","floor":39.0,"turns":5.0},{"damage":30.0,"enemies":"Writhing Mass","floor":41.0,"turns":4.0},{"damage":25.0,"enemies":"Spire Growth","floor":42.0,"turns":5.0},{"damage":0.0,"enemies":"Sphere and 2 Shapes","floor":46.0,"turns":4.0},{"damage":10,"enemies":"Nemesis","floor":47,"turns":5},{"damage":39,"enemies":"Awakened One","floor":50,"turns":7}],"seed_played":"7142370717385627470","potions_obtained":[{"floor":1.0,"key":"EntropicBrew"},{"floor":3.0,"key":"GamblersBrew"},{"floor":7.0,"key":"Ancient Potion"},{"floor":18.0,"key":"Ancient Potion"},{"floor":28.0,"key":"Dexterity Potion"},{"floor":29.0,"key":"Regen Potion"},{"floor":33.0,"key":"Energy Potion"},{"floor":46.0,"key":"Ancient Potion"},{"floor":47,"key":"Fruit Juice"}],"is_trial":false,"path_per_floor":["M","?","M","?","?","R","M","R","T","M","R","E","R","?","R","B",null,"M","?","?","M","?","R","?","M","T","R","E","M","$","M","R","B",null,"M","$","?","M","M","R","M","M","T","?","R","M","E","?","R","B"],"character_chosen":"IRONCLAD","items_purchased":["Dual Wield"],"campfire_rested":0,"item_purchase_floors":[30],"current_hp_per_floor":[71,76,80,80,80,80,80,80,80,78,78,69,69,45,45,32,68,73,63,63,48,48,48,48,54,54,54,43,42,42,47,47,16,64,55,55,59,65,71,71,47,28,28,28,28,34,30,35,35,0],"gold":352,"neow_bonus":"ONE_RARE_RELIC","is_prod":false,"is_daily":false,"chose_seed":false,"campfire_upgraded":11,"win_rate":0,"timestamp":1544073597,"path_taken":["M","?","M","?","?","R","M","R","T","M","R","E","R","?","R","BOSS","M","?","?","M","?","R","?","M","T","R","E","M","$","?","R","BOSS","M","$","?","M","M","R","M","M","T","?","R","?","E","?","R","BOSS"],"build_version":"2018-12-05","purchased_purges":2,"victory":false,"max_hp_per_floor":[75,80,80,80,80,80,80,80,80,80,80,80,80,80,80,80,80,80,80,80,80,80,80,80,80,80,80,80,80,80,80,80,80,80,80,80,80,80,80,80,80,80,80,80,80,80,80,85,85,85],"card_choices":[{"not_picked":["Thunderclap","Flex"],"picked":"Rage","floor":1.0},{"not_picked":["Flex","Twin Strike"],"picked":"Inflame","floor":3.0},{"not_picked":["Twin Strike","Armaments"],"picked":"Clothesline","floor":7.0},{"not_picked":["Flame Barrier","Heavy Blade"],"picked":"True Grit","floor":10.0},{"not_picked":["Infernal Blade","Warcry","Thunderclap"],"picked":"SKIP","floor":12.0},{"not_picked":["Demon Form","Barricade"],"picked":"Limit Break","floor":16.0},{"not_picked":["Perfected Strike","Carnage"],"picked":"Dropkick","floor":17.0},{"not_picked":["Body Slam","Pommel Strike"],"picked":"Twin Strike","floor":17.0},{"not_picked":["Iron Wave","Sword Boomerang"],"picked":"Shrug It Off","floor":17.0},{"not_picked":["Rupture","Clothesline"],"picked":"Battle Trance","floor":18.0},{"not_picked":["Wild Strike","Clothesline"],"picked":"Battle Trance","floor":21.0},{"not_picked":["Twin Strike","Searing Blow+1"],"picked":"Body Slam+1","floor":25.0},{"not_picked":["Iron Wave","Sever Soul+1","Sentinel"],"picked":"SKIP","floor":28.0},{"not_picked":["Iron Wave","Sever Soul+1","Sentinel"],"picked":"SKIP","floor":28.0},{"not_picked":["Iron Wave","Sever Soul+1","Sentinel"],"picked":"SKIP","floor":28.0},{"not_picked":["Havoc","Brutality"],"picked":"Intimidate","floor":29.0},{"not_picked":["Evolve","Wild Strike+1","Rage"],"picked":"SKIP","floor":31.0},{"not_picked":["Fiend Fire+1","Exhume"],"picked":"Limit Break","floor":33.0},{"not_picked":["Ghostly Armor","True Grit"],"picked":"Pommel Strike+1","floor":35.0},{"not_picked":["Clothesline+1","Wild Strike+1"],"picked":"Sword Boomerang+1","floor":37.0},{"not_picked":["Iron Wave+1","Flex"],"picked":"Thunderclap+1","floor":38.0},{"not_picked":["Searing Blow+1","Brutality"],"picked":"Pommel Strike+1","floor":39.0},{"not_picked":["Sword Boomerang+1","Clothesline+1","Flex"],"picked":"SKIP","floor":41.0},{"not_picked":["Body Slam+1","Thunderclap+1"],"picked":"Pummel+1","floor":42.0},{"not_picked":["Carnage+1","Searing Blow+1","Entrench"],"picked":"SKIP","floor":46.0},{"not_picked":["Spot Weakness","Armaments"],"picked":"Corruption+1","floor":47}],"player_experience":2523026,"relics_obtained":[{"floor":9.0,"key":"War Paint"},{"floor":12.0,"key":"Torii"},{"floor":26.0,"key":"Mercury Hourglass"},{"floor":28.0,"key":"Molten Egg 2"},{"floor":37.0,"key":"Thread and Needle"},{"floor":43.0,"key":"Anchor"},{"floor":47,"key":"Bag of Marbles"}],"event_choices":[{"damage_healed":0.0,"max_hp_gain":5.0,"max_hp_loss":0.0,"gold_gain":0.0,"event_name":"Big Fish","player_choice":"Donut","floor":2.0,"gold_loss":0.0,"damage_taken":0.0},{"cards_removed":["Strike_R"],"damage_healed":0.0,"max_hp_gain":0.0,"max_hp_loss":0.0,"gold_gain":0.0,"event_name":"Living Wall","player_choice":"Forget","floor":4.0,"gold_loss":0.0,"damage_taken":0.0},{"damage_healed":0.0,"max_hp_gain":0.0,"max_hp_loss":0.0,"gold_gain":0.0,"event_name":"Liars Game","player_choice":"Ignored","floor":5.0,"gold_loss":0.0,"damage_taken":0.0},{"damage_healed":0.0,"max_hp_gain":0.0,"max_hp_loss":0.0,"gold_gain":0.0,"event_name":"Shining Light","player_choice":"Entered Light","floor":14.0,"gold_loss":0.0,"damage_taken":24.0,"cards_upgraded":["Rage","Defend_R"]},{"damage_healed":0.0,"max_hp_gain":0.0,"max_hp_loss":0.0,"gold_gain":0.0,"event_name":"Colosseum","player_choice":"Fight","floor":19.0,"gold_loss":0.0,"damage_taken":0.0},{"damage_healed":0.0,"max_hp_gain":0.0,"max_hp_loss":0.0,"gold_gain":0.0,"event_name":"Colosseum","player_choice":"Fled From Nobs","floor":19.0,"gold_loss":0.0,"damage_taken":0.0},{"damage_healed":0.0,"max_hp_gain":0.0,"max_hp_loss":0.0,"gold_gain":0.0,"event_name":"Vampires","player_choice":"Ignored","floor":20.0,"gold_loss":0.0,"damage_taken":0.0},{"damage_healed":0.0,"max_hp_gain":0.0,"max_hp_loss":0.0,"gold_gain":0.0,"event_name":"Addict","player_choice":"Obtained Relic","floor":22.0,"gold_loss":85.0,"damage_taken":0.0,"relics_obtained":["Nunchaku"]},{"damage_healed":0.0,"max_hp_gain":0.0,"max_hp_loss":0.0,"gold_gain":0.0,"event_name":"Drug Dealer","player_choice":"Inject Mutagens","floor":24.0,"gold_loss":0.0,"damage_taken":0.0,"relics_obtained":["MutagenicStrength"]},{"damage_healed":0.0,"max_hp_gain":0.0,"max_hp_loss":0.0,"gold_gain":0.0,"event_name":"MindBloom","player_choice":"Fight","floor":37.0,"gold_loss":0.0,"damage_taken":0.0},{"damage_healed":0.0,"max_hp_gain":0.0,"max_hp_loss":0.0,"gold_gain":0.0,"event_name":"FaceTrader","player_choice":"Trade","floor":44.0,"gold_loss":0.0,"damage_taken":0.0,"relics_obtained":["SsserpentHead"]},{"damage_healed":0,"gold_gain":0,"player_choice":"Copied","damage_taken":0,"max_hp_gain":0,"max_hp_loss":0,"event_name":"Duplicator","floor":48,"gold_loss":0,"cards_obtained":["Limit Break"]}],"is_beta":true,"boss_relics":[{"not_picked":["Tiny House","Eternal Feather"],"picked":"Orrery"},{"not_picked":["Runic Dome","Snecko Eye"],"picked":"Coffee Dripper"}],"items_purged_floors":[30,36],"is_endless":false,"potions_floor_spawned":[1,3,7,18,28,29,33,37,38,46,47],"killed_by":"Awakened One","ascension_level":15}