{"gold_per_floor":[113,113,131,56,73,73,105,119,119,130,140,2,2,31,31,130,130,144,144,108,136,136,136],"floor_reached":23,"playtime":1092,"items_purged":["Strike_B","Strike_B"],"score":343,"play_id":"82ac01a0-45bf-44df-a1b4-19081d18ceb0","local_time":"20190515213642","is_ascension_mode":true,"campfire_choices":[{"data":"Barrage","floor":6,"key":"SMITH"},{"data":"Static Discharge","floor":15,"key":"SMITH"}],"neow_cost":"NONE","seed_source_timestamp":51389384675743,"circlet_count":0,"master_deck":["AscendersBane","Defend_B","Defend_B","Defend_B","Defend_B","Zap+1","Dualcast","Ball Lightning","Ball Lightning","Barrage+1","Glacier","Steam","Static Discharge+1","Glacier","Reinforced Body","Echo Form","Recycle","Sunder+1","Bite","Bite","Bite","Bite","Bite"],"relics":["Cracked Core","Bag of Marbles","Pantograph","Mango","Runic Pyramid","Red Mask"],"potions_floor_usage":[14,21],"damage_taken":[{"damage":3,"enemies":"2 Louse","floor":1,"turns":2},{"damage":0,"enemies":"Cultist","floor":3,"turns":2},{"damage":2,"enemies":"Jaw Worm","floor":5,"turns":3},{"damage":30,"enemies":"Lagavulin","floor":7,"turns":4},{"damage":6,"enemies":"Looter","floor":8,"turns":3},{"damage":0,"enemies":"2 Fungi Beasts","floor":10,"turns":2},{"damage":3,"enemies":"3 Louse","floor":11,"turns":2},{"damage":12,"enemies":"Gremlin Nob","floor":14,"turns":4},{"damage":22,"enemies":"Hexaghost","floor":16,"turns":11},{"damage":3,"enemies":"3 Byrds","floor":18,"turns":5},{"damage":35,"enemies":"Masked Bandits","floor":21,"turns":5},{"damage":55,"enemies":"Slavers","floor":23,"turns":4}],"seed_played":"1634438587510083496","potions_obtained":[{"floor":1,"key":"GamblersBrew"},{"floor":7,"key":"FairyPotion"},{"floor":11,"key":"Energy Potion"}],"is_trial":false,"path_per_floor":["M","?","M","$","M","R","E","M","T","M","M","$","T","E","R","B",null,"M","?","$","?","?","E"],"character_chosen":"DEFECT","items_purchased":["Glacier","Recycle"],"campfire_rested":0,"item_purchase_floors":[12,20],"current_hp_per_floor":[67,67,69,69,69,69,41,37,37,39,38,38,38,42,42,47,79,78,78,78,45,45,0],"gold":136,"neow_bonus":"RANDOM_COMMON_RELIC","is_prod":false,"is_daily":false,"chose_seed":false,"campfire_upgraded":2,"win_rate":0,"timestamp":1557949002,"path_taken":["M","?","M","$","M","R","E","M","T","M","M","$","?","E","R","BOSS","M","?","$","?","?","E"],"build_version":"2019-01-23","purchased_purges":2,"victory":false,"max_hp_per_floor":[75,75,75,75,75,75,75,75,75,75,75,75,75,89,89,89,89,89,89,89,89,89,89],"card_choices":[{"not_picked":["Steam","Genetic Algorithm"],"picked":"Ball Lightning","floor":1},{"not_picked":["Lockon","Scrape"],"picked":"Ball Lightning","floor":3},{"not_picked":["Compile Driver","Cold Snap"],"picked":"Barrage","floor":5},{"not_picked":["Cold Snap","Barrage"],"picked":"Glacier","floor":7},{"not_picked":["Turbo","White Noise"],"picked":"Steam","floor":8},{"not_picked":["Leap","Go for the Eyes"],"picked":"Static Discharge","floor":10},{"not_picked":["Barrage","Cold Snap","Beam Cell"],"picked":"SKIP","floor":11},{"not_picked":["Barrage","Cold Snap","Beam Cell"],"picked":"SKIP","floor":11},{"not_picked":["Consume","Fission"],"picked":"Reinforced Body","floor":14},{"not_picked":["Multi-Cast","Thunder Strike"],"picked":"Echo Form","floor":16},{"not_picked":["Ball Lightning","Coolheaded","Steam Power"],"picked":"SKIP","floor":18},{"not_picked":["Rebound","Coolheaded"],"picked":"Sunder+1","floor":21}],"player_experience":593999,"relics_obtained":[{"floor":7,"key":"Bag of Marbles"},{"floor":9,"key":"Pantograph"},{"floor":14,"key":"Mango"},{"floor":21,"key":"Red Mask"}],"event_choices":[{"damage_healed":0,"gold_gain":0,"player_choice":"Upgraded","damage_taken":0,"max_hp_gain":0,"max_hp_loss":0,"event_name":"Upgrade Shrine","floor":2,"gold_loss":0,"cards_upgraded":["Zap"]},{"damage_healed":0,"gold_gain":0,"player_choice":"Ignored","damage_taken":0,"max_hp_gain":0,"max_hp_loss":0,"event_name":"Cursed Tome","floor":19,"gold_loss":0},{"damage_healed":0,"gold_gain":0,"player_choice":"Fought Bandits","damage_taken":0,"max_hp_gain":0,"max_hp_loss":0,"event_name":"Masked Bandits","floor":21,"gold_loss":0},{"damage_healed":0,"gold_gain":0,"player_choice":"Became a vampire (Vial)","damage_taken":0,"max_hp_gain":0,"max_hp_loss":0,"event_name":"Vampires","floor":22,"relics_lost":["Blood Vial"],"gold_loss":0,"cards_obtained":["Bite","Bite","Bite","Bite","Bite"]}],"is_beta":false,"boss_relics":[{"not_picked":["Calling Bell","Busted Crown"],"picked":"Runic Pyramid"}],"items_purged_floors":[4,12],"is_endless":false,"potions_floor_spawned":[1,7,8,11],"killed_by":"Slavers","ascension_level":12}