{"gold_per_floor":[114,37,55,66,66,96,111,137,137,137,137,157,177,189,189,263,263,277,295,210,210,210,210,229,229,229,104,137,157,157,173,173,244,244,263,282,282,293,313,338,356,375,375,77,95,95,95,112,112,112,112],"floor_reached":51,"playtime":2119,"items_purged":["Strike_G"],"score":1455,"play_id":"80ba19c5-7b31-4e5e-a55f-f04ad5112e79","local_time":"20190313210415","is_ascension_mode":true,"campfire_choices":[{"floor":10.0,"key":"REST"},{"data":"Envenom","floor":15.0,"key":"SMITH"},{"floor":23.0,"key":"REST"},{"floor":25.0,"key":"REST"},{"floor":30.0,"key":"RECALL"},{"floor":32.0,"key":"REST"},{"floor":46.0,"key":"REST"},{"floor":49.0,"key":"REST"}],"neow_cost":"NONE","seed_source_timestamp":0,"circlet_count":0,"master_deck":["AscendersBane","Defend_G","Defend_G","Defend_G+1","Defend_G+1","Defend_G","Strike_G","Strike_G","Strike_G","Survivor","Neutralize","Backstab","Deadly Poison","Deadly Poison","Bullet Time","Poisoned Stab","Leg Sweep+1","PiercingWail+1","Envenom+1","Corpse Explosion+1","Blade Dance+1","Catalyst+1","Deadly Poison+1","Noxious Fumes","Deadly Poison+1","Adrenaline+1","Expertise+1","Crippling Poison+1","Caltrops","Catalyst+1"],"special_seed":0,"relics":["Ring of the Snake","NeowsBlessing","Snake Skull","Bag of Marbles","Meat on the Bone","Toxic Egg 2","Bag of Preparation","Fusion Hammer","Gambling Chip","Blood Vial","War Paint","Busted Crown","Centennial Puzzle","TwistedFunnel"],"potions_floor_usage":[51],"damage_taken":[{"damage":0.0,"enemies":"Jaw Worm","floor":1.0,"turns":1.0},{"damage":0.0,"enemies":"Cultist","floor":3.0,"turns":1.0},{"damage":0.0,"enemies":"Small Slimes","floor":4.0,"turns":1.0},{"damage":43.0,"enemies":"Gremlin Nob","floor":6.0,"turns":4.0},{"damage":1.0,"enemies":"Looter","floor":7.0,"turns":3.0},{"damage":12.0,"enemies":"Lagavulin","floor":8.0,"turns":6.0},{"damage":0.0,"enemies":"Large Slime","floor":12.0,"turns":4.0},{"damage":0.0,"enemies":"Blue Slaver","floor":13.0,"turns":2.0},{"damage":0.0,"enemies":"Looter","floor":14.0,"turns":3.0},{"damage":2.0,"enemies":"The Guardian","floor":16.0,"turns":8.0},{"damage":14.0,"enemies":"Shell Parasite","floor":18.0,"turns":4.0},{"damage":13.0,"enemies":"Spheric Guardian","floor":19.0,"turns":4.0},{"damage":28.0,"enemies":"Shelled Parasite and Fungi","floor":24.0,"turns":5.0},{"damage":0.0,"enemies":"Book of Stabbing","floor":28.0,"turns":3.0},{"damage":0.0,"enemies":"Cultist and Chosen","floor":29.0,"turns":3.0},{"damage":8.0,"enemies":"Snecko","floor":31.0,"turns":3.0},{"damage":44.0,"enemies":"Automaton","floor":33.0,"turns":7.0},{"damage":0.0,"enemies":"Orb Walker","floor":35.0,"turns":1.0},{"damage":2.0,"enemies":"3 Shapes","floor":36.0,"turns":5.0},{"damage":3.0,"enemies":"Maw","floor":38.0,"turns":4.0},{"damage":0.0,"enemies":"4 Shapes","floor":39.0,"turns":1.0},{"damage":11.0,"enemies":"Nemesis","floor":40.0,"turns":5.0},{"damage":0.0,"enemies":"Writhing Mass","floor":41.0,"turns":3.0},{"damage":16.0,"enemies":"Sphere and 2 Shapes","floor":42.0,"turns":4.0},{"damage":0.0,"enemies":"Spire Growth","floor":45.0,"turns":2.0},{"damage":16.0,"enemies":"Maw","floor":48.0,"turns":3.0},{"damage":13.0,"enemies":"Time Eater","floor":50.0,"turns":3.0},{"damage":80,"enemies":"Awakened One","floor":51,"turns":8}],"seed_played":"-673205661072977865","potions_obtained":[{"floor":3.0,"key":"GamblersBrew"},{"floor":4.0,"key":"AttackPotion"},{"floor":7.0,"key":"GhostInAJar"},{"floor":14.0,"key":"PowerPotion"},{"floor":18.0,"key":"LiquidBronze"},{"floor":24.0,"key":"Energy Potion"},{"floor":28.0,"key":"PowerPotion"}],"is_trial":false,"path_per_floor":["M","?","M","M","$","E","M","E","T","R","?","M","M","M","R","B",null,"M","M","?","?","?","R","M","R","T","$","E","M","R","M","R","B",null,"M","M","?","M","M","E","M","M","T","$","M","R","?","M","R","B","B"],"character_chosen":"THE_SILENT","items_purchased":["Deadly Poison+1","Catalyst+1","TwistedFunnel"],"campfire_rested":6,"item_purchase_floors":[27,44,44],"current_hp_per_floor":[59,59,59,59,59,16,15,3,3,22,22,34,34,34,34,44,61,47,34,34,34,34,53,37,56,56,56,58,60,60,54,66,34,58,60,60,60,59,61,52,54,40,40,40,42,61,61,47,66,53,0],"gold":112,"neow_bonus":"THREE_ENEMY_KILL","is_prod":false,"is_daily":false,"chose_seed":false,"campfire_upgraded":1,"win_rate":0,"timestamp":1552478655,"path_taken":["M","?","?","M","$","E","M","E","T","R","?","?","M","M","R","BOSS","M","M","?","?","?","R","M","R","T","?","E","M","R","M","R","BOSS","M","M","?","?","M","E","M","M","T","$","M","R","?","M","R","BOSS","BOSS"],"build_version":"2019-01-23","purchased_purges":1,"victory":false,"max_hp_per_floor":[66,66,66,66,66,66,66,66,66,66,66,66,66,66,66,66,66,66,66,66,66,66,66,66,66,66,66,66,66,66,66,66,66,66,66,66,66,66,66,66,66,66,66,66,66,66,66,66,66,66,66],"card_choices":[{"not_picked":["Cloak And Dagger","Dodge and Roll"],"picked":"Backstab","floor":1.0},{"not_picked":["Quick Slash","Distraction"],"picked":"Deadly Poison","floor":3.0},{"not_picked":["Dodge and Roll","Blade Dance"],"picked":"Deadly Poison","floor":4.0},{"not_picked":["Dagger Throw","Dagger Spray","Eviscerate"],"picked":"SKIP","floor":6.0},{"not_picked":["Underhanded Strike","Dagger Throw"],"picked":"Bullet Time","floor":7.0},{"not_picked":["Underhanded Strike","Distraction"],"picked":"Poisoned Stab","floor":8.0},{"not_picked":["Deflect+1","Dagger Throw"],"picked":"Leg Sweep+1","floor":12.0},{"not_picked":["Underhanded Strike","Flying Knee"],"picked":"PiercingWail+1","floor":13.0},{"not_picked":["Infinite Blades","All Out Attack"],"picked":"Envenom","floor":14.0},{"not_picked":["Grand Finale","Bullet Time+1"],"picked":"Corpse Explosion+1","floor":16.0},{"not_picked":["Underhanded Strike+1","Outmaneuver+1","Sucker Punch"],"picked":"SKIP","floor":18.0},{"not_picked":["Expertise+1","Masterful Stab+1"],"picked":"Blade Dance+1","floor":19.0},{"not_picked":["Terror+1","Distraction+1"],"picked":"Catalyst+1","floor":24.0},{"not_picked":["Accuracy","Doppelganger+1"],"picked":"Noxious Fumes","floor":28.0},{"not_picked":["Bane","Sucker Punch","Flying Knee"],"picked":"SKIP","floor":29.0},{"not_picked":["Quick Slash","Blade Dance+1"],"picked":"Deadly Poison+1","floor":31.0},{"not_picked":["Phantasmal Killer+1","Night Terror+1"],"picked":"Adrenaline+1","floor":33.0},{"not_picked":["Setup+1"],"picked":"SKIP","floor":35.0},{"not_picked":["Quick Slash"],"picked":"SKIP","floor":36.0},{"not_picked":[],"picked":"Crippling Poison+1","floor":38.0},{"not_picked":["Blade Dance+1"],"picked":"SKIP","floor":39.0},{"not_picked":["Riddle With Holes"],"picked":"SKIP","floor":40.0},{"not_picked":["Blade Dance+1"],"picked":"SKIP","floor":41.0},{"not_picked":[],"picked":"Caltrops","floor":42.0},{"not_picked":["Expertise+1"],"picked":"SKIP","floor":45.0},{"not_picked":["Flechettes"],"picked":"SKIP","floor":48.0}],"player_experience":743304,"relics_obtained":[{"floor":6.0,"key":"Bag of Marbles"},{"floor":8.0,"key":"Meat on the Bone"},{"floor":9.0,"key":"Toxic Egg 2"},{"floor":11.0,"key":"Bag of Preparation"},{"floor":26.0,"key":"Blood Vial"},{"floor":28.0,"key":"War Paint"},{"floor":40.0,"key":"Centennial Puzzle"}],"event_choices":[{"damage_healed":0.0,"max_hp_gain":0.0,"max_hp_loss":0.0,"gold_gain":0.0,"event_name":"WeMeetAgain","player_choice":"Paid Gold","floor":2.0,"gold_loss":77.0,"damage_taken":0.0,"relics_obtained":["Snake Skull"]},{"damage_healed":0.0,"max_hp_gain":0.0,"max_hp_loss":0.0,"gold_gain":0.0,"event_name":"Wheel of Change","player_choice":"Relic","floor":11.0,"gold_loss":0.0,"damage_taken":0.0},{"damage_healed":0.0,"max_hp_gain":0.0,"max_hp_loss":0.0,"gold_gain":0.0,"event_name":"Addict","player_choice":"Obtained Relic","floor":20.0,"gold_loss":85.0,"damage_taken":0.0,"relics_obtained":["Gambling Chip"]},{"damage_healed":0.0,"max_hp_gain":0.0,"max_hp_loss":0.0,"gold_gain":0.0,"event_name":"Cursed Tome","player_choice":"Ignored","floor":21.0,"gold_loss":0.0,"damage_taken":0.0},{"damage_healed":0.0,"max_hp_gain":0.0,"max_hp_loss":0.0,"gold_gain":0.0,"event_name":"Vampires","player_choice":"Ignored","floor":22.0,"gold_loss":0.0,"damage_taken":0.0},{"damage_healed":0.0,"max_hp_gain":0.0,"max_hp_loss":0.0,"gold_gain":0.0,"cards_transformed":["Strike_G"],"event_name":"Transmorgrifier","player_choice":"Transformed","floor":37.0,"gold_loss":0.0,"damage_taken":0.0,"cards_obtained":["Expertise"]},{"damage_healed":0.0,"max_hp_gain":0.0,"max_hp_loss":0.0,"gold_gain":0.0,"event_name":"SensoryStone","player_choice":"Memory 1","floor":47.0,"gold_loss":0.0,"damage_taken":0.0}],"is_beta":false,"boss_relics":[{"not_picked":["Coffee Dripper","WristBlade"],"picked":"Fusion Hammer"},{"not_picked":["Philosopher\u0027s Stone","Ring of the Serpent"],"picked":"Busted Crown"}],"items_purged_floors":[27],"is_endless":false,"potions_floor_spawned":[3,4,7,14,18,24,28,39,41,42,45],"killed_by":"Awakened One","ascension_level":20}