{"gold_per_floor":[116,86,106,124,134,134,148,148,148,148,31,31,62,62,62,161,161,176,189,213,48,64,64,98,23,23,43,43,43,43,59,59,59],"floor_reached":33,"playtime":1751,"items_purged":["Strike_G"],"score":507,"play_id":"227a3025-c3b3-4e74-af9c-0f6b79ca1c75","local_time":"20190523092648","is_ascension_mode":true,"campfire_choices":[{"data":"Neutralize","floor":6.0,"key":"SMITH"},{"data":"Deadly Poison","floor":8,"key":"SMITH"},{"data":"Deadly Poison","floor":10,"key":"SMITH"},{"data":"Noxious Fumes","floor":15,"key":"SMITH"},{"floor":23,"key":"REST"},{"floor":29,"key":"REST"},{"floor":32,"key":"REST"}],"neow_cost":"NONE","seed_source_timestamp":349435336942688,"circlet_count":0,"master_deck":["AscendersBane","Defend_G","Defend_G","Defend_G","Defend_G","Defend_G","Survivor","Neutralize+1","Deadly Poison+1","Bouncing Flask","Deadly Poison+1","Backstab","Noxious Fumes+1","Bullet Time","Adrenaline","Acrobatics","Venomology","Predator","Dodge and Roll","Bouncing Flask"],"special_seed":0,"relics":["Ring of the Snake","Art of War","Bronze Scales","Golden Idol","Eternal Feather","Anchor","Ninja Scroll","Pantograph"],"potions_floor_usage":[7,13,16,18,22,24,27,31,33,33,33],"damage_taken":[{"damage":0.0,"enemies":"Jaw Worm","floor":1.0,"turns":8.0},{"damage":1.0,"enemies":"Cultist","floor":3.0,"turns":4.0},{"damage":1.0,"enemies":"Small Slimes","floor":4.0,"turns":5.0},{"damage":6.0,"enemies":"Blue Slaver","floor":5.0,"turns":4.0},{"damage":7,"enemies":"Large Slime","floor":7,"turns":5},{"damage":25,"enemies":"Gremlin Nob","floor":13,"turns":4},{"damage":4,"enemies":"Hexaghost","floor":16,"turns":7},{"damage":9,"enemies":"Shell Parasite","floor":18,"turns":4},{"damage":0,"enemies":"Spheric Guardian","floor":19,"turns":2},{"damage":20,"enemies":"3 Cultists","floor":20,"turns":5},{"damage":1,"enemies":"Snake Plant","floor":22,"turns":4},{"damage":35,"enemies":"Book of Stabbing","floor":24,"turns":5},{"damage":12,"enemies":"Centurion and Healer","floor":27,"turns":8},{"damage":9,"enemies":"Sentry and Sphere","floor":31,"turns":4},{"damage":74,"enemies":"Collector","floor":33,"turns":6}],"seed_played":"-673170017866157304","potions_obtained":[{"floor":2.0,"key":"Dexterity Potion"},{"floor":2.0,"key":"SkillPotion"},{"floor":3.0,"key":"Block Potion"},{"floor":7,"key":"Regen Potion"},{"floor":13,"key":"Block Potion"},{"floor":18,"key":"Fruit Juice"},{"floor":20,"key":"Ancient Potion"},{"floor":22,"key":"AttackPotion"},{"floor":24,"key":"Block Potion"},{"floor":27,"key":"EssenceOfSteel"}],"is_trial":false,"path_per_floor":["M","?","M","M","M","R","M","R","T","R","$","?","E","?","R","B",null,"M","M","M","$","M","R","E","?","T","M","?","R","$","M","R","B"],"character_chosen":"THE_SILENT","items_purchased":["Noxious Fumes","Anchor"],"campfire_rested":3,"item_purchase_floors":[11,21],"current_hp_per_floor":[59,59,58,57,51,51,44,44,44,44,44,37,26,26,26,22,51,47,47,27,27,26,54,19,19,19,7,7,38,38,29,60,0],"gold":59,"neow_bonus":"RANDOM_COMMON_RELIC","is_prod":false,"is_daily":false,"chose_seed":false,"campfire_upgraded":4,"win_rate":0,"timestamp":1558571208,"path_taken":["M","?","M","M","M","R","?","R","T","R","$","?","E","?","R","BOSS","M","M","M","$","M","R","E","?","T","M","?","R","?","M","R","BOSS"],"build_version":"2019-05-07","purchased_purges":1,"victory":false,"max_hp_per_floor":[66,66,66,66,66,66,66,66,66,66,66,66,66,60,60,60,60,65,65,65,65,65,65,65,65,65,65,65,65,65,65,65,65],"card_choices":[{"not_picked":["Underhanded Strike","Sucker Punch"],"picked":"Deadly Poison","floor":1.0},{"not_picked":["Dodge and Roll","Caltrops"],"picked":"Bouncing Flask","floor":3.0},{"not_picked":["Prepared","Underhanded Strike"],"picked":"Deadly Poison","floor":4.0},{"not_picked":["Slice","Outmaneuver"],"picked":"Backstab","floor":5.0},{"not_picked":["Sucker Punch","Dagger Throw","Quick Slash"],"picked":"SKIP","floor":7},{"not_picked":["PiercingWail","Masterful Stab"],"picked":"Bullet Time","floor":13},{"not_picked":["Corpse Explosion","Night Terror"],"picked":"Adrenaline","floor":16},{"not_picked":["Slice","Terror+1"],"picked":"Acrobatics","floor":18},{"not_picked":["Flying Knee","Slice","Outmaneuver"],"picked":"SKIP","floor":19},{"not_picked":["Slice","Terror","Dagger Throw"],"picked":"SKIP","floor":20},{"not_picked":["Masterful Stab","Dagger Throw","Skewer"],"picked":"SKIP","floor":22},{"not_picked":["Leg Sweep","Endless Agony"],"picked":"Venomology","floor":24},{"not_picked":["Dagger Spray","Reflex"],"picked":"Predator","floor":27},{"not_picked":["Masterful Stab","Slice","Bane"],"picked":"SKIP","floor":31}],"player_experience":3316648,"relics_obtained":[{"floor":13,"key":"Bronze Scales"},{"floor":24,"key":"Ninja Scroll"},{"floor":26,"key":"Pantograph"}],"event_choices":[{"damage_healed":0.0,"max_hp_gain":0.0,"max_hp_loss":0.0,"gold_gain":0.0,"event_name":"The Woman in Blue","player_choice":"Bought 2 Potions","floor":2.0,"gold_loss":0.0,"damage_taken":0.0},{"cards_removed":["Strike_G"],"damage_healed":0,"gold_gain":0,"player_choice":"Card Removal","damage_taken":7,"max_hp_gain":0,"max_hp_loss":0,"event_name":"Golden Wing","floor":12,"gold_loss":0},{"damage_healed":0,"gold_gain":0,"player_choice":"Lose Max HP","damage_taken":0,"relics_obtained":["Golden Idol"],"max_hp_gain":0,"max_hp_loss":6,"event_name":"Golden Idol","floor":14,"gold_loss":0},{"cards_removed":["Strike_G"],"damage_healed":0,"gold_gain":0,"player_choice":"Gave Gold","damage_taken":0,"max_hp_gain":0,"max_hp_loss":0,"event_name":"Beggar","floor":25,"gold_loss":75},{"damage_healed":0,"gold_gain":0,"cards_transformed":["Strike_G","Strike_G"],"player_choice":"Became Test Subject","damage_taken":0,"max_hp_gain":0,"max_hp_loss":0,"event_name":"Drug Dealer","floor":28,"gold_loss":0,"cards_obtained":["Dodge and Roll","Bouncing Flask"]}],"is_beta":true,"boss_relics":[{"not_picked":["Fusion Hammer","Pandora\u0027s Box"],"picked":"Eternal Feather"}],"items_purged_floors":[11],"is_endless":false,"potions_floor_spawned":[3,7,13,18,20,22,24,27],"killed_by":"Collector","ascension_level":18}