{"gold_per_floor":[113,113,133,151,151,151,195,195],"floor_reached":8,"playtime":316,"items_purged":[],"score":106,"play_id":"1e6db789-cf9c-4ec6-b8b5-74b2832044c2","local_time":"20190526200138","is_ascension_mode":true,"campfire_choices":[{"data":"Footwork","floor":6.0,"key":"SMITH"}],"neow_cost":"NONE","seed_source_timestamp":648078615532900,"circlet_count":0,"master_deck":["AscendersBane","Strike_G","Strike_G","Strike_G","Strike_G","Strike_G","Defend_G","Defend_G","Defend_G","Defend_G","Defend_G","Survivor","Neutralize","Footwork+1","Predator","Dagger Spray+1","PiercingWail","Escape Plan"],"special_seed":0,"relics":["Ring of the Snake","Golden Idol","Kunai"],"potions_floor_usage":[],"damage_taken":[{"damage":16.0,"enemies":"Jaw Worm","floor":1.0,"turns":10.0},{"damage":0.0,"enemies":"Small Slimes","floor":3.0,"turns":5.0},{"damage":0.0,"enemies":"2 Louse","floor":4.0,"turns":2.0},{"damage":33.0,"enemies":"Gremlin Nob","floor":7.0,"turns":5.0},{"damage":1,"enemies":"Exordium Thugs","floor":8,"turns":3}],"seed_played":"-8008327541078471029","potions_obtained":[{"floor":3.0,"key":"SpeedPotion"}],"is_trial":false,"path_per_floor":["M","?","M","M","?","R","E","M"],"character_chosen":"THE_SILENT","items_purchased":[],"campfire_rested":0,"item_purchase_floors":[],"current_hp_per_floor":[43,43,43,43,43,43,10,9],"gold":195,"neow_bonus":"THREE_CARDS","is_prod":false,"is_daily":false,"chose_seed":false,"campfire_upgraded":1,"win_rate":0,"timestamp":1558868498,"path_taken":["M","?","M","M","?","R","E","M"],"build_version":"2019-05-24v2","purchased_purges":0,"victory":false,"max_hp_per_floor":[66,60,60,60,60,60,60,60],"card_choices":[{"not_picked":["Slice","Dagger Spray"],"picked":"Footwork","floor":0.0},{"not_picked":["PiercingWail","Escape Plan"],"picked":"Predator","floor":1.0},{"not_picked":["Tactician","Acrobatics"],"picked":"Dagger Spray","floor":3.0},{"not_picked":["Dodge and Roll","Sucker Punch"],"picked":"PiercingWail","floor":4.0},{"not_picked":["Doppelganger","Acrobatics"],"picked":"Escape Plan","floor":7.0}],"player_experience":3343117,"relics_obtained":[{"floor":7.0,"key":"Kunai"}],"event_choices":[{"damage_healed":0.0,"max_hp_gain":0.0,"max_hp_loss":6.0,"gold_gain":0.0,"event_name":"Golden Idol","player_choice":"Lose Max HP","floor":2.0,"gold_loss":0.0,"damage_taken":0.0,"relics_obtained":["Golden Idol"]},{"damage_healed":0.0,"max_hp_gain":0.0,"max_hp_loss":0.0,"gold_gain":0.0,"event_name":"Living Wall","player_choice":"Grow","floor":5.0,"gold_loss":0.0,"damage_taken":0.0,"cards_upgraded":["Dagger Spray"]}],"is_beta":true,"boss_relics":[],"items_purged_floors":[],"is_endless":false,"potions_floor_spawned":[3],"killed_by":"Exordium Thugs","ascension_level":18}