{"gold_per_floor":[19,34,50,50,70,70,100,100,124,134,149,166,166,196,196,274,274,289,289,289,289,26,26,26,26,51,63,90,102,10,10,10,10],"floor_reached":33,"playtime":1328,"items_purged":["Strike_B+1"],"score":459,"play_id":"3bf153cf-219c-4b04-b682-5734011fa742","local_time":"20190220195051","is_ascension_mode":true,"campfire_choices":[{"floor":6.0,"key":"REST"},{"floor":8.0,"key":"REST"},{"floor":13.0,"key":"REST"},{"data":"Beam Cell","floor":15,"key":"SMITH"},{"data":"White Noise","floor":23,"key":"SMITH"},{"data":"FTL","floor":27,"key":"SMITH"},{"floor":29,"key":"REST"},{"floor":32,"key":"REST"}],"neow_cost":"NO_GOLD","seed_source_timestamp":0,"circlet_count":0,"master_deck":["AscendersBane","Strike_B+1","Strike_B+1","Defend_B+1","Defend_B+1","Defend_B+1","Zap","Dualcast","Melter","FTL+1","Gash","Streamline","Go for the Eyes","Beam Cell+1","Conserve Battery","Loop","Gash","Go for the Eyes","White Noise+1","Gash","Sweeping Beam","Coolheaded"],"special_seed":0,"relics":["FrozenCore","Ancient Tea Set","Potion Belt","Bronze Scales","Mummified Hand","Meat on the Bone","MawBank"],"potions_floor_usage":[16,18,24,28,33],"damage_taken":[{"damage":12.0,"enemies":"Jaw Worm","floor":1.0,"turns":3.0},{"damage":5.0,"enemies":"Small Slimes","floor":2.0,"turns":3.0},{"damage":9.0,"enemies":"2 Louse","floor":3.0,"turns":2.0},{"damage":1.0,"enemies":"Exordium Thugs","floor":5.0,"turns":4.0},{"damage":40.0,"enemies":"3 Sentries","floor":7.0,"turns":8.0},{"damage":6.0,"enemies":"Blue Slaver","floor":10.0,"turns":3.0},{"damage":0.0,"enemies":"Exordium Wildlife","floor":11.0,"turns":3.0},{"damage":8.0,"enemies":"Looter","floor":12.0,"turns":2.0},{"damage":23.0,"enemies":"Lagavulin","floor":14.0,"turns":5.0},{"damage":11,"enemies":"Hexaghost","floor":16,"turns":7},{"damage":10,"enemies":"3 Byrds","floor":18,"turns":3},{"damage":9,"enemies":"2 Thieves","floor":24,"turns":5},{"damage":23,"enemies":"Cultist and Chosen","floor":28,"turns":5},{"damage":49,"enemies":"Automaton","floor":33,"turns":6}],"seed_played":"1208340162060909537","potions_obtained":[{"floor":1.0,"key":"SteroidPotion"},{"floor":2.0,"key":"Weak Potion"},{"floor":10.0,"key":"EssenceOfSteel"},{"floor":14.0,"key":"Fire Potion"},{"floor":18,"key":"Weak Potion"},{"floor":24,"key":"Ancient Potion"},{"floor":28,"key":"SkillPotion"}],"is_trial":false,"path_per_floor":["M","M","M","?","M","R","E","R","T","M","M","M","R","E","R","B",null,"M","?","T","?","$","R","M","?","T","R","M","R","$","?","R","B"],"character_chosen":"DEFECT","items_purchased":["Meat on the Bone","Coolheaded"],"campfire_rested":5,"item_purchase_floors":[22,30],"current_hp_per_floor":[52,47,38,38,37,58,18,39,39,33,33,25,46,23,23,12,56,46,46,46,46,46,46,37,37,37,37,26,47,47,27,49,0],"gold":10,"neow_bonus":"TRANSFORM_TWO_CARDS","is_prod":false,"is_daily":false,"chose_seed":false,"campfire_upgraded":3,"win_rate":0,"timestamp":1550659851,"path_taken":["M","M","M","?","M","R","E","R","T","M","M","M","R","E","R","BOSS","M","?","?","?","$","R","M","?","T","R","?","R","?","?","R","BOSS"],"build_version":"2019-01-23","purchased_purges":1,"victory":false,"max_hp_per_floor":[71,71,71,71,71,71,71,71,71,71,71,71,71,71,71,71,71,71,71,71,71,71,71,71,71,71,71,71,71,71,76,76,76],"card_choices":[{"not_picked":["Genetic Algorithm","Compile Driver"],"picked":"FTL","floor":1.0},{"not_picked":["Conserve Battery","Doom and Gloom"],"picked":"Gash","floor":2.0},{"not_picked":["White Noise","Turbo"],"picked":"Streamline","floor":3.0},{"not_picked":["Skim","Reprogram"],"picked":"Go for the Eyes","floor":5.0},{"not_picked":["Stack","Reprogram","Steam Power"],"picked":"SKIP","floor":7.0},{"not_picked":["Steam","Leap"],"picked":"Beam Cell","floor":10.0},{"not_picked":["Buffer","BootSequence"],"picked":"Conserve Battery","floor":11.0},{"not_picked":["Steam Power","Aggregate"],"picked":"Loop","floor":12.0},{"not_picked":["Compile Driver","Undo"],"picked":"Gash","floor":14.0},{"not_picked":["Turbo","Streamline"],"picked":"Go for the Eyes","floor":18},{"not_picked":["Blizzard","Ball Lightning"],"picked":"Gash","floor":24},{"not_picked":["Conserve Battery","Beam Cell"],"picked":"Sweeping Beam","floor":28}],"player_experience":662553,"relics_obtained":[{"floor":7.0,"key":"Ancient Tea Set"},{"floor":9.0,"key":"Potion Belt"},{"floor":14.0,"key":"Bronze Scales"},{"floor":20,"key":"Mummified Hand"},{"floor":26,"key":"MawBank"}],"event_choices":[{"damage_healed":0.0,"max_hp_gain":0.0,"max_hp_loss":0.0,"gold_gain":0.0,"event_name":"Liars Game","player_choice":"Ignored","floor":4.0,"gold_loss":0.0,"damage_taken":0.0},{"damage_healed":0,"gold_gain":0,"player_choice":"Simplicity","damage_taken":0,"max_hp_gain":0,"max_hp_loss":0,"event_name":"Back to Basics","floor":19,"gold_loss":0,"cards_upgraded":["Strike_B","Strike_B","Strike_B","Defend_B","Defend_B","Defend_B"]},{"damage_healed":0,"gold_gain":0,"player_choice":"Read","damage_taken":0,"max_hp_gain":0,"max_hp_loss":0,"event_name":"The Library","floor":21,"gold_loss":0,"cards_obtained":["White Noise"]},{"cards_removed":["Aggregate"],"damage_healed":0,"gold_gain":0,"player_choice":"Card Removal","damage_taken":0,"max_hp_gain":0,"max_hp_loss":0,"event_name":"Wheel of Change","floor":25,"gold_loss":0},{"damage_healed":0,"gold_gain":0,"player_choice":"Shed Blood","damage_taken":25,"max_hp_gain":5,"max_hp_loss":0,"event_name":"Forgotten Altar","floor":31,"gold_loss":0}],"is_beta":false,"boss_relics":[{"not_picked":["Velvet Choker","Snecko Eye"],"picked":"FrozenCore"}],"items_purged_floors":[30],"is_endless":false,"potions_floor_spawned":[1,2,3,10,14,18,24,28],"killed_by":"Automaton","ascension_level":16}