{"gold_per_floor":[111,111,122,136,148,148,158,4,4,4,33,48,77,77,77,150,150,167,167,82,82,107,107,107],"floor_reached":24,"playtime":617,"items_purged":["Strike_B"],"score":433,"play_id":"ac60784e-e701-4519-b8cd-ccc79eeb44ed","local_time":"20190525114831","is_ascension_mode":true,"campfire_choices":[{"data":"Beam Cell","floor":6,"key":"SMITH"},{"floor":10,"key":"REST"},{"data":"Consume","floor":15,"key":"SMITH"},{"floor":23,"key":"REST"}],"neow_cost":"NONE","seed_source_timestamp":216234118675400,"circlet_count":0,"master_deck":["AscendersBane","Strike_B","Strike_B","Strike_B","Defend_B","Defend_B","Defend_B","Defend_B","Zap+1","Dualcast","Streamline","Streamline","Go for the Eyes","Beam Cell+1","Machine Learning","Redo","Compile Driver","Cold Snap","Rebound","Consume+1","Machine Learning","Self Repair"],"relics":["Cracked Core","Meat on the Bone","The Courier","Pear","Nuclear Battery","Enchiridion","Regal Pillow","Art of War"],"potions_floor_usage":[5,13,16],"damage_taken":[{"damage":4,"enemies":"Small Slimes","floor":1,"turns":4},{"damage":1,"enemies":"Cultist","floor":3,"turns":3},{"damage":7,"enemies":"Jaw Worm","floor":4,"turns":2},{"damage":32,"enemies":"Large Slime","floor":5,"turns":6},{"damage":11,"enemies":"3 Louse","floor":7,"turns":3},{"damage":25,"enemies":"Lagavulin","floor":11,"turns":6},{"damage":8,"enemies":"Looter","floor":12,"turns":2},{"damage":8,"enemies":"Gremlin Nob","floor":13,"turns":3},{"damage":37,"enemies":"Hexaghost","floor":16,"turns":12},{"damage":18,"enemies":"Spheric Guardian","floor":18,"turns":4},{"damage":70,"enemies":"Slavers","floor":24,"turns":4}],"seed_played":"7779598577512266718","potions_obtained":[{"floor":3,"key":"Regen Potion"},{"floor":7,"key":"FearPotion"},{"floor":13,"key":"Explosive Potion"},{"floor":16,"key":"FairyPotion"}],"is_trial":false,"path_per_floor":["M","?","M","M","M","R","M","$","T","R","E","M","E","?","R","B",null,"M","?","?","?","T","R","E"],"character_chosen":"DEFECT","items_purchased":["Redo","Compile Driver"],"campfire_rested":2,"item_purchase_floors":[8,8],"current_hp_per_floor":[60,50,49,42,25,25,14,14,14,35,22,26,40,45,45,20,70,52,31,31,6,6,48,0],"gold":107,"neow_bonus":"UPGRADE_CARD","is_prod":false,"is_daily":false,"chose_seed":false,"campfire_upgraded":2,"win_rate":0,"timestamp":1558752511,"path_taken":["M","?","M","M","M","R","M","$","T","R","E","?","E","?","R","BOSS","M","?","?","?","?","R","E"],"build_version":"2019-01-23","purchased_purges":1,"victory":false,"max_hp_per_floor":[71,71,71,71,71,71,71,71,71,71,71,71,81,86,86,86,86,86,86,86,91,91,91,91],"card_choices":[{"not_picked":["Sweeping Beam","Auto Shields"],"picked":"Streamline","floor":1},{"not_picked":["Sweeping Beam","Compile Driver"],"picked":"Streamline","floor":3},{"not_picked":["Tempest","Coolheaded"],"picked":"Go for the Eyes","floor":4},{"not_picked":["Steam","Barrage"],"picked":"Beam Cell","floor":5},{"not_picked":["Compile Driver","Streamline"],"picked":"Machine Learning","floor":7},{"not_picked":["Sweeping Beam","Stack"],"picked":"Cold Snap","floor":11},{"not_picked":["Cold Snap","White Noise"],"picked":"Rebound","floor":12},{"not_picked":["Leap","Storm"],"picked":"Consume","floor":13},{"not_picked":["Meteor Strike","Amplify"],"picked":"Machine Learning","floor":16},{"not_picked":["Leap","Rebound"],"picked":"Self Repair","floor":18}],"player_experience":5151961,"relics_obtained":[{"floor":9,"key":"Meat on the Bone"},{"floor":11,"key":"The Courier"},{"floor":13,"key":"Pear"},{"floor":19,"key":"Enchiridion"},{"floor":22,"key":"Art of War"}],"event_choices":[{"damage_healed":0,"gold_gain":0,"player_choice":"Damaged","damage_taken":10,"max_hp_gain":0,"max_hp_loss":0,"event_name":"Wheel of Change","floor":2,"gold_loss":0},{"damage_healed":0,"gold_gain":0,"player_choice":"Donut","damage_taken":0,"max_hp_gain":5,"max_hp_loss":0,"event_name":"Big Fish","floor":14,"gold_loss":0},{"damage_healed":0,"gold_gain":0,"player_choice":"Obtained Book","damage_taken":21,"max_hp_gain":0,"max_hp_loss":0,"event_name":"Cursed Tome","floor":19,"gold_loss":0},{"damage_healed":0,"gold_gain":0,"player_choice":"Obtained Relic","damage_taken":0,"relics_obtained":["Regal Pillow"],"max_hp_gain":0,"max_hp_loss":0,"event_name":"Addict","floor":20,"gold_loss":85},{"damage_healed":0,"gold_gain":0,"player_choice":"Shed Blood","damage_taken":30,"max_hp_gain":5,"max_hp_loss":0,"event_name":"Forgotten Altar","floor":21,"gold_loss":0}],"is_beta":false,"boss_relics":[{"not_picked":["Pandora\u0027s Box","Orrery"],"picked":"Nuclear Battery"}],"items_purged_floors":[8],"is_endless":false,"potions_floor_spawned":[3,7,13,16],"killed_by":"Slavers","ascension_level":20}