{"gold_per_floor":[117,117,128,93,93,122,122,142,195,195,195,227,254,284,296,412,424,450,462,252,264,95,95,128,128,128,147,162,162,176,192,192,288,288,308,321,344,355,40,40,51,63,63,63,81,81,81,98,98,98],"floor_reached":50,"playtime":3736,"items_purged":["Strike_B","Strike_B","Strike_B"],"score":842,"play_id":"484175b5-200f-438b-85a9-ef3283007243","local_time":"20190519221355","is_ascension_mode":true,"campfire_choices":[{"floor":7,"key":"REST"},{"floor":15,"key":"REST"},{"floor":23,"key":"REST"},{"floor":25,"key":"REST"},{"floor":29,"key":"REST"},{"floor":32,"key":"REST"},{"floor":40,"key":"REST"},{"floor":44,"key":"REST"},{"floor":49,"key":"REST"}],"neow_cost":"NONE","seed_source_timestamp":180064268720477,"circlet_count":0,"master_deck":["AscendersBane","Defend_B","Defend_B","Defend_B","Defend_B","Zap","Dualcast","Coolheaded","Genetic Algorithm","Ball Lightning","Sweeping Beam","Leap","Barrage","Ball Lightning","Echo Form","Turbo","Barrage","Buffer","Gash","Conserve Battery+1","Glacier","Biased Cognition","Capacitor","Self Repair","Gash","Seek","Static Discharge","Electrodynamics","Coolheaded","Steam Power","Core Surge"],"relics":["Cracked Core","Dream Catcher","Oddly Smooth Stone","Bag of Preparation","Tiny Chest","Pear","MawBank","Fusion Hammer","PreservedInsect","Gambling Chip","Shuriken","Philosopher\u0027s Stone","Shovel"],"potions_floor_usage":[6,38,50,50],"damage_taken":[{"damage":0,"enemies":"Small Slimes","floor":1,"turns":3},{"damage":8,"enemies":"2 Louse","floor":3,"turns":2},{"damage":46,"enemies":"Gremlin Nob","floor":6,"turns":5},{"damage":2,"enemies":"Jaw Worm","floor":8,"turns":3},{"damage":29,"enemies":"3 Sentries","floor":12,"turns":8},{"damage":0,"enemies":"2 Fungi Beasts","floor":13,"turns":3},{"damage":1,"enemies":"Large Slime","floor":14,"turns":5},{"damage":16,"enemies":"Slime Boss","floor":16,"turns":10},{"damage":10,"enemies":"3 Byrds","floor":18,"turns":4},{"damage":0,"enemies":"Chosen","floor":21,"turns":4},{"damage":39,"enemies":"Book of Stabbing","floor":24,"turns":5},{"damage":0,"enemies":"Centurion and Healer","floor":27,"turns":7},{"damage":7,"enemies":"Cultist and Chosen","floor":28,"turns":8},{"damage":22,"enemies":"Snecko","floor":30,"turns":6},{"damage":0,"enemies":"3 Cultists","floor":31,"turns":6},{"damage":0,"enemies":"Automaton","floor":33,"turns":12},{"damage":3,"enemies":"3 Darklings","floor":35,"turns":7},{"damage":14,"enemies":"Orb Walker","floor":36,"turns":5},{"damage":20,"enemies":"Jaw Worm Horde","floor":38,"turns":5},{"damage":37,"enemies":"4 Shapes","floor":41,"turns":7},{"damage":38,"enemies":"Spire Growth","floor":42,"turns":7},{"damage":10,"enemies":"Maw","floor":45,"turns":8},{"damage":0,"enemies":"4 Shapes","floor":48,"turns":3},{"damage":79,"enemies":"Donu and Deca","floor":50,"turns":9}],"seed_played":"4488543578599986228","potions_obtained":[{"floor":3,"key":"Regen Potion"},{"floor":6,"key":"Weak Potion"},{"floor":14,"key":"Poison Potion"},{"floor":16,"key":"Block Potion"},{"floor":24,"key":"Ancient Potion"},{"floor":45,"key":"Explosive Potion"}],"is_trial":false,"path_per_floor":["M","?","M","?","$","E","R","M","T","T","?","E","M","M","R","B",null,"M","?","$","M","$","R","E","R","T","M","M","R","M","M","R","B",null,"M","M","T","M","$","R","M","M","T","R","M","?","$","M","R","B"],"character_chosen":"DEFECT","items_purchased":["PreservedInsect","Turbo","Barrage","Self Repair","Gash","Seek"],"campfire_rested":9,"item_purchase_floors":[20,22,22,39,39,39],"current_hp_per_floor":[68,43,35,53,53,21,43,41,41,51,44,15,15,14,39,23,70,60,60,60,60,60,85,46,71,71,71,64,85,63,63,85,85,85,82,68,68,48,48,73,50,26,26,51,55,55,55,55,79,0],"gold":98,"neow_bonus":"RANDOM_COMMON_RELIC","is_prod":false,"is_daily":false,"chose_seed":false,"campfire_upgraded":0,"win_rate":0,"timestamp":1558296835,"path_taken":["M","?","M","?","$","E","R","M","T","?","?","E","M","M","R","BOSS","M","?","$","?","$","R","E","R","T","?","?","R","M","M","R","BOSS","M","M","?","M","$","R","M","M","T","R","M","?","$","M","R","BOSS"],"build_version":"2019-01-23","purchased_purges":3,"victory":false,"max_hp_per_floor":[75,75,75,75,75,75,75,75,75,85,85,85,85,85,85,85,85,85,85,85,85,85,85,85,85,85,85,85,85,85,85,85,85,85,85,85,85,85,85,85,85,85,85,85,85,81,81,81,81,81],"card_choices":[{"not_picked":["Leap","Redo"],"picked":"Coolheaded","floor":1},{"not_picked":["Beam Cell","Cold Snap"],"picked":"Genetic Algorithm","floor":3},{"not_picked":["Turbo","Machine Learning"],"picked":"Ball Lightning","floor":6},{"not_picked":["Hello World","Compile Driver"],"picked":"Sweeping Beam","floor":7},{"not_picked":["Fusion","Beam Cell","Streamline"],"picked":"SKIP","floor":8},{"not_picked":["Melter","Turbo"],"picked":"Leap","floor":12},{"not_picked":["Turbo","Storm"],"picked":"Barrage","floor":13},{"not_picked":["Turbo","Rip and Tear","Skim"],"picked":"SKIP","floor":14},{"not_picked":["Chill","Steam"],"picked":"Ball Lightning","floor":15},{"not_picked":["Reboot","Core Surge"],"picked":"Echo Form","floor":16},{"not_picked":["Rebound","Leap","Sweeping Beam"],"picked":"SKIP","floor":18},{"not_picked":["Hologram","FTL","Redo"],"picked":"SKIP","floor":21},{"not_picked":["Recycle","Redo"],"picked":"Buffer","floor":23},{"not_picked":["Rip and Tear+1","Lockon","Darkness"],"picked":"SKIP","floor":24},{"not_picked":["Conserve Battery","Ball Lightning"],"picked":"Gash","floor":27},{"not_picked":["Doom and Gloom","Turbo"],"picked":"Conserve Battery+1","floor":28},{"not_picked":["Sunder","Stack","Loop"],"picked":"SKIP","floor":30},{"not_picked":["Beam Cell","Sweeping Beam"],"picked":"Glacier","floor":31},{"not_picked":["Reboot","Thunder Strike"],"picked":"Biased Cognition","floor":33},{"not_picked":["Rebound+1","Go for the Eyes","Conserve Battery+1"],"picked":"SKIP","floor":35},{"not_picked":["Hologram+1","Stack+1"],"picked":"Capacitor","floor":36},{"not_picked":["Leap","Go for the Eyes","Fusion"],"picked":"SKIP","floor":38},{"not_picked":["Undo","Beam Cell+1"],"picked":"Static Discharge","floor":40},{"not_picked":["Melter","Glacier"],"picked":"Electrodynamics","floor":41},{"not_picked":["Gash","White Noise"],"picked":"Coolheaded","floor":42},{"not_picked":["Steam","Streamline+1"],"picked":"Steam Power","floor":45},{"not_picked":["Conserve Battery","Streamline","Steam"],"picked":"SKIP","floor":48},{"not_picked":["Stack","Hologram+1"],"picked":"Core Surge","floor":49}],"player_experience":595692,"relics_obtained":[{"floor":6,"key":"Bag of Preparation"},{"floor":9,"key":"Tiny Chest"},{"floor":10,"key":"Pear"},{"floor":12,"key":"MawBank"},{"floor":24,"key":"Gambling Chip"},{"floor":26,"key":"Shuriken"},{"floor":43,"key":"Shovel"}],"event_choices":[{"damage_healed":0,"gold_gain":0,"player_choice":"Success","damage_taken":25,"relics_obtained":["Oddly Smooth Stone"],"max_hp_gain":0,"max_hp_loss":0,"event_name":"Scrap Ooze","floor":2,"gold_loss":0},{"damage_healed":18,"gold_gain":0,"player_choice":"Healed","damage_taken":0,"max_hp_gain":0,"max_hp_loss":0,"event_name":"The Cleric","floor":4,"gold_loss":35},{"cards_removed":["Strike_B"],"damage_healed":0,"gold_gain":0,"player_choice":"Card Removal","damage_taken":7,"max_hp_gain":0,"max_hp_loss":0,"event_name":"Golden Wing","floor":11,"gold_loss":0},{"damage_healed":0,"gold_gain":0,"player_choice":"Got Potions","damage_taken":0,"max_hp_gain":0,"max_hp_loss":0,"event_name":"Lab","floor":19,"gold_loss":0},{"damage_healed":0,"gold_gain":0,"player_choice":"Max HP","damage_taken":0,"max_hp_gain":0,"max_hp_loss":4,"event_name":"Winding Halls","floor":46,"gold_loss":0}],"is_beta":false,"boss_relics":[{"not_picked":["White Beast Statue","Busted Crown"],"picked":"Fusion Hammer"},{"not_picked":["Coffee Dripper","Snecko Eye"],"picked":"Philosopher\u0027s Stone"}],"items_purged_floors":[20,22,39],"is_endless":false,"potions_floor_spawned":[3,6,14,16,21,24,27,31,35,36,45],"killed_by":"Donu and Deca","ascension_level":12}