{"gold_per_floor":[110,127,52,52,62,62,74,74,74,106,118,143,143,143],"floor_reached":14,"playtime":478,"items_purged":["Strike_B"],"score":185,"play_id":"a6c3a43f-9531-4066-b29c-29c2b9478e3c","local_time":"20190415134924","is_ascension_mode":true,"campfire_choices":[{"data":"Zap","floor":6.0,"key":"SMITH"},{"data":"Defragment","floor":8.0,"key":"SMITH"},{"data":"Go for the Eyes","floor":13,"key":"SMITH"}],"neow_cost":"NONE","seed_source_timestamp":251761206438027,"circlet_count":0,"master_deck":["AscendersBane","Strike_B","Strike_B","Defend_B","Defend_B","Defend_B","Defend_B","Zap+1","Dualcast","Self Repair","Defragment+1","Go for the Eyes+1","Genetic Algorithm","Steam","Ball Lightning"],"special_seed":0,"relics":["Cracked Core","NeowsBlessing","Bottled Lightning","Potion Belt"],"potions_floor_usage":[12,12],"damage_taken":[{"damage":0.0,"enemies":"Jaw Worm","floor":1.0,"turns":1.0},{"damage":0.0,"enemies":"Cultist","floor":2.0,"turns":1.0},{"damage":0.0,"enemies":"Small Slimes","floor":5.0,"turns":2.0},{"damage":13.0,"enemies":"Exordium Thugs","floor":7.0,"turns":5.0},{"damage":18.0,"enemies":"Lagavulin","floor":10.0,"turns":7.0},{"damage":8,"enemies":"Looter","floor":11,"turns":3},{"damage":28,"enemies":"Gremlin Nob","floor":12,"turns":5},{"damage":36,"enemies":"Exordium Wildlife","floor":14,"turns":3}],"seed_played":"-4049557822814633709","potions_obtained":[{"floor":1.0,"key":"Swift Potion"},{"floor":5.0,"key":"Poison Potion"},{"floor":10,"key":"Swift Potion"}],"is_trial":false,"path_per_floor":["M","M","$","?","M","R","M","R","T","E","M","E","R","M"],"character_chosen":"DEFECT","items_purchased":[],"campfire_rested":0,"item_purchase_floors":[],"current_hp_per_floor":[64,64,64,64,71,71,65,65,65,54,53,32,32,0],"gold":143,"neow_bonus":"THREE_ENEMY_KILL","is_prod":false,"is_daily":false,"chose_seed":false,"campfire_upgraded":3,"win_rate":0,"timestamp":1555303764,"path_taken":["M","M","$","?","?","R","M","R","T","E","M","E","R","M"],"build_version":"2019-04-04","purchased_purges":1,"victory":false,"max_hp_per_floor":[71,71,71,71,71,71,71,71,71,71,71,71,71,71],"card_choices":[{"not_picked":["Aggregate","Barrage"],"picked":"Self Repair","floor":1.0},{"not_picked":["Rip and Tear","Aggregate","Compile Driver"],"picked":"SKIP","floor":2.0},{"not_picked":["Self Repair","Static Discharge"],"picked":"Defragment","floor":5.0},{"not_picked":["FTL","Steam"],"picked":"Go for the Eyes","floor":7.0},{"not_picked":["Lockon","Steam"],"picked":"Genetic Algorithm","floor":10},{"not_picked":["Gash","Double Energy"],"picked":"Steam","floor":11},{"not_picked":["Cold Snap","Auto Shields"],"picked":"Ball Lightning","floor":12}],"player_experience":2940650,"relics_obtained":[{"floor":10,"key":"Bottled Lightning"},{"floor":12,"key":"Potion Belt"}],"event_choices":[{"cards_removed":["Strike_B"],"damage_healed":0.0,"max_hp_gain":0.0,"max_hp_loss":0.0,"gold_gain":0.0,"event_name":"Bonfire Elementals","player_choice":"Offered Basic","floor":4.0,"gold_loss":0.0,"damage_taken":0.0}],"is_beta":true,"boss_relics":[],"items_purged_floors":[3],"is_endless":false,"potions_floor_spawned":[1,5,10],"killed_by":"Exordium Wildlife","ascension_level":17}