{"gold_per_floor":[119,135,148,96,96,96,126,126,152,152,51,79,93,119,119,217,217,233,148,163,163,21,52,52,78,78,96,96,110,110,139,139,235,235,250,250,350,25,38,71,71,71,71,83,83,83,111,111,111,111,111,111,10,10],"floor_reached":54,"playtime":4526,"items_purged":["Strike_R","Strike_R"],"score":1021,"play_id":"f444fdb3-5202-431c-a32c-6f11f40f09a9","local_time":"20190524212022","is_ascension_mode":true,"campfire_choices":[{"data":"Cleave","floor":6,"key":"SMITH"},{"data":"Reaper","floor":8,"key":"SMITH"},{"data":"Clothesline","floor":10,"key":"SMITH"},{"data":"Anger","floor":15,"key":"SMITH"},{"floor":24,"key":"REST"},{"floor":28,"key":"REST"},{"floor":30,"key":"RECALL"},{"floor":32,"key":"REST"},{"floor":41,"key":"REST"},{"floor":45,"key":"REST"},{"floor":49,"key":"REST"},{"floor":52,"key":"REST"}],"neow_cost":"TEN_PERCENT_HP_LOSS","seed_source_timestamp":608068556280323,"circlet_count":0,"master_deck":["Strike_R+1","Strike_R+1","Defend_R","Defend_R","Defend_R","Defend_R","Bash","Disarm+1","Cleave+1","Shrug It Off+1","Clothesline+1","Reaper+1","Intimidate+1","Anger+1","Rage+1","Shrug It Off+1","Warcry+1","Juggernaut","Flex+1","Dual Wield+1","Spot Weakness+1","Shockwave+1","Rage+1","Anger+1","Double Tap+1","Armaments+1","Heavy Blade+1","Spot Weakness+1","Good Instincts+1"],"relics":["Burning Blood","FossilizedHelix","Bag of Preparation","Toxic Egg 2","Bag of Marbles","Boot","Magic Flower","Fusion Hammer","War Paint","Ancient Tea Set","Turnip","Question Card","Anchor","Runic Pyramid","Ginger","Whetstone","Singing Bowl","Mummified Hand"],"potions_floor_usage":[33,33,40,40,50,50,54],"damage_taken":[{"damage":0,"enemies":"Cultist","floor":1,"turns":4},{"damage":10,"enemies":"Small Slimes","floor":2,"turns":4},{"damage":0,"enemies":"2 Louse","floor":3,"turns":2},{"damage":23,"enemies":"Lagavulin","floor":7,"turns":6},{"damage":6,"enemies":"Gremlin Nob","floor":12,"turns":4},{"damage":15,"enemies":"Large Slime","floor":13,"turns":6},{"damage":0,"enemies":"Lagavulin","floor":14,"turns":9},{"damage":21,"enemies":"Hexaghost","floor":16,"turns":12},{"damage":0,"enemies":"Shell Parasite","floor":18,"turns":4},{"damage":4,"enemies":"2 Thieves","floor":20,"turns":4},{"damage":40,"enemies":"Slavers","floor":23,"turns":7},{"damage":16,"enemies":"Gremlin Leader","floor":25,"turns":6},{"damage":13,"enemies":"Snake Plant","floor":27,"turns":3},{"damage":2,"enemies":"Sentry and Sphere","floor":29,"turns":6},{"damage":9,"enemies":"Book of Stabbing","floor":31,"turns":5},{"damage":9,"enemies":"Champ","floor":33,"turns":8},{"damage":0,"enemies":"Orb Walker","floor":35,"turns":3},{"damage":8,"enemies":"Mind Bloom Boss Battle","floor":37,"turns":6},{"damage":12,"enemies":"3 Darklings","floor":39,"turns":4},{"damage":84,"enemies":"Reptomancer","floor":40,"turns":5},{"damage":33,"enemies":"4 Shapes","floor":44,"turns":4},{"damage":0,"enemies":"Giant Head","floor":47,"turns":6},{"damage":24,"enemies":"Time Eater","floor":50,"turns":9},{"damage":92,"enemies":"Shield and Spear","floor":54,"turns":5}],"seed_played":"7512096511795246014","potions_obtained":[{"floor":1,"key":"BloodPotion"},{"floor":12,"key":"Weak Potion"},{"floor":14,"key":"Weak Potion"},{"floor":16,"key":"SkillPotion"},{"floor":18,"key":"Strength Potion"},{"floor":33,"key":"Fruit Juice"},{"floor":35,"key":"Regen Potion"},{"floor":40,"key":"GamblersBrew"},{"floor":47,"key":"Block Potion"}],"is_trial":false,"path_per_floor":["M","M","M","$","?","R","E","R","T","R","$","E","M","E","R","B",null,"M","?","M","?","$","E","R","E","T","M","R","M","R","E","R","B",null,"M","?","?","$","M","E","R","?","T","M","R","?","E","$","R","B",null,"R","$","E"],"character_chosen":"IRONCLAD","items_purchased":["Clothesline","Intimidate+1","Anger","Spot Weakness+1","Spot Weakness+1","Whetstone","Energy Potion","Dexterity Potion"],"campfire_rested":7,"item_purchase_floors":[4,11,11,22,38,38,53,53],"current_hp_per_floor":[72,68,72,72,69,69,52,52,52,52,52,57,58,64,64,60,69,72,72,72,72,72,41,62,65,65,61,72,72,72,72,72,77,77,77,77,77,77,74,49,72,72,72,81,81,81,83,83,83,83,83,83,83,0],"gold":10,"neow_bonus":"ONE_RARE_RELIC","is_prod":false,"is_daily":false,"chose_seed":false,"campfire_upgraded":4,"win_rate":0,"timestamp":1558725622,"path_taken":["M","M","M","?","?","R","E","R","T","R","$","E","M","E","R","BOSS","M","?","M","?","$","E","R","E","T","?","R","M","R","E","R","BOSS","M","?","?","$","M","E","R","?","T","M","R","?","E","?","R","BOSS","R","$","E"],"build_version":"2019-01-23","purchased_purges":2,"victory":false,"max_hp_per_floor":[72,72,72,72,72,72,72,72,72,72,72,72,72,72,72,72,72,72,72,72,72,72,72,72,72,72,72,72,72,72,72,72,77,77,77,77,77,77,77,79,79,79,79,81,81,81,83,83,83,83,83,83,83,83],"card_choices":[{"not_picked":["Pummel","Flex"],"picked":"Disarm","floor":1},{"not_picked":["Rage","Havoc"],"picked":"Cleave","floor":2},{"not_picked":["Anger","Heavy Blade"],"picked":"Shrug It Off","floor":3},{"not_picked":["Flame Barrier","Blood for Blood"],"picked":"Reaper","floor":7},{"not_picked":["Cleave","Heavy Blade"],"picked":"Rage+1","floor":12},{"not_picked":["Warcry+1","Clash"],"picked":"Shrug It Off+1","floor":13},{"not_picked":["Body Slam","Sword Boomerang"],"picked":"Warcry+1","floor":14},{"not_picked":["Berserk","Brutality"],"picked":"Juggernaut","floor":16},{"not_picked":["Clothesline","Sever Soul+1"],"picked":"Flex+1","floor":18},{"not_picked":["Headbutt+1","Body Slam"],"picked":"Dual Wield+1","floor":20},{"not_picked":["Second Wind+1","Headbutt","Shrug It Off+1"],"picked":"SKIP","floor":23},{"not_picked":["Armaments+1","Flame Barrier+1"],"picked":"Shockwave+1","floor":25},{"not_picked":["Dual Wield+1","Pummel","Iron Wave+1","Reckless Charge+1"],"picked":"SKIP","floor":27},{"not_picked":["Pommel Strike","Warcry+1","Bludgeon"],"picked":"Rage+1","floor":29},{"not_picked":["Havoc+1","Cleave+1","Shrug It Off+1"],"picked":"Anger+1","floor":31},{"not_picked":["Impervious+1","Brutality","Berserk"],"picked":"Double Tap+1","floor":33},{"not_picked":["Uppercut+1","True Grit+1","Power Through+1"],"picked":"Armaments+1","floor":35},{"not_picked":["Havoc+1","Carnage+1","Armaments+1"],"picked":"Heavy Blade+1","floor":37},{"not_picked":["Pummel","Reckless Charge","Clothesline+1","Headbutt"],"picked":"SKIP","floor":39},{"not_picked":["Anger+1","Sentinel+1","Blood for Blood","Perfected Strike"],"picked":"Singing Bowl","floor":40},{"not_picked":["Shrug It Off+1","Wild Strike+1","Anger","Sword Boomerang"],"picked":"Singing Bowl","floor":44},{"not_picked":["Impatience+1","Magnetism","Secret Weapon+1"],"picked":"Good Instincts+1","floor":46},{"not_picked":["Dual Wield+1","Sword Boomerang","Immolate","Wild Strike+1"],"picked":"Singing Bowl","floor":47}],"player_experience":607250,"relics_obtained":[{"floor":7,"key":"Toxic Egg 2"},{"floor":9,"key":"Bag of Marbles"},{"floor":12,"key":"Boot"},{"floor":14,"key":"Magic Flower"},{"floor":23,"key":"Ancient Tea Set"},{"floor":25,"key":"Turnip"},{"floor":26,"key":"Question Card"},{"floor":31,"key":"Anchor"},{"floor":37,"key":"Ginger"},{"floor":40,"key":"Singing Bowl"},{"floor":47,"key":"Mummified Hand"}],"event_choices":[{"damage_healed":0,"gold_gain":0,"player_choice":"Success","damage_taken":3,"relics_obtained":["Bag of Preparation"],"max_hp_gain":0,"max_hp_loss":0,"event_name":"Scrap Ooze","floor":5,"gold_loss":0},{"damage_healed":0,"gold_gain":0,"player_choice":"Obtained Relic","damage_taken":0,"relics_obtained":["War Paint"],"max_hp_gain":0,"max_hp_loss":0,"event_name":"Addict","floor":19,"gold_loss":85},{"damage_healed":0,"gold_gain":0,"player_choice":"Bought 0 Potions","damage_taken":0,"max_hp_gain":0,"max_hp_loss":0,"event_name":"The Woman in Blue","floor":21,"gold_loss":0},{"damage_healed":0,"gold_gain":0,"player_choice":"Ignored","damage_taken":0,"max_hp_gain":0,"max_hp_loss":0,"event_name":"Tomb of Lord Red Mask","floor":36,"gold_loss":0},{"damage_healed":0,"gold_gain":0,"player_choice":"Fight","damage_taken":0,"max_hp_gain":0,"max_hp_loss":0,"event_name":"MindBloom","floor":37,"gold_loss":0},{"cards_removed":["Strike_R"],"damage_healed":0,"gold_gain":0,"player_choice":"Removed Attack","damage_taken":0,"max_hp_gain":0,"max_hp_loss":0,"event_name":"Falling","floor":42,"gold_loss":0},{"damage_healed":0,"gold_gain":0,"player_choice":"Memory 1","damage_taken":0,"max_hp_gain":0,"max_hp_loss":0,"event_name":"SensoryStone","floor":46,"gold_loss":0}],"is_beta":false,"boss_relics":[{"not_picked":["Runic Cube","Orrery"],"picked":"Fusion Hammer"},{"not_picked":["Cursed Key","Coffee Dripper"],"picked":"Runic Pyramid"}],"items_purged_floors":[22,38],"is_endless":false,"potions_floor_spawned":[1,12,14,16,18,23,31,33,35,37,40,47],"killed_by":"Shield and Spear","ascension_level":5}