{"gold_per_floor":[12,12,22,37,2,2,13,13,93,168,168,187,201,230,230,306,306,320,25,25,25,41,41,52,52,52,65,2,65,65,76,76,76],"floor_reached":33,"playtime":3357,"items_purged":[],"score":519,"play_id":"5f8811aa-81ef-401a-ab72-97c749a464ab","local_time":"20190423230544","is_ascension_mode":true,"campfire_choices":[{"data":"Carnage","floor":6.0,"key":"SMITH"},{"data":"Bash","floor":8.0,"key":"SMITH"},{"data":"Intimidate","floor":11.0,"key":"SMITH"},{"data":"Armaments","floor":15,"key":"SMITH"},{"data":"Shrug It Off","floor":23,"key":"SMITH"},{"data":"Disarm","floor":25,"key":"SMITH"},{"floor":30,"key":"REST"},{"floor":32,"key":"REST"}],"neow_cost":"NO_GOLD","seed_source_timestamp":973402785924983,"circlet_count":0,"master_deck":["AscendersBane","Strike_R","Strike_R","Strike_R","Strike_R","Strike_R","Defend_R","Defend_R","Defend_R","Defend_R","Bash+1","Carnage+1","Intimidate+1","Disarm+1","Shrug It Off+1","Armaments+1","Clothesline","Feel No Pain","Exhume","True Grit","Inflame+1","Pommel Strike","Pommel Strike","Inflame+1","Uppercut","Limit Break"],"special_seed":0,"relics":["Black Blood","The Courier","Strawberry","Frozen Egg 2","Mummified Hand","Tiny Chest"],"potions_floor_usage":[14,16,22,27,29],"damage_taken":[{"damage":6.0,"enemies":"Cultist","floor":1.0,"turns":3.0},{"damage":7.0,"enemies":"2 Louse","floor":3.0,"turns":2.0},{"damage":12.0,"enemies":"Jaw Worm","floor":4.0,"turns":4.0},{"damage":12.0,"enemies":"3 Louse","floor":7.0,"turns":4.0},{"damage":2.0,"enemies":"Lots of Slimes","floor":12.0,"turns":6.0},{"damage":3.0,"enemies":"Blue Slaver","floor":13.0,"turns":6.0},{"damage":20,"enemies":"3 Sentries","floor":14,"turns":7},{"damage":23,"enemies":"The Guardian","floor":16,"turns":17},{"damage":17,"enemies":"3 Byrds","floor":18,"turns":10},{"damage":21,"enemies":"Spheric Guardian","floor":22,"turns":14},{"damage":25,"enemies":"Shelled Parasite and Fungi","floor":24,"turns":10},{"damage":32,"enemies":"Cultist and Chosen","floor":27,"turns":11},{"damage":25,"enemies":"Gremlin Leader","floor":29,"turns":8},{"damage":58,"enemies":"3 Cultists","floor":31,"turns":6},{"damage":47,"enemies":"Champ","floor":33,"turns":15}],"seed_played":"7721890553031723771","potions_obtained":[{"floor":1.0,"key":"BloodPotion"},{"floor":3.0,"key":"FearPotion"},{"floor":4.0,"key":"AttackPotion"},{"floor":12.0,"key":"Fire Potion"},{"floor":18,"key":"Regen Potion"},{"floor":24,"key":"Energy Potion"},{"floor":27,"key":"PowerPotion"}],"is_trial":false,"path_per_floor":["M","?","M","M","?","R","M","R","T","?","R","M","M","E","R","B",null,"M","$","?","?","M","R","M","R","T","M","$","E","R","M","R","B"],"character_chosen":"IRONCLAD","items_purchased":["Frozen Egg 2","Inflame+1","Inflame+1"],"campfire_rested":2,"item_purchase_floors":[19,19,28],"current_hp_per_floor":[82,82,81,75,89,89,83,83,83,72,72,76,79,72,72,55,86,79,79,79,79,83,83,68,68,68,46,46,31,59,11,39,0],"gold":76,"neow_bonus":"TWENTY_PERCENT_HP_BONUS","is_prod":false,"is_daily":false,"chose_seed":false,"campfire_upgraded":6,"win_rate":0,"timestamp":1556028344,"path_taken":["M","?","M","M","?","R","M","R","T","?","R","M","M","E","R","BOSS","M","$","?","?","M","R","M","R","T","M","$","E","R","M","R","BOSS"],"build_version":"2019-04-21","purchased_purges":0,"victory":false,"max_hp_per_floor":[89,89,89,89,89,89,89,89,89,89,89,89,89,96,96,96,96,96,96,96,96,96,96,96,96,96,96,96,96,96,96,96,96],"card_choices":[{"not_picked":["Heavy Blade","Warcry"],"picked":"Carnage","floor":1.0},{"not_picked":["Dual Wield","Anger"],"picked":"Intimidate","floor":3.0},{"not_picked":["Rage","Sever Soul"],"picked":"Disarm","floor":4.0},{"not_picked":["Clothesline","Clash"],"picked":"Shrug It Off","floor":7.0},{"not_picked":["Ghostly Armor","Perfected Strike"],"picked":"Armaments","floor":12.0},{"not_picked":["Rage","Headbutt"],"picked":"Clothesline","floor":13.0},{"not_picked":["Havoc","Flex"],"picked":"Feel No Pain","floor":14},{"not_picked":["Brutality","Bludgeon"],"picked":"Exhume","floor":16},{"not_picked":["Wild Strike","Perfected Strike"],"picked":"True Grit","floor":18},{"not_picked":["Headbutt","Bloodletting","Wild Strike"],"picked":"SKIP","floor":22},{"not_picked":["Searing Blow","Armaments"],"picked":"Pommel Strike","floor":24},{"not_picked":["Wild Strike","Armaments"],"picked":"Pommel Strike","floor":27},{"not_picked":["Twin Strike","Armaments"],"picked":"Uppercut","floor":29},{"not_picked":["Fire Breathing+1","Twin Strike"],"picked":"Limit Break","floor":31}],"player_experience":3032186,"relics_obtained":[{"floor":9.0,"key":"The Courier"},{"floor":14,"key":"Strawberry"},{"floor":26,"key":"Mummified Hand"},{"floor":29,"key":"Tiny Chest"}],"event_choices":[{"damage_healed":0.0,"max_hp_gain":0.0,"max_hp_loss":0.0,"gold_gain":0.0,"event_name":"Liars Game","player_choice":"Ignored","floor":2.0,"gold_loss":0.0,"damage_taken":0.0},{"damage_healed":22.0,"max_hp_gain":0.0,"max_hp_loss":0.0,"gold_gain":0.0,"event_name":"The Cleric","player_choice":"Healed","floor":5.0,"gold_loss":35.0,"damage_taken":0.0},{"damage_healed":0.0,"max_hp_gain":0.0,"max_hp_loss":0.0,"gold_gain":75.0,"event_name":"World of Goop","player_choice":"Gather Gold","floor":10.0,"gold_loss":0.0,"damage_taken":11.0},{"damage_healed":0,"gold_gain":0,"player_choice":"Ignored","damage_taken":0,"max_hp_gain":0,"max_hp_loss":0,"event_name":"Vampires","floor":20,"gold_loss":0},{"damage_healed":0,"gold_gain":0,"player_choice":"Ignored","damage_taken":0,"max_hp_gain":0,"max_hp_loss":0,"event_name":"N\u0027loth","floor":21,"gold_loss":0}],"is_beta":true,"boss_relics":[{"not_picked":["Fusion Hammer","Runic Cube"],"picked":"Black Blood"}],"items_purged_floors":[],"is_endless":false,"potions_floor_spawned":[1,3,4,12,18,24,27],"killed_by":"Champ","ascension_level":17}