{"gold_per_floor":[111,128,144,144,155,155,186,186,186,261,261,261,295,178,178,269,269,269,34,34,34,34,34,34,34,34,34,34,34,34,34,34,34,34,34,34,34,34,34,34,34,34,34,34,34,34,34,0,0,0,0,0,0,0,0],"floor_reached":56,"playtime":7487,"items_purged":["Strike_G"],"score":2134,"play_id":"46762e6b-7ea9-4d2c-b760-aca097e51970","local_time":"20190318160257","is_ascension_mode":true,"campfire_choices":[{"data":"Cloak And Dagger","floor":6,"key":"SMITH"},{"floor":8,"key":"REST"},{"floor":12,"key":"REST"},{"data":"Malaise","floor":15,"key":"SMITH"},{"data":"Cloak And Dagger","floor":23,"key":"SMITH"},{"data":"Crippling Poison","floor":25,"key":"SMITH"},{"data":"Acrobatics","floor":28,"key":"SMITH"},{"data":"Venomology","floor":32,"key":"SMITH"},{"data":"Apotheosis","floor":40,"key":"SMITH"},{"floor":47,"key":"RECALL"},{"floor":49,"key":"REST"},{"data":"Calculated Gamble","floor":52,"key":"SMITH"}],"neow_cost":"NONE","seed_source_timestamp":1603439689559530,"circlet_count":0,"master_deck":["AscendersBane","Survivor","Neutralize+1","Cloak And Dagger+1","Crippling Poison+1","Cloak And Dagger+1","Neutralize","Tools of the Trade","Malaise+1","Venomology+1","Footwork+1","Wraith Form v2+1","Well Laid Plans+1","Blur","Corpse Explosion","Outmaneuver+1","Heel Hook","Acrobatics+1","Heel Hook","Well Laid Plans+1","Wraith Form v2+1","Acrobatics+1","Masterful Stab+1","Glass Knife","Deflect","Escape Plan","Endless Agony","Crippling Poison","Storm of Steel","Skewer","Underhanded Strike","Phantasmal Killer","Distraction","Backflip","Dash+1","Panacea","Apotheosis+1","Panache+1","Blur+1","Night Terror","Escape Plan","Calculated Gamble+1","Heel Hook","Cloak And Dagger+1","Dodge and Roll"],"relics":["Ring of the Snake","Ancient Tea Set","Ninja Scroll","Frozen Egg 2","Centennial Puzzle","Ectoplasm","Oddly Smooth Stone","Prayer Wheel","Whetstone","Pandora\u0027s Box","Happy Flower","Meat on the Bone","Bronze Scales","StoneCalendar","Red Mask","Pen Nib"],"potions_floor_usage":[7,7,16,18,20,21,22,24,27,27,27,29,29,30,31,33,33,35,37,46,50,55],"damage_taken":[{"damage":3,"enemies":"Cultist","floor":1,"turns":4},{"damage":0,"enemies":"2 Louse","floor":2,"turns":4},{"damage":5,"enemies":"Jaw Worm","floor":3,"turns":6},{"damage":8,"enemies":"Exordium Wildlife","floor":5,"turns":4},{"damage":27,"enemies":"Gremlin Nob","floor":7,"turns":4},{"damage":27,"enemies":"Lagavulin","floor":13,"turns":14},{"damage":4,"enemies":"The Guardian","floor":16,"turns":22},{"damage":4,"enemies":"Spheric Guardian","floor":18,"turns":11},{"damage":2,"enemies":"3 Byrds","floor":20,"turns":6},{"damage":0,"enemies":"Snecko","floor":21,"turns":13},{"damage":0,"enemies":"Snake Plant","floor":22,"turns":7},{"damage":0,"enemies":"Shelled Parasite and Fungi","floor":24,"turns":8},{"damage":6,"enemies":"Slavers","floor":27,"turns":4},{"damage":11,"enemies":"Gremlin Leader","floor":29,"turns":8},{"damage":0,"enemies":"Snecko","floor":30,"turns":6},{"damage":0,"enemies":"Centurion and Healer","floor":31,"turns":7},{"damage":18,"enemies":"Collector","floor":33,"turns":14},{"damage":0,"enemies":"Orb Walker","floor":35,"turns":3},{"damage":0,"enemies":"3 Shapes","floor":37,"turns":3},{"damage":3,"enemies":"Writhing Mass","floor":39,"turns":7},{"damage":1,"enemies":"Reptomancer","floor":41,"turns":7},{"damage":2,"enemies":"4 Shapes","floor":45,"turns":2},{"damage":0,"enemies":"Giant Head","floor":46,"turns":9},{"damage":6,"enemies":"Awakened One","floor":50,"turns":13},{"damage":0,"enemies":"Shield and Spear","floor":54,"turns":5},{"damage":47,"enemies":"The Heart","floor":55,"turns":12}],"seed_played":"2463708459071710671","potions_obtained":[{"floor":3,"key":"Strength Potion"},{"floor":7,"key":"Fruit Juice"},{"floor":13,"key":"Swift Potion"},{"floor":16,"key":"Ancient Potion"},{"floor":29,"key":"EssenceOfSteel"},{"floor":33,"key":"LiquidBronze"},{"floor":35,"key":"Block Potion"},{"floor":39,"key":"PowerPotion"}],"is_trial":false,"path_per_floor":["M","M","M","?","M","R","E","R","T","?","?","R","E","$","R","B",null,"M","$","M","M","M","R","M","R","T","E","R","E","M","M","R","B",null,"M","?","M","T","M","R","E","?","T","$","M","E","R","?","R","B",null,"R","$","E","B",null],"character_chosen":"THE_SILENT","items_purchased":["Footwork+1","Oddly Smooth Stone","Blur"],"campfire_rested":3,"item_purchase_floors":[14,19,19],"current_hp_per_floor":[56,56,51,51,43,43,21,42,42,31,31,50,23,23,23,19,53,49,49,47,47,47,47,47,47,47,41,41,30,30,30,30,12,51,51,41,41,41,38,38,37,37,37,37,35,35,35,35,54,48,60,60,60,60,25],"gold":0,"neow_bonus":"RANDOM_COMMON_RELIC","is_prod":false,"is_daily":false,"chose_seed":false,"campfire_upgraded":8,"win_rate":0,"timestamp":1552892577,"path_taken":["M","M","?","?","?","R","E","R","T","?","?","R","E","$","R","BOSS","M","$","M","M","M","R","M","R","T","E","R","E","M","M","R","BOSS","M","?","M","?","M","R","E","?","T","?","M","E","R","?","R","BOSS","R","$","E","BOSS"],"build_version":"2019-03-15","purchased_purges":1,"victory":true,"max_hp_per_floor":[66,66,66,66,66,66,71,71,71,71,64,64,64,64,64,64,64,64,64,64,64,64,64,64,64,64,64,64,64,64,64,64,64,64,64,64,64,64,64,64,64,64,64,64,64,64,64,64,64,64,64,64,64,64,64],"card_choices":[{"not_picked":["Deflect","Terror"],"picked":"Cloak And Dagger","floor":1},{"not_picked":["Deflect","Terror"],"picked":"Crippling Poison","floor":2},{"not_picked":["Calculated Gamble","Tactician"],"picked":"Cloak And Dagger","floor":3},{"not_picked":["Skewer","Poisoned Stab"],"picked":"Tools of the Trade","floor":5},{"not_picked":["Outmaneuver","Cloak And Dagger"],"picked":"Malaise","floor":7},{"not_picked":["Dagger Spray","Deadly Poison"],"picked":"Venomology","floor":13},{"not_picked":["Venomology","Storm of Steel"],"picked":"Wraith Form v2+1","floor":16},{"not_picked":["Bane","Deflect"],"picked":"Well Laid Plans+1","floor":18},{"not_picked":["Deadly Poison","Sucker Punch","Deflect"],"picked":"SKIP","floor":20},{"not_picked":["Catalyst","Deflect"],"picked":"Corpse Explosion","floor":21},{"not_picked":["Concentrate","Prepared"],"picked":"Outmaneuver+1","floor":22},{"not_picked":["Cloak And Dagger","Poisoned Stab"],"picked":"Heel Hook","floor":24},{"not_picked":["Dagger Spray","Underhanded Strike"],"picked":"Acrobatics","floor":27},{"not_picked":["Cloak And Dagger","Outmaneuver"],"picked":"Heel Hook","floor":29},{"not_picked":["Dodge and Roll","Setup"],"picked":"Well Laid Plans+1","floor":30},{"not_picked":["Masterful Stab","Caltrops+1"],"picked":"Wraith Form v2+1","floor":30},{"not_picked":["Heel Hook","Poisoned Stab"],"picked":"Acrobatics+1","floor":31},{"not_picked":["Quick Slash","Riddle With Holes"],"picked":"Masterful Stab+1","floor":31},{"not_picked":["Unload","Phantasmal Killer"],"picked":"Glass Knife","floor":33},{"not_picked":["Blade Dance","Flechettes"],"picked":"Backflip","floor":35},{"not_picked":["Bane+1","Deadly Poison"],"picked":"Dash+1","floor":35},{"not_picked":["Finesse","Forethought"],"picked":"Panacea","floor":36},{"not_picked":["The Bomb","Swift Strike"],"picked":"Apotheosis","floor":36},{"not_picked":["Blind","Flash of Steel"],"picked":"Panache+1","floor":36},{"not_picked":["Sucker Punch","Flying Knee+1"],"picked":"Blur+1","floor":37},{"not_picked":["All Out Attack","Poisoned Stab","Dagger Throw"],"picked":"SKIP","floor":37},{"not_picked":["Underhanded Strike+1","Flying Knee+1"],"picked":"Night Terror","floor":39},{"not_picked":["Cloak And Dagger","Dagger Spray"],"picked":"Escape Plan","floor":39},{"not_picked":["Blur","Dash"],"picked":"Calculated Gamble","floor":41},{"not_picked":["Sucker Punch+1","Predator"],"picked":"Heel Hook","floor":45},{"not_picked":["Poisoned Stab+1","Reflex","Deadly Poison"],"picked":"SKIP","floor":45},{"not_picked":["Storm of Steel","Crippling Poison"],"picked":"Cloak And Dagger+1","floor":46},{"not_picked":["Heel Hook+1","Tactician"],"picked":"Dodge and Roll","floor":54}],"player_experience":2698358,"relics_obtained":[{"floor":7,"key":"Ninja Scroll"},{"floor":9,"key":"Frozen Egg 2"},{"floor":13,"key":"Centennial Puzzle"},{"floor":27,"key":"Prayer Wheel"},{"floor":29,"key":"Whetstone"},{"floor":38,"key":"Happy Flower"},{"floor":41,"key":"Meat on the Bone"},{"floor":43,"key":"Bronze Scales"},{"floor":46,"key":"StoneCalendar"},{"floor":54,"key":"Pen Nib"}],"event_choices":[{"damage_healed":0,"gold_gain":0,"player_choice":"1 cards matched","damage_taken":0,"max_hp_gain":0,"max_hp_loss":0,"event_name":"Match and Keep!","floor":4,"gold_loss":0,"cards_obtained":["Neutralize"]},{"damage_healed":0,"gold_gain":75,"player_choice":"Gather Gold","damage_taken":11,"max_hp_gain":0,"max_hp_loss":0,"event_name":"World of Goop","floor":10,"gold_loss":0},{"damage_healed":0,"gold_gain":0,"player_choice":"Lose Max HP","damage_taken":0,"relics_obtained":["Golden Idol"],"max_hp_gain":0,"max_hp_loss":7,"event_name":"Golden Idol","floor":11,"gold_loss":0},{"damage_healed":0,"gold_gain":0,"player_choice":"Memory 3","damage_taken":10,"max_hp_gain":0,"max_hp_loss":0,"event_name":"SensoryStone","floor":36,"gold_loss":0},{"damage_healed":0,"gold_gain":333,"player_choice":"Gave Idol","damage_taken":0,"max_hp_gain":0,"max_hp_loss":0,"event_name":"The Moai Head","floor":42,"relics_lost":["Golden Idol"],"gold_loss":0},{"damage_healed":0,"gold_gain":0,"player_choice":"Paid","damage_taken":0,"relics_obtained":["Red Mask"],"max_hp_gain":0,"max_hp_loss":0,"event_name":"Tomb of Lord Red Mask","floor":48,"gold_loss":34}],"is_beta":true,"boss_relics":[{"not_picked":["White Beast Statue","Black Star"],"picked":"Ectoplasm"},{"not_picked":["Cursed Key","Runic Pyramid"],"picked":"Pandora\u0027s Box"}],"items_purged_floors":[14],"is_endless":false,"potions_floor_spawned":[3,7,13,16,21,24,29,33,35,39,45],"ascension_level":17}