{"gold_per_floor":[369,384,384,402,402,402,428,428,509,528,543,561,561,576,576,576],"floor_reached":16,"playtime":1545,"items_purged":[],"score":182,"play_id":"1068cae0-94c2-4e8a-9de5-3e2130f9731f","local_time":"20190309163103","is_ascension_mode":true,"campfire_choices":[{"data":"Uppercut","floor":6,"key":"SMITH"},{"data":"True Grit","floor":8,"key":"SMITH"},{"data":"Dark Embrace","floor":13,"key":"SMITH"},{"floor":15,"key":"REST"}],"neow_cost":"PERCENT_DAMAGE","seed_source_timestamp":833496552588271,"circlet_count":0,"master_deck":["AscendersBane","Strike_R","Strike_R","Strike_R","Strike_R","Defend_R","Defend_R","Defend_R","Defend_R","Bash","True Grit+1","Uppercut+1","Ghostly Armor","Decay","Shrug It Off","Dropkick","Pommel Strike","Dark Embrace+1","Inflame"],"relics":["Burning Blood","Anchor","Matryoshka"],"potions_floor_usage":[4,16,16],"damage_taken":[{"damage":4,"enemies":"Jaw Worm","floor":1,"turns":4},{"damage":7,"enemies":"2 Louse","floor":2,"turns":4},{"damage":1,"enemies":"Cultist","floor":4,"turns":4},{"damage":28,"enemies":"3 Sentries","floor":7,"turns":13},{"damage":9,"enemies":"Looter","floor":10,"turns":4},{"damage":6,"enemies":"Blue Slaver","floor":11,"turns":6},{"damage":2,"enemies":"Red Slaver","floor":12,"turns":5},{"damage":14,"enemies":"2 Fungi Beasts","floor":14,"turns":8},{"damage":31,"enemies":"Slime Boss","floor":16,"turns":16}],"seed_played":"5076041512360678947","potions_obtained":[{"floor":2,"key":"Fruit Juice"},{"floor":7,"key":"Swift Potion"},{"floor":10,"key":"SpeedPotion"}],"is_trial":false,"path_per_floor":["M","M","?","M","?","R","E","R","T","M","M","M","R","M","R","B"],"character_chosen":"IRONCLAD","items_purchased":[],"campfire_rested":1,"item_purchase_floors":[],"current_hp_per_floor":[52,51,44,54,54,54,32,32,32,29,29,33,33,25,49,18],"gold":576,"neow_bonus":"TWO_FIFTY_GOLD","is_prod":false,"is_daily":false,"chose_seed":false,"campfire_upgraded":3,"win_rate":0,"timestamp":1552116663,"path_taken":["M","M","?","M","?","R","E","R","T","?","M","M","R","M","R","BOSS"],"build_version":"2019-02-06","purchased_purges":0,"victory":false,"max_hp_per_floor":[75,75,75,80,80,80,80,80,80,80,80,80,80,80,80,80],"card_choices":[{"not_picked":["Armaments","Warcry"],"picked":"True Grit","floor":1},{"not_picked":["Entrench","Iron Wave"],"picked":"Uppercut","floor":2},{"not_picked":["Cleave","Headbutt"],"picked":"Ghostly Armor","floor":4},{"not_picked":["Clothesline","True Grit"],"picked":"Shrug It Off","floor":7},{"not_picked":["Seeing Red","Fire Breathing"],"picked":"Dropkick","floor":10},{"not_picked":["Clash","Warcry"],"picked":"Pommel Strike","floor":11},{"not_picked":["Bloodletting","True Grit"],"picked":"Dark Embrace","floor":12},{"not_picked":["Thunderclap","Intimidate"],"picked":"Inflame","floor":14}],"player_experience":2661521,"relics_obtained":[{"floor":7,"key":"Anchor"},{"floor":9,"key":"Matryoshka"}],"event_choices":[{"cards_removed":["Strike_R"],"damage_healed":0,"gold_gain":0,"player_choice":"Card Removal","damage_taken":7,"max_hp_gain":0,"max_hp_loss":0,"event_name":"Golden Wing","floor":3,"gold_loss":0},{"damage_healed":0,"gold_gain":0,"player_choice":"Cursed","damage_taken":0,"max_hp_gain":0,"max_hp_loss":0,"event_name":"Wheel of Change","floor":5,"gold_loss":0,"cards_obtained":["Decay"]}],"is_beta":true,"boss_relics":[],"items_purged_floors":[],"is_endless":false,"potions_floor_spawned":[2,7,10,14],"killed_by":"Slime Boss","ascension_level":15}