{"gold_per_floor":[113,113,130,130,130,160,160,179,179,179,207,219,275,293,293,370,370,380,398,398,398,156,156,182,198,198,198,218,8,8,8,8,83,83,97,97,497,497,497,497],"floor_reached":40,"playtime":1286,"items_purged":["Strike_B"],"score":820,"play_id":"69b626e2-25ac-4545-862b-7cd88c916ad0","local_time":"20190525023639","is_ascension_mode":true,"campfire_choices":[{"data":"Dualcast","floor":7.0,"key":"SMITH"},{"floor":10.0,"key":"REST"},{"data":"Capacitor","floor":15.0,"key":"SMITH"},{"data":"Hyperbeam","floor":23.0,"key":"SMITH"},{"floor":27.0,"key":"REST"},{"data":"Turbo","floor":30.0,"key":"SMITH"},{"data":"Echo Form","floor":32.0,"key":"SMITH"}],"neow_cost":"NONE","seed_source_timestamp":182305951042900,"circlet_count":0,"master_deck":["AscendersBane","Strike_B+1","Defend_B","Defend_B","Defend_B","Defend_B","Zap","Dualcast+1","Echo Form+1","Ball Lightning+1","Ball Lightning","Glacier","Capacitor+1","Genetic Algorithm","Coolheaded","Turbo+1","Hyperbeam+1","Self Repair","Seek+1","White Noise","Streamline+1","Capacitor","Meteor Strike","Turbo+1","Undo","Decay"],"special_seed":0,"relics":["Cracked Core","NlothsMask","Symbiotic Virus","Centennial Puzzle","Unceasing Top","Tiny Chest","Philosopher\u0027s Stone","Whetstone","Happy Flower","FossilizedHelix","Lee\u0027s Waffle","Cursed Key","Old Coin"],"potions_floor_usage":[],"damage_taken":[{"damage":6.0,"enemies":"Cultist","floor":1.0,"turns":3.0},{"damage":0.0,"enemies":"Small Slimes","floor":3.0,"turns":2.0},{"damage":8.0,"enemies":"Gremlin Nob","floor":6.0,"turns":3.0},{"damage":0.0,"enemies":"2 Louse","floor":8.0,"turns":2.0},{"damage":20.0,"enemies":"3 Sentries","floor":11.0,"turns":5.0},{"damage":3.0,"enemies":"Blue Slaver","floor":12.0,"turns":4.0},{"damage":0.0,"enemies":"Exordium Wildlife","floor":14.0,"turns":2.0},{"damage":8.0,"enemies":"The Guardian","floor":16.0,"turns":12.0},{"damage":5.0,"enemies":"Spheric Guardian","floor":18.0,"turns":5.0},{"damage":1.0,"enemies":"Shell Parasite","floor":19.0,"turns":10.0},{"damage":31.0,"enemies":"Gremlin Leader","floor":24.0,"turns":6.0},{"damage":48.0,"enemies":"Cultist and Chosen","floor":25.0,"turns":7.0},{"damage":28.0,"enemies":"Snake Plant","floor":28.0,"turns":5.0},{"damage":3.0,"enemies":"Collector","floor":33.0,"turns":9.0},{"damage":0.0,"enemies":"3 Shapes","floor":35.0,"turns":6.0},{"damage":13.0,"enemies":"Mind Bloom Boss Battle","floor":37.0,"turns":5.0},{"damage":100,"enemies":"Giant Head","floor":40,"turns":7}],"seed_played":"1295797314473211526","potions_obtained":[{"floor":3.0,"key":"Block Potion"},{"floor":11.0,"key":"LiquidBronze"},{"floor":12.0,"key":"AttackPotion"},{"floor":18.0,"key":"EssenceOfSteel"},{"floor":19.0,"key":"PowerPotion"},{"floor":28.0,"key":"EssenceOfSteel"},{"floor":33.0,"key":"Ancient Potion"}],"is_trial":false,"path_per_floor":["M","?","M","?","?","E","R","M","T","R","E","M","T","M","R","B",null,"M","M","?","?","$","R","E","M","T","R","M","$","R","$","R","B",null,"M","$","?","T","?","E"],"character_chosen":"DEFECT","items_purchased":["Whetstone","Lee\u0027s Waffle"],"campfire_rested":2,"item_purchase_floors":[22,29],"current_hp_per_floor":[58,58,58,47,40,32,32,32,32,53,33,30,30,30,30,22,59,54,67,67,67,67,67,50,9,9,30,16,78,78,78,78,78,78,78,78,72,72,72,0],"gold":497,"neow_bonus":"ONE_RANDOM_RARE_CARD","is_prod":false,"is_daily":false,"chose_seed":false,"campfire_upgraded":5,"win_rate":0,"timestamp":1558719399,"path_taken":["M","?","?","?","?","E","R","M","T","R","E","M","?","M","R","BOSS","M","M","?","?","$","R","E","?","T","R","?","$","R","?","R","BOSS","M","$","?","?","?","E"],"build_version":"2019-01-23","purchased_purges":1,"victory":false,"max_hp_per_floor":[71,71,71,71,71,71,71,71,71,71,71,71,71,71,71,71,71,71,71,71,71,71,71,71,71,71,71,71,78,78,78,78,78,78,78,78,78,78,78,78],"card_choices":[{"not_picked":["Turbo","Redo"],"picked":"Ball Lightning","floor":1.0},{"not_picked":["Glacier","Hologram"],"picked":"Ball Lightning","floor":3.0},{"not_picked":["Rebound","Seek"],"picked":"Glacier","floor":6.0},{"not_picked":["Stack","Cold Snap"],"picked":"Capacitor","floor":8.0},{"not_picked":["Beam Cell","Hello World"],"picked":"Genetic Algorithm","floor":11.0},{"not_picked":["Go for the Eyes","Compile Driver"],"picked":"Coolheaded","floor":12.0},{"not_picked":["Hologram","Steam Power"],"picked":"Turbo","floor":14.0},{"not_picked":["Biased Cognition","Amplify"],"picked":"Hyperbeam","floor":16.0},{"not_picked":["Hologram","Coolheaded+1"],"picked":"Self Repair","floor":18.0},{"not_picked":["Auto Shields","Ball Lightning"],"picked":"Seek","floor":19.0},{"not_picked":["Reprogram","Self Repair"],"picked":"White Noise","floor":24.0},{"not_picked":["Gash","Reinforced Body"],"picked":"Streamline+1","floor":25.0},{"not_picked":["Storm","Ball Lightning"],"picked":"Capacitor","floor":28.0},{"not_picked":["Machine Learning","Thunder Strike"],"picked":"Meteor Strike","floor":33.0},{"not_picked":["Melter","Conserve Battery"],"picked":"Turbo+1","floor":35.0},{"not_picked":["Darkness+1","Coolheaded"],"picked":"Undo","floor":37.0}],"player_experience":5145279,"relics_obtained":[{"floor":6.0,"key":"Centennial Puzzle"},{"floor":11.0,"key":"Unceasing Top"},{"floor":13.0,"key":"Tiny Chest"},{"floor":24.0,"key":"Happy Flower"},{"floor":26.0,"key":"FossilizedHelix"},{"floor":37.0,"key":"Old Coin"}],"event_choices":[{"damage_healed":0.0,"max_hp_gain":0.0,"max_hp_loss":0.0,"gold_gain":0.0,"event_name":"FaceTrader","player_choice":"Trade","floor":2.0,"gold_loss":0.0,"damage_taken":0.0,"relics_obtained":["NlothsMask"]},{"damage_healed":0.0,"max_hp_gain":0.0,"max_hp_loss":0.0,"gold_gain":0.0,"event_name":"Scrap Ooze","player_choice":"Success","floor":4.0,"gold_loss":0.0,"damage_taken":11.0,"relics_obtained":["Symbiotic Virus"]},{"cards_removed":["Strike_B"],"damage_healed":0.0,"max_hp_gain":0.0,"max_hp_loss":0.0,"gold_gain":0.0,"event_name":"Golden Wing","player_choice":"Card Removal","floor":5.0,"gold_loss":0.0,"damage_taken":7.0},{"damage_healed":0.0,"max_hp_gain":0.0,"max_hp_loss":0.0,"gold_gain":0.0,"event_name":"The Mausoleum","player_choice":"Ignored","floor":20.0,"gold_loss":0.0,"damage_taken":0.0},{"damage_healed":0.0,"max_hp_gain":0.0,"max_hp_loss":0.0,"gold_gain":0.0,"event_name":"Upgrade Shrine","player_choice":"Upgraded","floor":21.0,"gold_loss":0.0,"damage_taken":0.0,"cards_upgraded":["Seek"]},{"damage_healed":0.0,"max_hp_gain":0.0,"max_hp_loss":0.0,"gold_gain":0.0,"event_name":"MindBloom","player_choice":"Fight","floor":37.0,"gold_loss":0.0,"damage_taken":0.0},{"cards_removed":["Strike_B"],"damage_healed":0.0,"max_hp_gain":0.0,"max_hp_loss":0.0,"gold_gain":0.0,"event_name":"Falling","player_choice":"Removed Attack","floor":39.0,"gold_loss":0.0,"damage_taken":0.0}],"is_beta":false,"boss_relics":[{"not_picked":["Lizard Tail","Tiny House"],"picked":"Philosopher\u0027s Stone"},{"not_picked":["Eternal Feather","Astrolabe"],"picked":"Cursed Key"}],"items_purged_floors":[22],"is_endless":false,"potions_floor_spawned":[3,11,12,18,19,28,33],"killed_by":"Giant Head","ascension_level":20}