{"gold_per_floor":[117,130,53,203,214,214,243,258,314,364,28,39,50,70,70,141,141,157,157,174,124,29,29,29],"floor_reached":24,"playtime":759,"items_purged":["Doubt"],"score":347,"play_id":"3b25dd8a-58ec-4aa6-b9bb-e8e18a35abe2","local_time":"20190512133739","is_ascension_mode":true,"campfire_choices":[{"data":"Carnage","floor":6,"key":"SMITH"},{"data":"Demon Form","floor":15,"key":"SMITH"},{"floor":23,"key":"REST"}],"neow_cost":"NONE","seed_source_timestamp":2664099924317259,"circlet_count":0,"master_deck":["AscendersBane","Strike_R","Strike_R","Strike_R","Strike_R","Strike_R","Defend_R","Defend_R","Defend_R","Defend_R","Bash","Seeing Red","Pommel Strike","Carnage+1","Burning Pact","Shrug It Off","Warcry","Metamorphosis+1","Spot Weakness","Demon Form+1","Demon Form","Twin Strike","Warcry","Anger","Shrug It Off","Sentinel","Battle Trance+1","Infernal Blade","Warcry"],"relics":["Burning Blood","NeowsBlessing","Red Skull","Tiny Chest","Orrery","Pear"],"potions_floor_usage":[7,12,13,24],"damage_taken":[{"damage":0,"enemies":"Cultist","floor":1,"turns":1},{"damage":0,"enemies":"2 Louse","floor":2,"turns":1},{"damage":0,"enemies":"Jaw Worm","floor":5,"turns":1},{"damage":32,"enemies":"Gremlin Nob","floor":7,"turns":5},{"damage":8,"enemies":"Red Slaver","floor":8,"turns":3},{"damage":0,"enemies":"Looter","floor":12,"turns":1},{"damage":0,"enemies":"Exordium Wildlife","floor":13,"turns":3},{"damage":0,"enemies":"Large Slime","floor":14,"turns":4},{"damage":64,"enemies":"Hexaghost","floor":16,"turns":8},{"damage":30,"enemies":"Shell Parasite","floor":18,"turns":4},{"damage":19,"enemies":"Spheric Guardian","floor":20,"turns":4},{"damage":18,"enemies":"Snake Plant","floor":24,"turns":2}],"seed_played":"5477966424783464014","potions_obtained":[{"floor":5,"key":"SteroidPotion"},{"floor":7,"key":"SteroidPotion"},{"floor":8,"key":"Fire Potion"},{"floor":16,"key":"Weak Potion"},{"floor":20,"key":"LiquidBronze"}],"is_trial":false,"path_per_floor":["M","M","$","?","M","R","E","M","T","?","$","M","M","M","R","B",null,"M","T","M","?","$","R","M"],"character_chosen":"IRONCLAD","items_purchased":["Carnage","Shrug It Off","Warcry","Metamorphosis","Infernal Blade","Warcry"],"campfire_rested":1,"item_purchase_floors":[3,11,11,11,22,22],"current_hp_per_floor":[74,75,75,75,75,75,49,47,47,47,47,53,59,65,65,7,58,34,44,31,31,31,56,38],"gold":29,"neow_bonus":"THREE_ENEMY_KILL","is_prod":false,"is_daily":false,"chose_seed":false,"campfire_upgraded":2,"win_rate":0,"timestamp":1557657459,"path_taken":["M","M","$","?","M","R","E","M","T","?","$","?","M","M","R","BOSS","M","?","?","?","$","R","?"],"build_version":"2019-01-23","purchased_purges":1,"victory":false,"max_hp_per_floor":[75,75,75,75,75,75,75,75,75,75,75,75,75,75,75,75,75,75,85,85,85,85,85,85],"card_choices":[{"not_picked":["Perfected Strike","Battle Trance"],"picked":"Seeing Red","floor":1},{"not_picked":["Armaments","Rupture"],"picked":"Pommel Strike","floor":2},{"not_picked":["Wild Strike","Metallicize","Sword Boomerang"],"picked":"SKIP","floor":5},{"not_picked":["Rupture","Sword Boomerang"],"picked":"Burning Pact","floor":7},{"not_picked":["Sword Boomerang","Perfected Strike","Entrench"],"picked":"SKIP","floor":8},{"not_picked":["True Grit","Searing Blow","Rupture"],"picked":"SKIP","floor":12},{"not_picked":["Pummel","Armaments"],"picked":"Spot Weakness","floor":13},{"not_picked":["Anger","Power Through"],"picked":"Demon Form","floor":14},{"not_picked":["Brutality","Offering"],"picked":"Demon Form","floor":16},{"not_picked":["True Grit","Armaments"],"picked":"Twin Strike","floor":17},{"not_picked":["Power Through","Body Slam"],"picked":"Warcry","floor":17},{"not_picked":["Perfected Strike","Dual Wield"],"picked":"Anger","floor":17},{"not_picked":["Flex","Battle Trance"],"picked":"Shrug It Off","floor":17},{"not_picked":["Berserk","Wild Strike"],"picked":"Sentinel","floor":18},{"not_picked":["Warcry","Dual Wield"],"picked":"Battle Trance+1","floor":20}],"player_experience":1342587,"relics_obtained":[{"floor":7,"key":"Red Skull"},{"floor":9,"key":"Tiny Chest"},{"floor":19,"key":"Pear"}],"event_choices":[{"damage_healed":0,"gold_gain":150,"player_choice":"AGREE","damage_taken":0,"max_hp_gain":0,"max_hp_loss":0,"event_name":"Liars Game","floor":4,"gold_loss":0,"cards_obtained":["Doubt"]},{"damage_healed":0,"gold_gain":50,"player_choice":"Pray","damage_taken":0,"max_hp_gain":0,"max_hp_loss":0,"event_name":"Golden Shrine","floor":10,"gold_loss":0},{"damage_healed":0,"gold_gain":0,"player_choice":"Upgrade","damage_taken":0,"max_hp_gain":0,"max_hp_loss":0,"event_name":"Designer","floor":21,"gold_loss":50,"cards_upgraded":["Metamorphosis"]}],"is_beta":false,"boss_relics":[{"not_picked":["Velvet Choker","Tiny House"],"picked":"Orrery"}],"items_purged_floors":[11],"is_endless":false,"potions_floor_spawned":[5,7,8,16,20],"killed_by":"Snake Plant","ascension_level":15}