{"gold_per_floor":[118,118,138,7,7,7,7,7,7,23,98,118,118,153,153,231,231,245,245,271,286,286,286,297,309,309,324,324,224,224,99,99,172,172,192,211,229,248,268,268],"floor_reached":40,"playtime":1145,"items_purged":["Strike_B","Strike_B","Strike_B"],"score":876,"play_id":"cee53428-67aa-44fb-be5c-8408dd5f2b33","local_time":"20190326020325","is_ascension_mode":true,"campfire_choices":[{"data":"Darkness","floor":6.0,"key":"SMITH"},{"data":"Hologram","floor":8.0,"key":"SMITH"},{"data":"Skim","floor":13.0,"key":"SMITH"},{"data":"Redo","floor":15.0,"key":"SMITH"},{"data":"Fusion","floor":23.0,"key":"SMITH"},{"floor":28.0,"key":"REST"},{"data":"Defragment","floor":30.0,"key":"SMITH"},{"data":"Dualcast","floor":32.0,"key":"SMITH"}],"neow_cost":"TEN_PERCENT_HP_LOSS","seed_source_timestamp":1043958431092800,"circlet_count":0,"master_deck":["AscendersBane","Defend_B","Defend_B","Defend_B","Zap","Dualcast+1","Darkness+1","Hologram+1","Coolheaded","Turbo","Redo+1","Skim+1","Defragment+1","Multi-Cast","Self Repair","Reboot","Undo","Fusion+1","Compile Driver+1","Leap","Coolheaded+1"],"special_seed":0,"relics":["Cracked Core","Pear","Mummified Hand","Nunchaku","Orrery","Ancient Tea Set","Meat on the Bone","Lizard Tail"],"potions_floor_usage":[37,38],"damage_taken":[{"damage":7.0,"enemies":"Jaw Worm","floor":1.0,"turns":4.0},{"damage":1.0,"enemies":"Cultist","floor":3.0,"turns":3.0},{"damage":6.0,"enemies":"Small Slimes","floor":10.0,"turns":3.0},{"damage":18.0,"enemies":"Exordium Wildlife","floor":12.0,"turns":3.0},{"damage":19.0,"enemies":"3 Sentries","floor":14.0,"turns":6.0},{"damage":0.0,"enemies":"The Guardian","floor":16.0,"turns":7.0},{"damage":7.0,"enemies":"3 Byrds","floor":18.0,"turns":3.0},{"damage":16.0,"enemies":"Shell Parasite","floor":21.0,"turns":5.0},{"damage":20.0,"enemies":"Shelled Parasite and Fungi","floor":24.0,"turns":4.0},{"damage":10.0,"enemies":"Snecko","floor":25.0,"turns":4.0},{"damage":22.0,"enemies":"Sentry and Sphere","floor":27.0,"turns":4.0},{"damage":14.0,"enemies":"Champ","floor":33.0,"turns":8.0},{"damage":44.0,"enemies":"3 Darklings","floor":35.0,"turns":4.0},{"damage":6.0,"enemies":"Orb Walker","floor":36.0,"turns":3.0},{"damage":42,"enemies":"3 Darklings","floor":37,"turns":5},{"damage":40,"enemies":"Jaw Worm Horde","floor":38,"turns":4},{"damage":30,"enemies":"4 Shapes","floor":39,"turns":6},{"damage":82,"enemies":"Nemesis","floor":40,"turns":5}],"seed_played":"400889845154908373","potions_obtained":[{"floor":1.0,"key":"FearPotion"},{"floor":12.0,"key":"FocusPotion"},{"floor":24.0,"key":"Swift Potion"},{"floor":25.0,"key":"Fruit Juice"},{"floor":27.0,"key":"SpeedPotion"},{"floor":33.0,"key":"Fire Potion"},{"floor":37,"key":"AttackPotion"}],"is_trial":false,"path_per_floor":["M","?","M","$","T","R","?","R","T","M","?","M","R","E","R","B",null,"M","?","T","M","?","R","M","M","T","M","R","$","R","$","R","B",null,"M","M","M","M","M","E"],"character_chosen":"DEFECT","items_purchased":["Turbo"],"campfire_rested":1,"item_purchase_floors":[4],"current_hp_per_floor":[57,57,56,56,66,66,66,66,66,60,49,31,31,12,12,12,59,52,52,52,43,43,43,23,25,25,22,45,45,45,45,45,50,72,47,48,25,58,47,0],"gold":268,"neow_bonus":"REMOVE_TWO","is_prod":false,"is_daily":false,"chose_seed":false,"campfire_upgraded":7,"win_rate":0,"timestamp":1553533405,"path_taken":["M","?","M","$","?","R","?","R","T","M","?","M","R","E","R","BOSS","M","?","?","M","?","R","?","M","T","M","R","?","R","$","R","BOSS","M","M","M","M","M","E"],"build_version":"2019-01-23","purchased_purges":3,"victory":false,"max_hp_per_floor":[64,64,64,64,74,74,74,74,74,74,74,74,74,74,74,74,74,74,74,74,74,74,74,74,79,79,79,79,79,79,79,79,79,79,79,79,79,79,79,79],"card_choices":[{"not_picked":["Stack","Hello World"],"picked":"Darkness","floor":1.0},{"not_picked":["Scrape","Turbo"],"picked":"Coolheaded","floor":3.0},{"not_picked":["Capacitor","Cold Snap"],"picked":"Redo","floor":10.0},{"not_picked":["Amplify","Go for the Eyes"],"picked":"Skim","floor":12.0},{"not_picked":["Doom and Gloom","Barrage"],"picked":"Defragment","floor":14.0},{"not_picked":["Seek","Rainbow"],"picked":"Multi-Cast","floor":16.0},{"not_picked":["Conserve Battery","Leap"],"picked":"Self Repair","floor":17.0},{"not_picked":["Consume","Chaos"],"picked":"Reboot","floor":17.0},{"not_picked":["Rebound","Hello World+1","Auto Shields"],"picked":"SKIP","floor":18.0},{"not_picked":["Hello World","Darkness"],"picked":"Fusion","floor":21.0},{"not_picked":["Steam","Stack"],"picked":"Compile Driver+1","floor":24.0},{"not_picked":["Cold Snap+1","Steam","Coolheaded"],"picked":"SKIP","floor":25.0},{"not_picked":["Capacitor","Redo","Blizzard"],"picked":"SKIP","floor":27.0},{"not_picked":["Coolheaded","Beam Cell"],"picked":"Leap","floor":35.0},{"not_picked":["Defragment","Ball Lightning","Beam Cell"],"picked":"SKIP","floor":36.0},{"not_picked":["Coolheaded","Beam Cell","Ball Lightning"],"picked":"SKIP","floor":37},{"not_picked":["Tempest","Ball Lightning+1"],"picked":"Coolheaded+1","floor":38},{"not_picked":["Stack","Self Repair","Compile Driver+1"],"picked":"SKIP","floor":39}],"player_experience":4629112,"relics_obtained":[{"floor":5.0,"key":"Pear"},{"floor":9.0,"key":"Mummified Hand"},{"floor":14.0,"key":"Nunchaku"},{"floor":20.0,"key":"Ancient Tea Set"},{"floor":26.0,"key":"Meat on the Bone"}],"event_choices":[{"damage_healed":0.0,"max_hp_gain":0.0,"max_hp_loss":0.0,"gold_gain":0.0,"event_name":"Match and Keep!","player_choice":"1 cards matched","floor":2.0,"gold_loss":0.0,"damage_taken":0.0,"cards_obtained":["Hologram"]},{"damage_healed":0.0,"max_hp_gain":0.0,"max_hp_loss":0.0,"gold_gain":0.0,"event_name":"Liars Game","player_choice":"Ignored","floor":7.0,"gold_loss":0.0,"damage_taken":0.0},{"damage_healed":0.0,"max_hp_gain":0.0,"max_hp_loss":0.0,"gold_gain":75.0,"event_name":"World of Goop","player_choice":"Gather Gold","floor":11.0,"gold_loss":0.0,"damage_taken":11.0},{"damage_healed":0.0,"max_hp_gain":0.0,"max_hp_loss":0.0,"gold_gain":0.0,"event_name":"The Library","player_choice":"Read","floor":19.0,"gold_loss":0.0,"damage_taken":0.0,"cards_obtained":["Undo"]},{"damage_healed":0.0,"max_hp_gain":0.0,"max_hp_loss":0.0,"gold_gain":0.0,"event_name":"Match and Keep!","player_choice":"0 cards matched","floor":22.0,"gold_loss":0.0,"damage_taken":0.0,"cards_obtained":[]}],"is_beta":false,"boss_relics":[{"not_picked":["Calling Bell","Busted Crown"],"picked":"Orrery"},{"not_picked":["Astrolabe","Cursed Key"],"picked":"Lizard Tail"}],"items_purged_floors":[4,29,31],"is_endless":false,"potions_floor_spawned":[1,12,24,25,27,33,35,37],"killed_by":"Nemesis","ascension_level":20}