{"gold_per_floor":[111,13,29,41,41,69,81,81,108,108,133,133,166,166,166,245,245,262,274,114,134,134],"floor_reached":22,"playtime":1255,"items_purged":[],"score":388,"play_id":"df461c79-a0b1-4f36-8ffb-f9c430ded6aa","local_time":"20190525114607","is_ascension_mode":true,"campfire_choices":[{"floor":8,"key":"REST"},{"floor":10,"key":"REST"},{"data":"Armaments","floor":12,"key":"SMITH"},{"floor":15,"key":"REST"}],"neow_cost":"NONE","seed_source_timestamp":1222077376458,"circlet_count":0,"master_deck":["AscendersBane","Strike_R","Strike_R","Strike_R","Strike_R","Strike_R","Defend_R","Defend_R","Defend_R","Defend_R","Bash","Entrench","Dramatic Entrance","Anger","Clothesline","Armaments+1","Pommel Strike+1","Rage","Immolate","Spot Weakness","Body Slam","Entrench","Flame Barrier","Inflame","Limit Break","Battle Trance+1","Flash of Steel","Warcry","Shrug It Off+1"],"relics":["Burning Blood","NeowsBlessing","Orichalcum","Pen Nib","Regal Pillow","Juzu Bracelet","Orrery"],"potions_floor_usage":[6,6,11,13],"damage_taken":[{"damage":0,"enemies":"Cultist","floor":1,"turns":1},{"damage":0,"enemies":"Jaw Worm","floor":3,"turns":1},{"damage":0,"enemies":"2 Louse","floor":4,"turns":1},{"damage":55,"enemies":"Lagavulin","floor":6,"turns":7},{"damage":0,"enemies":"Exordium Wildlife","floor":7,"turns":2},{"damage":15,"enemies":"3 Sentries","floor":11,"turns":7},{"damage":16,"enemies":"Lagavulin","floor":13,"turns":6},{"damage":61,"enemies":"Hexaghost","floor":16,"turns":12},{"damage":26,"enemies":"Spheric Guardian","floor":18,"turns":5},{"damage":4,"enemies":"Chosen","floor":19,"turns":4},{"damage":11,"enemies":"Centurion and Healer","floor":21,"turns":7},{"damage":46,"enemies":"Sentry and Sphere","floor":22,"turns":7}],"seed_played":"-5574605558903045982","potions_obtained":[{"floor":3,"key":"GamblersBrew"},{"floor":4,"key":"GamblersBrew"},{"floor":7,"key":"SteroidPotion"},{"floor":11,"key":"Block Potion"},{"floor":19,"key":"GamblersBrew"}],"is_trial":false,"path_per_floor":["M","$","M","M","?","E","M","R","T","R","E","R","E","?","R","B",null,"M","M","$","M","M"],"character_chosen":"IRONCLAD","items_purchased":["Dramatic Entrance","Flash of Steel","Warcry"],"campfire_rested":3,"item_purchase_floors":[2,20,20],"current_hp_per_floor":[74,74,75,75,75,26,32,54,54,75,66,66,56,56,75,20,61,41,43,43,38,0],"gold":134,"neow_bonus":"THREE_ENEMY_KILL","is_prod":false,"is_daily":false,"chose_seed":false,"campfire_upgraded":1,"win_rate":0,"timestamp":1558773967,"path_taken":["M","$","M","?","?","E","?","R","T","R","E","R","E","?","R","BOSS","M","M","$","M","M"],"build_version":"2019-01-23","purchased_purges":0,"victory":false,"max_hp_per_floor":[75,75,75,75,75,75,75,75,75,75,75,75,75,75,75,75,75,75,75,75,75,75],"card_choices":[{"not_picked":["Iron Wave","Heavy Blade"],"picked":"Entrench","floor":1},{"not_picked":["Thunderclap","Searing Blow","Power Through"],"picked":"SKIP","floor":3},{"not_picked":["Body Slam","Barricade"],"picked":"Anger","floor":4},{"not_picked":["Clash","Fire Breathing"],"picked":"Clothesline","floor":6},{"not_picked":["Sword Boomerang","Headbutt"],"picked":"Armaments","floor":7},{"not_picked":["Clash","True Grit"],"picked":"Pommel Strike","floor":11},{"not_picked":["Thunderclap","Blood for Blood"],"picked":"Rage","floor":13},{"not_picked":["Brutality","Bludgeon"],"picked":"Immolate","floor":16},{"not_picked":["Body Slam","Perfected Strike"],"picked":"Spot Weakness","floor":17},{"not_picked":["Perfected Strike","Armaments"],"picked":"Body Slam","floor":17},{"not_picked":["Metallicize","Body Slam"],"picked":"Entrench","floor":17},{"not_picked":["Clash","Heavy Blade"],"picked":"Flame Barrier","floor":17},{"not_picked":["Twin Strike","Body Slam"],"picked":"Inflame","floor":17},{"not_picked":["Headbutt+1","Heavy Blade"],"picked":"Limit Break","floor":18},{"not_picked":["Shrug It Off","Anger"],"picked":"Battle Trance+1","floor":19},{"not_picked":["Flame Barrier","Hemokinesis+1"],"picked":"Shrug It Off+1","floor":21}],"player_experience":1400585,"relics_obtained":[{"floor":6,"key":"Orichalcum"},{"floor":9,"key":"Pen Nib"},{"floor":11,"key":"Regal Pillow"},{"floor":13,"key":"Juzu Bracelet"}],"event_choices":[{"damage_healed":0,"gold_gain":0,"player_choice":"Ignored","damage_taken":0,"max_hp_gain":0,"max_hp_loss":0,"event_name":"Purifier","floor":5,"gold_loss":0},{"damage_healed":0,"gold_gain":0,"player_choice":"Grow","damage_taken":0,"max_hp_gain":0,"max_hp_loss":0,"event_name":"Living Wall","floor":14,"gold_loss":0,"cards_upgraded":["Pommel Strike"]}],"is_beta":false,"boss_relics":[{"not_picked":["Calling Bell","Astrolabe"],"picked":"Orrery"}],"items_purged_floors":[],"is_endless":false,"potions_floor_spawned":[3,4,7,11,19],"killed_by":"Sentry and Sphere","ascension_level":18}