{"gold_per_floor":[114,114,132,150,164,164,191,191,215,240,264,307,319,43,43,117,117,131,141,160,160,160,160,175,187,187,187,187,220,288,301,301,373,373,388,402,402,414,414,414,443,456,480,480,496,219,229,229,229,229,229,229,229,14,47,47],"floor_reached":56,"playtime":2845,"items_purged":["Defend_B","Zap"],"score":1888,"play_id":"5ed66b2a-cb47-48b2-ab76-5d9b0d76c6f8","local_time":"20190530031819","is_ascension_mode":true,"campfire_choices":[{"data":"Static Discharge","floor":6.0,"key":"SMITH"},{"floor":8.0,"key":"REST"},{"data":"Double Energy","floor":15.0,"key":"SMITH"},{"data":"Recycle","floor":23.0,"key":"SMITH"},{"data":"Go for the Eyes","floor":28.0,"key":"SMITH"},{"floor":32.0,"key":"RECALL"},{"floor":40.0,"key":"REST"},{"floor":44.0,"key":"REST"},{"floor":49.0,"key":"REST"},{"floor":53.0,"key":"REST"}],"neow_cost":"PERCENT_DAMAGE","seed_source_timestamp":276930890193399,"circlet_count":0,"master_deck":["AscendersBane","Defend_B","Defend_B","Dualcast","Double Energy+1","Go for the Eyes+1","Static Discharge+1","White Noise","Ball Lightning","Turbo","White Noise","Fission+1","Darkness+1","Ball Lightning+1","Recycle+1","Electrodynamics","BootSequence","Meteor Strike","Genetic Algorithm","Genetic Algorithm","Hologram","Seek","Hologram","Blind","Madness","Madness","Coolheaded+1","Double Energy+1","Heatsinks","Hello World","Loop+1"],"special_seed":0,"relics":["Cracked Core","Dead Branch","Smiling Mask","MawBank","Gremlin Horn","DataDisk","Pantograph","Astrolabe","Darkstone Periapt","Bottled Tornado","Molten Egg 2","Fusion Hammer","Pocketwatch","Art of War","DollysMirror","Boot"],"potions_floor_usage":[56,56],"damage_taken":[{"damage":1.0,"enemies":"2 Louse","floor":1.0,"turns":3.0},{"damage":2.0,"enemies":"Jaw Worm","floor":3.0,"turns":4.0},{"damage":0.0,"enemies":"Cultist","floor":4.0,"turns":2.0},{"damage":8.0,"enemies":"Large Slime","floor":5.0,"turns":4.0},{"damage":20.0,"enemies":"Lagavulin","floor":7.0,"turns":4.0},{"damage":9.0,"enemies":"Gremlin Nob","floor":10.0,"turns":3.0},{"damage":4.0,"enemies":"Blue Slaver","floor":11.0,"turns":4.0},{"damage":20.0,"enemies":"3 Sentries","floor":12.0,"turns":3.0},{"damage":12.0,"enemies":"Hexaghost","floor":16.0,"turns":5.0},{"damage":0.0,"enemies":"Spheric Guardian","floor":18.0,"turns":2.0},{"damage":2.0,"enemies":"Shell Parasite","floor":19.0,"turns":2.0},{"damage":6.0,"enemies":"Snake Plant","floor":20.0,"turns":2.0},{"damage":0.0,"enemies":"Sentry and Sphere","floor":24.0,"turns":2.0},{"damage":10.0,"enemies":"Snecko","floor":25.0,"turns":4.0},{"damage":2.0,"enemies":"Book of Stabbing","floor":29.0,"turns":3.0},{"damage":0.0,"enemies":"Chosen and Byrds","floor":31.0,"turns":2.0},{"damage":39.0,"enemies":"Champ","floor":33.0,"turns":7.0},{"damage":0.0,"enemies":"Orb Walker","floor":35.0,"turns":2.0},{"damage":0.0,"enemies":"3 Shapes","floor":36.0,"turns":2.0},{"damage":8.0,"enemies":"Transient","floor":38.0,"turns":6.0},{"damage":3.0,"enemies":"Nemesis","floor":41.0,"turns":7.0},{"damage":41.0,"enemies":"Spire Growth","floor":42.0,"turns":5.0},{"damage":0.0,"enemies":"Sphere and 2 Shapes","floor":45.0,"turns":3.0},{"damage":13.0,"enemies":"Maw","floor":47.0,"turns":5.0},{"damage":67.0,"enemies":"Awakened One","floor":50.0,"turns":9.0},{"damage":3.0,"enemies":"Time Eater","floor":51.0,"turns":23.0},{"damage":59.0,"enemies":"Shield and Spear","floor":55.0,"turns":11.0},{"damage":48,"enemies":"The Heart","floor":56,"turns":3}],"seed_played":"3376979488988697892","potions_obtained":[{"floor":3.0,"key":"Poison Potion"},{"floor":5.0,"key":"Fire Potion"},{"floor":12.0,"key":"FocusPotion"},{"floor":16.0,"key":"Swift Potion"},{"floor":19.0,"key":"FearPotion"},{"floor":29.0,"key":"Ancient Potion"},{"floor":36.0,"key":"Weak Potion"},{"floor":42.0,"key":"EntropicBrew"},{"floor":45.0,"key":"PowerPotion"}],"is_trial":false,"path_per_floor":["M","?","M","M","M","R","E","R","T","E","M","E","?","$","R","B",null,"M","M","M","?","?","R","M","M","T","?","R","E","T","M","R","B",null,"M","M","?","M","?","R","E","M","T","R","M","$","M","?","R","B","B",null,"R","$","E","B"],"character_chosen":"DEFECT","items_purchased":["Pantograph","DollysMirror","LiquidBronze","Hello World"],"campfire_rested":5,"item_purchase_floors":[14,46,54,54],"current_hp_per_floor":[45,68,66,66,58,58,38,59,59,50,46,26,8,8,8,21,59,59,57,51,51,51,51,51,41,41,41,41,39,39,39,39,25,60,60,60,60,52,42,63,60,19,19,40,40,40,27,81,81,14,36,70,81,81,22,0],"gold":47,"neow_bonus":"ONE_RARE_RELIC","is_prod":false,"is_daily":false,"chose_seed":false,"campfire_upgraded":4,"win_rate":0,"timestamp":1559153899,"path_taken":["M","?","M","M","M","R","E","R","T","E","M","E","?","$","R","BOSS","M","M","M","?","?","R","M","?","T","?","R","E","?","M","R","BOSS","M","M","?","M","?","R","E","M","T","R","M","$","M","?","R","BOSS","BOSS","R","$","E","BOSS"],"build_version":"2019-01-23","purchased_purges":2,"victory":false,"max_hp_per_floor":[71,71,71,71,71,71,71,71,71,71,71,71,71,71,71,71,71,71,71,71,71,71,71,71,71,71,71,71,71,71,71,71,71,71,71,71,71,71,71,71,71,71,71,71,71,71,71,81,81,81,81,81,81,81,81,81],"card_choices":[{"not_picked":["Stack","Gash"],"picked":"Double Energy","floor":1.0},{"not_picked":["Ball Lightning","Scrape"],"picked":"Electrodynamics","floor":3.0},{"not_picked":["Leap","Scrape"],"picked":"Go for the Eyes","floor":4.0},{"not_picked":["Gash","Static Discharge","Beam Cell"],"picked":"SKIP","floor":5.0},{"not_picked":["Gash","Beam Cell"],"picked":"Static Discharge","floor":5.0},{"not_picked":["Reinforced Body","Rebound"],"picked":"White Noise","floor":7.0},{"not_picked":["Glacier","Cold Snap"],"picked":"Ball Lightning","floor":10.0},{"not_picked":["Doom and Gloom","Barrage"],"picked":"Turbo","floor":11.0},{"not_picked":["Coolheaded","Stack"],"picked":"White Noise","floor":12.0},{"not_picked":["Thunder Strike","All For One"],"picked":"Fission","floor":16.0},{"not_picked":["Rebound","Streamline"],"picked":"Recycle","floor":18.0},{"not_picked":["Gash","Darkness","Turbo"],"picked":"SKIP","floor":19.0},{"not_picked":["Sunder+1","Cold Snap"],"picked":"Electrodynamics","floor":20.0},{"not_picked":["Conserve Battery","Gash","Steam"],"picked":"SKIP","floor":24.0},{"not_picked":["Conserve Battery","Gash","Steam"],"picked":"SKIP","floor":24.0},{"not_picked":["Turbo","Gash"],"picked":"BootSequence","floor":25.0},{"not_picked":["Rainbow","Darkness"],"picked":"Genetic Algorithm","floor":29.0},{"not_picked":["Ball Lightning+1","Conserve Battery+1"],"picked":"Hologram","floor":31.0},{"not_picked":["Hyperbeam+1","Electrodynamics"],"picked":"Seek","floor":33.0},{"not_picked":["Rebound+1","Ball Lightning+1","Sunder+1"],"picked":"SKIP","floor":35.0},{"not_picked":["Streamline+1","Static Discharge"],"picked":"Hologram","floor":36.0},{"not_picked":["Beam Cell+1","Steam","Streamline+1"],"picked":"SKIP","floor":38.0},{"not_picked":["Good Instincts","Panache"],"picked":"Blind","floor":39.0},{"not_picked":["Good Instincts","Swift Strike+1"],"picked":"Madness","floor":39.0},{"not_picked":["Finesse","Transmutation"],"picked":"Madness","floor":39.0},{"not_picked":["Beam Cell+1","Melter+1","Gash+1"],"picked":"SKIP","floor":41.0},{"not_picked":["Redo","Leap+1"],"picked":"Coolheaded+1","floor":42.0},{"not_picked":["Defragment","Gash+1","Steam"],"picked":"SKIP","floor":45.0},{"not_picked":["Electrodynamics","Hologram"],"picked":"Heatsinks","floor":47.0},{"not_picked":["Self Repair","Redo"],"picked":"Loop+1","floor":55.0}],"player_experience":5201804,"relics_obtained":[{"floor":7.0,"key":"Smiling Mask"},{"floor":10.0,"key":"MawBank"},{"floor":12.0,"key":"Gremlin Horn"},{"floor":26.0,"key":"Darkstone Periapt"},{"floor":29.0,"key":"Bottled Tornado"},{"floor":30.0,"key":"Molten Egg 2"},{"floor":41.0,"key":"Pocketwatch"},{"floor":43.0,"key":"Art of War"},{"floor":55.0,"key":"Boot"}],"event_choices":[{"damage_healed":23.0,"max_hp_gain":0.0,"max_hp_loss":0.0,"gold_gain":0.0,"event_name":"Big Fish","player_choice":"Banana","floor":2.0,"gold_loss":0.0,"damage_taken":0.0},{"damage_healed":0.0,"max_hp_gain":0.0,"max_hp_loss":0.0,"gold_gain":0.0,"event_name":"Scrap Ooze","player_choice":"Success","floor":13.0,"gold_loss":0.0,"damage_taken":18.0,"relics_obtained":["DataDisk"]},{"damage_healed":0.0,"max_hp_gain":0.0,"max_hp_loss":0.0,"gold_gain":0.0,"event_name":"Ghosts","player_choice":"Ignored","floor":21.0,"gold_loss":0.0,"damage_taken":0.0},{"damage_healed":0.0,"max_hp_gain":0.0,"max_hp_loss":0.0,"gold_gain":0.0,"event_name":"Upgrade Shrine","player_choice":"Upgraded","floor":22.0,"gold_loss":0.0,"damage_taken":0.0,"cards_upgraded":["Fission"]},{"damage_healed":0.0,"max_hp_gain":0.0,"max_hp_loss":0.0,"gold_gain":0.0,"cards_transformed":["Strike_B","Strike_B"],"event_name":"Drug Dealer","player_choice":"Became Test Subject","floor":27.0,"gold_loss":0.0,"damage_taken":0.0,"cards_obtained":["Meteor Strike","Genetic Algorithm"]},{"cards_removed":["Sunder"],"damage_healed":0.0,"max_hp_gain":0.0,"max_hp_loss":0.0,"gold_gain":0.0,"event_name":"Falling","player_choice":"Removed Attack","floor":37.0,"gold_loss":0.0,"damage_taken":0.0},{"damage_healed":0.0,"max_hp_gain":0.0,"max_hp_loss":0.0,"gold_gain":0.0,"event_name":"SensoryStone","player_choice":"Memory 3","floor":39.0,"gold_loss":0.0,"damage_taken":10.0},{"cards_removed":["Electrodynamics"],"damage_healed":44.0,"max_hp_gain":10.0,"max_hp_loss":0.0,"gold_gain":0.0,"event_name":"Bonfire Elementals","player_choice":"Offered Rare","floor":48.0,"gold_loss":0.0,"damage_taken":0.0}],"is_beta":false,"boss_relics":[{"not_picked":["Eternal Feather","White Beast Statue"],"picked":"Astrolabe"},{"not_picked":["Velvet Choker","Nuclear Battery"],"picked":"Fusion Hammer"}],"items_purged_floors":[46,54],"is_endless":false,"potions_floor_spawned":[3,5,12,16,19,29,33,36,42,45],"killed_by":"The Heart","ascension_level":20}