{"gold_per_floor":[19,19,33,51,63,63,79,79,79,4,21,21],"floor_reached":12,"playtime":401,"items_purged":["Pain"],"score":126,"play_id":"6bccc88f-218c-49f5-bce8-584b20a17551","local_time":"20181126193329","is_ascension_mode":true,"campfire_choices":[{"data":"Zap","floor":6.0,"key":"SMITH"}],"neow_cost":"NO_GOLD","seed_source_timestamp":1117415391135,"circlet_count":0,"master_deck":["AscendersBane","Strike_B","Strike_B","Strike_B","Strike_B","Defend_B","Defend_B","Defend_B","Defend_B","Zap+1","Dualcast","Reinforced Body","Streamline","Genetic Algorithm","Streamline","Thunder Strike","Loop"],"special_seed":0,"relics":["Cracked Core","Pocketwatch","CultistMask","WarpedTongs","Dodecahedron"],"potions_floor_usage":[12],"damage_taken":[{"damage":1.0,"enemies":"Cultist","floor":1.0,"turns":3.0},{"damage":3.0,"enemies":"Small Slimes","floor":3.0,"turns":3.0},{"damage":0.0,"enemies":"2 Louse","floor":4.0,"turns":3.0},{"damage":0.0,"enemies":"2 Fungi Beasts","floor":5.0,"turns":3.0},{"damage":42,"enemies":"Exordium Thugs","floor":7,"turns":3},{"damage":9,"enemies":"Red Slaver","floor":11,"turns":3},{"damage":15,"enemies":"2 Fungi Beasts","floor":12,"turns":2}],"seed_played":"3791008464487603633","potions_obtained":[{"floor":4.0,"key":"Swift Potion"},{"floor":5.0,"key":"Ancient Potion"}],"is_trial":false,"path_per_floor":["M","?","M","M","M","R","M","?","T","$","M","M"],"character_chosen":"DEFECT","items_purchased":[],"campfire_rested":0,"item_purchase_floors":[],"current_hp_per_floor":[63,63,60,60,60,60,18,18,18,18,9,0],"gold":21,"neow_bonus":"ONE_RARE_RELIC","is_prod":false,"is_daily":false,"chose_seed":false,"campfire_upgraded":1,"win_rate":0,"timestamp":1543228409,"path_taken":["M","?","M","?","M","R","M","?","T","$","M","?"],"build_version":"2018-11-15","purchased_purges":1,"victory":false,"max_hp_per_floor":[71,71,71,71,71,71,71,71,71,71,71,71],"card_choices":[{"not_picked":["Beam Cell","Hologram"],"picked":"Reinforced Body","floor":1.0},{"not_picked":["Beam Cell","Sweeping Beam"],"picked":"Streamline","floor":3.0},{"not_picked":["BootSequence","Ball Lightning"],"picked":"Genetic Algorithm","floor":4.0},{"not_picked":["Redo","Compile Driver"],"picked":"Streamline","floor":5.0},{"not_picked":["Conserve Battery","Fusion"],"picked":"Thunder Strike","floor":7},{"not_picked":["Beam Cell","Stack"],"picked":"Loop","floor":11}],"player_experience":2458784,"relics_obtained":[{"floor":9,"key":"Dodecahedron"}],"event_choices":[{"damage_healed":0.0,"max_hp_gain":0.0,"max_hp_loss":0.0,"gold_gain":0.0,"event_name":"FaceTrader","player_choice":"Trade","floor":2.0,"gold_loss":0.0,"damage_taken":0.0,"relics_obtained":["CultistMask"]},{"damage_healed":0,"gold_gain":0,"player_choice":"Rummage","damage_taken":0,"relics_obtained":["WarpedTongs"],"max_hp_gain":0,"max_hp_loss":0,"event_name":"Accursed Blacksmith","floor":8,"gold_loss":0,"cards_obtained":["Pain"]}],"is_beta":true,"boss_relics":[],"items_purged_floors":[10],"is_endless":false,"potions_floor_spawned":[4,5],"killed_by":"2 Fungi Beasts","ascension_level":15}