{"gold_per_floor":[13,32,32,45,64,64,95,95,142,155,135],"floor_reached":11,"playtime":321,"items_purged":[],"score":150,"play_id":"e85a0826-8733-4a43-b19b-6bb0d71da92b","local_time":"20190309011803","is_ascension_mode":true,"campfire_choices":[{"data":"Zap","floor":6.0,"key":"SMITH"}],"neow_cost":"NO_GOLD","seed_source_timestamp":114272971830300,"circlet_count":0,"master_deck":["AscendersBane","Strike_B","Strike_B","Strike_B","Defend_B","Defend_B","Defend_B","Zap+1","Dualcast","Streamline","Leap","Auto Shields","Gash","Ball Lightning","Consume","Conserve Battery"],"special_seed":0,"relics":["Cracked Core","Matryoshka","Vajra","Omamori"],"potions_floor_usage":[11],"damage_taken":[{"damage":2.0,"enemies":"Small Slimes","floor":1.0,"turns":3.0},{"damage":1.0,"enemies":"Cultist","floor":2.0,"turns":3.0},{"damage":1.0,"enemies":"2 Louse","floor":4.0,"turns":2.0},{"damage":13.0,"enemies":"Blue Slaver","floor":5.0,"turns":3.0},{"damage":20.0,"enemies":"3 Sentries","floor":7.0,"turns":7.0},{"damage":19,"enemies":"Exordium Wildlife","floor":10,"turns":3},{"damage":16,"enemies":"Exordium Thugs","floor":11,"turns":1}],"seed_played":"-4733945013522742559","potions_obtained":[{"floor":2.0,"key":"Poison Potion"},{"floor":7.0,"key":"SkillPotion"}],"is_trial":false,"path_per_floor":["M","M","?","M","M","R","E","?","T","M","M"],"character_chosen":"DEFECT","items_purchased":[],"campfire_rested":0,"item_purchase_floors":[],"current_hp_per_floor":[62,61,66,65,52,52,32,32,32,13,0],"gold":135,"neow_bonus":"REMOVE_TWO","is_prod":false,"is_daily":false,"chose_seed":false,"campfire_upgraded":1,"win_rate":0,"timestamp":1552061883,"path_taken":["M","M","?","M","M","R","E","?","T","?","M"],"build_version":"2019-01-23","purchased_purges":0,"victory":false,"max_hp_per_floor":[71,71,76,76,76,76,76,76,76,76,76],"card_choices":[{"not_picked":["Conserve Battery","Self Repair"],"picked":"Streamline","floor":1.0},{"not_picked":["Force Field","Redo"],"picked":"Leap","floor":2.0},{"not_picked":["Beam Cell","Undo"],"picked":"Auto Shields","floor":4.0},{"not_picked":["Cold Snap","Steam"],"picked":"Gash","floor":5.0},{"not_picked":["Meteor Strike","Scrape"],"picked":"Ball Lightning","floor":7.0},{"not_picked":["White Noise","Go for the Eyes"],"picked":"Conserve Battery","floor":10}],"player_experience":4497958,"relics_obtained":[{"floor":7.0,"key":"Matryoshka"},{"floor":9,"key":"Vajra"},{"floor":9,"key":"Omamori"}],"event_choices":[{"damage_healed":0.0,"max_hp_gain":5.0,"max_hp_loss":0.0,"gold_gain":0.0,"event_name":"Big Fish","player_choice":"Donut","floor":3.0,"gold_loss":0.0,"damage_taken":0.0},{"damage_healed":0,"gold_gain":0,"player_choice":"1 cards matched","damage_taken":0,"max_hp_gain":0,"max_hp_loss":0,"event_name":"Match and Keep!","floor":8,"gold_loss":0,"cards_obtained":["Consume"]}],"is_beta":false,"boss_relics":[],"items_purged_floors":[],"is_endless":false,"potions_floor_spawned":[2,7],"killed_by":"Exordium Thugs","ascension_level":20}