{"gold_per_floor":[119,129,139,155,165,165,197,247,270,270,286,300,335,335,335,409,409,427,427,439,439],"floor_reached":21,"playtime":776,"items_purged":[],"score":486,"play_id":"dfd4fbb1-092f-4409-b46b-17c82d752ebe","local_time":"20190528000558","is_ascension_mode":true,"campfire_choices":[{"data":"Lockon","floor":6,"key":"SMITH"},{"floor":10,"key":"REST"},{"floor":15,"key":"REST"}],"neow_cost":"TEN_PERCENT_HP_LOSS","seed_source_timestamp":95023752972000,"circlet_count":0,"master_deck":["AscendersBane","Strike_B","Strike_B","Strike_B","Defend_B","Defend_B","Defend_B","Defend_B","Zap","Dualcast","Streamline","Ball Lightning","Lockon+1","Ball Lightning","Rainbow","Leap","Cold Snap","Hyperbeam","Echo Form","Core Surge","Hologram","Chill"],"special_seed":0,"relics":["Cracked Core","StoneCalendar","Orichalcum","Art of War","Black Star"],"potions_floor_usage":[5,5,16,16],"damage_taken":[{"damage":1.0,"enemies":"Cultist","floor":1.0,"turns":3.0},{"damage":7.0,"enemies":"Jaw Worm","floor":2.0,"turns":3.0},{"damage":4.0,"enemies":"Small Slimes","floor":3.0,"turns":3.0},{"damage":11,"enemies":"Blue Slaver","floor":4,"turns":4},{"damage":2,"enemies":"Gremlin Gang","floor":5,"turns":3},{"damage":16,"enemies":"3 Sentries","floor":7,"turns":5},{"damage":10,"enemies":"Exordium Thugs","floor":11,"turns":4},{"damage":7,"enemies":"Lots of Slimes","floor":12,"turns":3},{"damage":18,"enemies":"Lagavulin","floor":13,"turns":7},{"damage":0,"enemies":"Slime Boss","floor":16,"turns":6},{"damage":37,"enemies":"Shell Parasite","floor":18,"turns":6},{"damage":11,"enemies":"Spheric Guardian","floor":20,"turns":4},{"damage":8,"enemies":"Centurion and Healer","floor":21,"turns":1}],"seed_played":"9091905526762659754","potions_obtained":[{"floor":1.0,"key":"SkillPotion"},{"floor":2.0,"key":"Energy Potion"},{"floor":5,"key":"FearPotion"},{"floor":7,"key":"Poison Potion"},{"floor":16,"key":"LiquidBronze"}],"is_trial":false,"path_per_floor":["M","M","M","M","M","R","E","?","T","R","M","M","E","?","R","B",null,"M","?","M","M"],"character_chosen":"DEFECT","items_purchased":[],"campfire_rested":2,"item_purchase_floors":[],"current_hp_per_floor":[63,56,52,41,39,39,23,23,23,42,32,25,7,7,26,26,55,18,18,7,0],"gold":439,"neow_bonus":"ONE_RARE_RELIC","is_prod":false,"is_daily":false,"chose_seed":false,"campfire_upgraded":1,"win_rate":0,"timestamp":1558969558,"path_taken":["M","M","M","?","M","R","E","?","T","R","?","M","E","?","R","BOSS","M","?","M","M"],"build_version":"2019-01-23","purchased_purges":0,"victory":false,"max_hp_per_floor":[64,64,64,64,64,64,64,64,64,64,64,64,64,64,64,64,64,64,64,64,64],"card_choices":[{"not_picked":["Double Energy","Hologram"],"picked":"Streamline","floor":1.0},{"not_picked":["Compile Driver","BootSequence"],"picked":"Ball Lightning","floor":2.0},{"not_picked":["Compile Driver","Stack"],"picked":"Lockon","floor":3},{"not_picked":["Streamline","Beam Cell"],"picked":"Ball Lightning","floor":4},{"not_picked":["Rebound","Leap"],"picked":"Rainbow","floor":5},{"not_picked":["Conserve Battery","Skim"],"picked":"Leap","floor":7},{"not_picked":["Ball Lightning","Coolheaded"],"picked":"Cold Snap","floor":11},{"not_picked":["Force Field","Static Discharge"],"picked":"Hyperbeam","floor":12},{"not_picked":["Reinforced Body","Sweeping Beam"],"picked":"Echo Form","floor":13},{"not_picked":["All For One","Thunder Strike"],"picked":"Core Surge","floor":16},{"not_picked":["Fusion","Skim"],"picked":"Hologram","floor":18},{"not_picked":["Genetic Algorithm","Beam Cell"],"picked":"Chill","floor":20}],"player_experience":5171035,"relics_obtained":[{"floor":7,"key":"Orichalcum"},{"floor":13,"key":"Art of War"}],"event_choices":[{"damage_healed":0,"gold_gain":50,"player_choice":"Pray","damage_taken":0,"max_hp_gain":0,"max_hp_loss":0,"event_name":"Golden Shrine","floor":8,"gold_loss":0},{"cards_removed":["Strike_B"],"damage_healed":0,"gold_gain":0,"player_choice":"Forget","damage_taken":0,"max_hp_gain":0,"max_hp_loss":0,"event_name":"Living Wall","floor":14,"gold_loss":0},{"damage_healed":0,"gold_gain":0,"player_choice":"Ignored","damage_taken":0,"max_hp_gain":0,"max_hp_loss":0,"event_name":"N\u0027loth","floor":19,"gold_loss":0}],"is_beta":false,"boss_relics":[{"not_picked":["Eternal Feather","Runic Dome"],"picked":"Black Star"}],"items_purged_floors":[],"is_endless":false,"potions_floor_spawned":[1,2,5,7,16],"killed_by":"Centurion and Healer","ascension_level":20}