{"gold_per_floor":[364,380,4,19,19,54,74,86,168,186,261,261,295,11,11,85,85,97,117,127,144,144,170,170,204,204,224,250,15,15,32,32,107,107,122,8,21,21,21,50,150,150,200,226,226,226,226,237,237,237,237],"floor_reached":52,"playtime":4477,"items_purged":[],"score":2270,"play_id":"19acb623-b9b8-4af6-b4d8-c328396d4000","local_time":"20190602153548","is_ascension_mode":true,"campfire_choices":[{"floor":15.0,"key":"REST"},{"floor":24.0,"key":"REST"},{"floor":30.0,"key":"REST"},{"floor":32.0,"key":"REST"},{"floor":42,"key":"REST"},{"floor":45,"key":"REST"},{"floor":47,"key":"REST"},{"data":"Jack Of All Trades","floor":49,"key":"SMITH"}],"neow_cost":"CURSE","seed_source_timestamp":603983335141153,"circlet_count":0,"master_deck":["AscendersBane","Bash","Parasite","Corruption","Sentinel","Burning Pact","Ghostly Armor","Warcry","Burning Pact","Infernal Blade","Flex","Flame Barrier","Good Instincts","Havoc","Exhume","Warcry","Warcry","Pommel Strike","Exhume","Spot Weakness+1","Pummel+1","Intimidate","Feel No Pain","Rage","Shockwave","Seeing Red","Corruption","Double Tap","Magnetism","Warcry","Spot Weakness","Inflame","Juggernaut","Battle Trance","Sever Soul","Thunderclap","Fiend Fire","Uppercut","Uppercut","Searing Blow","Flame Barrier","Perfected Strike","Ghostly Armor","Corruption","Havoc","Body Slam+1","Purity","Jack Of All Trades+1","Infernal Blade","Shrug It Off+1","Ghostly Armor","Havoc","Pommel Strike+1","Dropkick"],"special_seed":0,"relics":["Burning Blood","Dead Branch","Dream Catcher","Shuriken","The Courier","Peace Pipe","Anchor","Orrery","MutagenicStrength","Blood Vial","Pen Nib","StoneCalendar","Red Mask","Pandora\u0027s Box","Girya","Thread and Needle","Bag of Marbles","Orichalcum"],"potions_floor_usage":[41,44],"damage_taken":[{"damage":2.0,"enemies":"2 Louse","floor":1.0,"turns":4.0},{"damage":24.0,"enemies":"Jaw Worm","floor":2.0,"turns":4.0},{"damage":0.0,"enemies":"Cultist","floor":4.0,"turns":3.0},{"damage":4.0,"enemies":"Lagavulin","floor":6.0,"turns":3.0},{"damage":1.0,"enemies":"Looter","floor":7.0,"turns":2.0},{"damage":3.0,"enemies":"Blue Slaver","floor":8.0,"turns":2.0},{"damage":3.0,"enemies":"Large Slime","floor":10.0,"turns":5.0},{"damage":23.0,"enemies":"3 Sentries","floor":13.0,"turns":7.0},{"damage":1.0,"enemies":"Hexaghost","floor":16.0,"turns":3.0},{"damage":10.0,"enemies":"2 Thieves","floor":18.0,"turns":5.0},{"damage":20.0,"enemies":"3 Byrds","floor":19.0,"turns":4.0},{"damage":26.0,"enemies":"Snake Plant","floor":20.0,"turns":5.0},{"damage":14.0,"enemies":"3 Cultists","floor":21.0,"turns":5.0},{"damage":11.0,"enemies":"Book of Stabbing","floor":23.0,"turns":5.0},{"damage":18.0,"enemies":"Slavers","floor":25.0,"turns":7.0},{"damage":0.0,"enemies":"Centurion and Healer","floor":27.0,"turns":1.0},{"damage":39.0,"enemies":"Masked Bandits","floor":28.0,"turns":6.0},{"damage":0.0,"enemies":"Cultist and Chosen","floor":31.0,"turns":3.0},{"damage":24.0,"enemies":"Automaton","floor":33.0,"turns":4.0},{"damage":17.0,"enemies":"3 Darklings","floor":35.0,"turns":5.0},{"damage":3.0,"enemies":"3 Shapes","floor":37.0,"turns":3.0},{"damage":41,"enemies":"Nemesis","floor":40,"turns":3},{"damage":1,"enemies":"Mind Bloom Boss Battle","floor":41,"turns":6},{"damage":63,"enemies":"Reptomancer","floor":44,"turns":4},{"damage":0,"enemies":"Transient","floor":48,"turns":6},{"damage":6,"enemies":"Donu and Deca","floor":50,"turns":2},{"damage":29,"enemies":"Time Eater","floor":51,"turns":6}],"seed_played":"60479983350628218","potions_obtained":[{"floor":1.0,"key":"Fruit Juice"},{"floor":6.0,"key":"Dexterity Potion"},{"floor":8.0,"key":"Block Potion"},{"floor":16.0,"key":"SpeedPotion"},{"floor":19.0,"key":"Strength Potion"},{"floor":21.0,"key":"GamblersBrew"},{"floor":23.0,"key":"SkillPotion"},{"floor":28.0,"key":"Fire Potion"},{"floor":37.0,"key":"Energy Potion"},{"floor":41,"key":"Regen Potion"},{"floor":44,"key":"FearPotion"}],"is_trial":false,"path_per_floor":["M","M","$","M","$","E","M","M","T","M","?","T","E","$","R","B",null,"M","M","M","M","?","E","R","E","T","M","?","$","R","M","R","B",null,"M","$","M","?","?","E","?","R","T","E","R","?","R","M","R","B","B",null],"character_chosen":"IRONCLAD","items_purchased":["Dead Branch","Warcry","Flame Barrier","Good Instincts","Anchor","Regen Potion","Magnetism","Corruption","Havoc"],"campfire_rested":7,"item_purchase_floors":[3,3,14,14,14,29,29,36,36],"current_hp_per_floor":[77,59,59,65,65,67,72,75,75,78,67,67,50,50,74,79,80,76,62,42,34,34,29,53,43,43,51,20,20,44,61,80,62,76,67,67,72,67,67,34,41,65,65,24,48,48,70,76,76,76,53],"gold":237,"neow_bonus":"TWO_FIFTY_GOLD","is_prod":false,"is_daily":false,"chose_seed":false,"campfire_upgraded":1,"win_rate":0,"timestamp":1559478948,"path_taken":["M","M","$","M","$","E","M","M","T","M","?","?","E","$","R","BOSS","M","M","M","M","?","E","R","E","T","M","?","$","R","M","R","BOSS","M","$","M","?","?","E","?","R","T","E","R","?","R","M","R","BOSS","BOSS"],"build_version":"2019-01-23","purchased_purges":0,"victory":true,"max_hp_per_floor":[80,80,80,80,80,80,80,80,80,80,80,80,80,80,80,80,80,80,80,80,80,80,80,80,80,80,80,80,80,80,80,80,80,80,80,80,80,80,80,80,80,80,80,80,80,76,76,76,76,76,76],"card_choices":[{"not_picked":["Pommel Strike","Warcry"],"picked":"Corruption","floor":1.0},{"not_picked":["Sword Boomerang","Flex"],"picked":"Sentinel","floor":2.0},{"not_picked":["Thunderclap","Blood for Blood"],"picked":"Burning Pact","floor":4.0},{"not_picked":["Hemokinesis","Iron Wave"],"picked":"Ghostly Armor","floor":6.0},{"not_picked":["Perfected Strike","Anger"],"picked":"Warcry","floor":7.0},{"not_picked":["Cleave","True Grit"],"picked":"Burning Pact","floor":8.0},{"not_picked":["Shockwave","Immolate"],"picked":"Infernal Blade","floor":10.0},{"not_picked":["Whirlwind","Anger"],"picked":"Flex","floor":13.0},{"not_picked":["Uppercut","Headbutt"],"picked":"Havoc","floor":15.0},{"not_picked":["Barricade","Offering"],"picked":"Exhume","floor":16.0},{"not_picked":["Fire Breathing","Pummel"],"picked":"Warcry","floor":17.0},{"not_picked":["Armaments","Wild Strike"],"picked":"Warcry","floor":17.0},{"not_picked":["Whirlwind","Perfected Strike"],"picked":"Pommel Strike","floor":17.0},{"not_picked":["Anger","Flex"],"picked":"Exhume","floor":17.0},{"not_picked":["Cleave+1","Sword Boomerang"],"picked":"Spot Weakness+1","floor":18.0},{"not_picked":["Perfected Strike+1","Sever Soul"],"picked":"Pummel+1","floor":19.0},{"not_picked":["Thunderclap","Shockwave"],"picked":"Intimidate","floor":20.0},{"not_picked":["Anger","Headbutt"],"picked":"Feel No Pain","floor":21.0},{"not_picked":["Flex","True Grit"],"picked":"Rage","floor":23.0},{"not_picked":["Cleave","Second Wind"],"picked":"Shockwave","floor":24.0},{"not_picked":["Sword Boomerang","Anger"],"picked":"Seeing Red","floor":25.0},{"not_picked":["Warcry","Heavy Blade"],"picked":"Corruption","floor":27.0},{"not_picked":["Headbutt","Cleave"],"picked":"Double Tap","floor":28.0},{"not_picked":["Fire Breathing","Rupture"],"picked":"Warcry","floor":30.0},{"not_picked":["Clothesline","Wild Strike"],"picked":"Spot Weakness","floor":31.0},{"not_picked":["Bludgeon","Heavy Blade+1"],"picked":"Inflame","floor":32.0},{"not_picked":["Impervious","Demon Form"],"picked":"Juggernaut","floor":33.0},{"not_picked":["Evolve","Thunderclap"],"picked":"Ghostly Armor","floor":35.0},{"not_picked":["Clothesline+1","Thunderclap"],"picked":"Body Slam+1","floor":37.0},{"not_picked":["Metamorphosis","Magnetism"],"picked":"Purity","floor":38.0},{"not_picked":["Dramatic Entrance","Deep Breath"],"picked":"Jack Of All Trades","floor":38.0},{"not_picked":["Body Slam+1","Iron Wave"],"picked":"Infernal Blade","floor":40},{"not_picked":["Twin Strike+1","Armaments"],"picked":"Shrug It Off+1","floor":42},{"not_picked":["Clothesline","Power Through"],"picked":"Ghostly Armor","floor":44},{"not_picked":["Cleave","Iron Wave+1"],"picked":"Havoc","floor":45},{"not_picked":["Entrench","Havoc"],"picked":"Pommel Strike+1","floor":47},{"not_picked":["Havoc","Twin Strike"],"picked":"Dropkick","floor":48}],"player_experience":1436393,"relics_obtained":[{"floor":6.0,"key":"Dream Catcher"},{"floor":9.0,"key":"Shuriken"},{"floor":12.0,"key":"The Courier"},{"floor":13.0,"key":"Peace Pipe"},{"floor":23.0,"key":"Blood Vial"},{"floor":25.0,"key":"Pen Nib"},{"floor":26.0,"key":"StoneCalendar"},{"floor":28.0,"key":"Red Mask"},{"floor":40,"key":"Girya"},{"floor":41,"key":"Thread and Needle"},{"floor":43,"key":"Bag of Marbles"},{"floor":44,"key":"Orichalcum"}],"event_choices":[{"damage_healed":0.0,"max_hp_gain":0.0,"max_hp_loss":0.0,"gold_gain":75.0,"event_name":"World of Goop","player_choice":"Gather Gold","floor":11.0,"gold_loss":0.0,"damage_taken":11.0},{"damage_healed":0.0,"max_hp_gain":0.0,"max_hp_loss":0.0,"gold_gain":0.0,"event_name":"Drug Dealer","player_choice":"Inject Mutagens","floor":22.0,"gold_loss":0.0,"damage_taken":0.0,"relics_obtained":["MutagenicStrength"]},{"damage_healed":0.0,"max_hp_gain":0.0,"max_hp_loss":0.0,"gold_gain":0.0,"event_name":"Masked Bandits","player_choice":"Fought Bandits","floor":28.0,"gold_loss":0.0,"damage_taken":0.0},{"damage_healed":0.0,"max_hp_gain":0.0,"max_hp_loss":0.0,"gold_gain":0.0,"event_name":"SensoryStone","player_choice":"Memory 2","floor":38.0,"gold_loss":0.0,"damage_taken":5.0},{"cards_removed":["Warcry"],"damage_healed":0.0,"max_hp_gain":0.0,"max_hp_loss":0.0,"gold_gain":0.0,"event_name":"Falling","player_choice":"Removed Skill","floor":39.0,"gold_loss":0.0,"damage_taken":0.0},{"damage_healed":0,"gold_gain":0,"player_choice":"Fight","damage_taken":0,"max_hp_gain":0,"max_hp_loss":0,"event_name":"MindBloom","floor":41,"gold_loss":0},{"damage_healed":0,"gold_gain":0,"player_choice":"Max HP","damage_taken":0,"max_hp_gain":0,"max_hp_loss":4,"event_name":"Winding Halls","floor":46,"gold_loss":0}],"is_beta":false,"boss_relics":[{"not_picked":["Velvet Choker","Eternal Feather"],"picked":"Orrery"},{"not_picked":["Philosopher\u0027s Stone","White Beast Statue"],"picked":"Pandora\u0027s Box"}],"items_purged_floors":[],"is_endless":false,"potions_floor_spawned":[1,6,8,16,19,21,23,28,37,41,44],"ascension_level":20}