{"gold_per_floor":[115,125,145,70,40,40,53,53,76,110,110,110,125,141,141,236,286,299,118,134,134,134,164,164,181,181,194,194,204,204,215,215,311,311,322,143,143,143,143],"floor_reached":39,"playtime":3190,"items_purged":["Strike_R","Strike_R","Strike_R"],"score":581,"play_id":"ed7f6277-f8c2-419a-a091-995f429e88f7","local_time":"20190121222423","is_ascension_mode":true,"campfire_choices":[{"data":"True Grit","floor":6.0,"key":"SMITH"},{"data":"Armaments","floor":8.0,"key":"SMITH"},{"floor":11.0,"key":"REST"},{"data":"Barricade","floor":15.0,"key":"SMITH"},{"data":"Body Slam","floor":24.0,"key":"SMITH"},{"data":"Battle Trance","floor":30.0,"key":"SMITH"},{"floor":32.0,"key":"REST"}],"neow_cost":"NONE","seed_source_timestamp":975099808609012,"circlet_count":0,"master_deck":["Defend_R+1","Defend_R","Defend_R","Defend_R","Bash","Armaments+1","Shockwave","True Grit+1","Body Slam+1","Pummel","Intimidate","Barricade+1","Pummel","Battle Trance+1","Inflame","Impervious","Clothesline","Twin Strike+1","Evolve","Sword Boomerang","Disarm","Body Slam+1","Uppercut+1","Double Tap","Warcry+1","Rage","Shrug It Off","Finesse"],"special_seed":0,"relics":["Burning Blood","Orichalcum","Ancient Tea Set","Tiny House","The Courier","Bottled Lightning","Eternal Feather"],"potions_floor_usage":[39],"damage_taken":[{"damage":1.0,"enemies":"Cultist","floor":1.0,"turns":4.0},{"damage":3.0,"enemies":"2 Louse","floor":2.0,"turns":3.0},{"damage":22.0,"enemies":"Jaw Worm","floor":3.0,"turns":6.0},{"damage":11.0,"enemies":"Looter","floor":5.0,"turns":4.0},{"damage":15.0,"enemies":"Red Slaver","floor":7.0,"turns":4.0},{"damage":45.0,"enemies":"Gremlin Nob","floor":10.0,"turns":6.0},{"damage":3.0,"enemies":"Gremlin Gang","floor":13.0,"turns":7.0},{"damage":6.0,"enemies":"Looter","floor":14.0,"turns":3.0},{"damage":17.0,"enemies":"The Guardian","floor":16.0,"turns":9.0},{"damage":4.0,"enemies":"Shell Parasite","floor":18.0,"turns":7.0},{"damage":0.0,"enemies":"Chosen","floor":20.0,"turns":8.0},{"damage":56.0,"enemies":"Slavers","floor":23.0,"turns":9.0},{"damage":0.0,"enemies":"Snecko","floor":25.0,"turns":5.0},{"damage":22.0,"enemies":"Sentry and Sphere","floor":27.0,"turns":7.0},{"damage":7.0,"enemies":"Centurion and Healer","floor":29.0,"turns":7.0},{"damage":7.0,"enemies":"Snake Plant","floor":31.0,"turns":5.0},{"damage":55.0,"enemies":"Champ","floor":33.0,"turns":11.0},{"damage":49.0,"enemies":"Orb Walker","floor":35.0,"turns":6.0},{"damage":32,"enemies":"3 Darklings","floor":39,"turns":4}],"seed_played":"625868875668879569","potions_obtained":[{"floor":10.0,"key":"Energy Potion"},{"floor":13.0,"key":"FearPotion"},{"floor":16.0,"key":"GamblersBrew"},{"floor":17.0,"key":"FairyPotion"},{"floor":23.0,"key":"Weak Potion"},{"floor":27.0,"key":"Strength Potion"},{"floor":29.0,"key":"Regen Potion"},{"floor":35.0,"key":"Swift Potion"}],"is_trial":false,"path_per_floor":["M","M","M","$","M","R","M","R","T","E","R","?","M","M","R","B",null,"M","$","M","?","$","E","R","M","T","M","?","M","R","M","R","B",null,"M","$","?","$","M"],"character_chosen":"IRONCLAD","items_purchased":["Evolve","Rage","Shrug It Off"],"campfire_rested":2,"item_purchase_floors":[19,36,36],"current_hp_per_floor":[77,80,64,64,59,59,50,50,50,11,35,35,38,38,38,27,72,74,74,80,80,80,30,30,36,36,20,48,47,47,58,83,34,72,29,29,29,29,0],"gold":143,"neow_bonus":"TRANSFORM_CARD","is_prod":false,"is_daily":false,"chose_seed":false,"campfire_upgraded":5,"win_rate":0,"timestamp":1548077063,"path_taken":["M","M","M","$","M","R","M","R","T","E","R","?","M","M","R","BOSS","M","$","M","?","$","E","R","M","T","?","?","M","R","M","R","BOSS","M","$","?","$","M"],"build_version":"2019-01-17v2","purchased_purges":3,"victory":false,"max_hp_per_floor":[80,80,80,80,80,80,80,80,80,80,80,80,80,80,80,80,85,85,85,85,85,85,85,85,85,85,85,85,85,85,85,85,85,85,85,85,85,85,85],"card_choices":[{"not_picked":["Heavy Blade","Havoc"],"picked":"Shockwave","floor":1.0},{"not_picked":["Anger","Dual Wield"],"picked":"True Grit","floor":2.0},{"not_picked":["Anger","Warcry"],"picked":"Body Slam","floor":3.0},{"not_picked":["Shrug It Off","Anger"],"picked":"Pummel","floor":5.0},{"not_picked":["Thunderclap","Blood for Blood"],"picked":"Intimidate","floor":7.0},{"not_picked":["Metallicize","Clothesline"],"picked":"Barricade","floor":10.0},{"not_picked":["Armaments","Iron Wave"],"picked":"Battle Trance","floor":13.0},{"not_picked":["Headbutt","Iron Wave"],"picked":"Inflame","floor":14.0},{"not_picked":["Limit Break","Fiend Fire"],"picked":"Impervious","floor":16.0},{"not_picked":["Anger","Iron Wave"],"picked":"Clothesline","floor":17.0},{"not_picked":["Thunderclap+1","Iron Wave"],"picked":"Twin Strike+1","floor":18.0},{"not_picked":["Dropkick+1","Sentinel"],"picked":"Sword Boomerang","floor":20.0},{"not_picked":["Shrug It Off","Wild Strike","Burning Pact"],"picked":"SKIP","floor":23.0},{"not_picked":["Armaments+1","Hemokinesis+1","Shockwave"],"picked":"SKIP","floor":25.0},{"not_picked":["Juggernaut","Blood for Blood"],"picked":"Body Slam+1","floor":27.0},{"not_picked":["Clothesline+1","True Grit"],"picked":"Uppercut+1","floor":29.0},{"not_picked":["Headbutt","Flex","Uppercut+1"],"picked":"SKIP","floor":31.0},{"not_picked":["Demon Form","Reaper"],"picked":"Double Tap","floor":33.0},{"not_picked":["Pommel Strike+1","Twin Strike+1"],"picked":"Warcry+1","floor":35.0},{"not_picked":["The Bomb","Sadistic Nature"],"picked":"Finesse","floor":37.0}],"player_experience":429056,"relics_obtained":[{"floor":9.0,"key":"Orichalcum"},{"floor":10.0,"key":"Ancient Tea Set"},{"floor":23.0,"key":"The Courier"},{"floor":26.0,"key":"Bottled Lightning"}],"event_choices":[{"damage_healed":0.0,"max_hp_gain":0.0,"max_hp_loss":0.0,"gold_gain":0.0,"cards_transformed":["Strike_R"],"event_name":"Transmorgrifier","player_choice":"Transformed","floor":12.0,"gold_loss":0.0,"damage_taken":0.0,"cards_obtained":["Pummel"]},{"damage_healed":0.0,"max_hp_gain":0.0,"max_hp_loss":0.0,"gold_gain":0.0,"event_name":"Match and Keep!","player_choice":"1 cards matched","floor":21.0,"gold_loss":0.0,"damage_taken":0.0,"cards_obtained":["Disarm"]},{"damage_healed":28.0,"max_hp_gain":0.0,"max_hp_loss":0.0,"gold_gain":0.0,"event_name":"The Library","player_choice":"Heal","floor":28.0,"gold_loss":0.0,"damage_taken":0.0},{"damage_healed":0.0,"max_hp_gain":0.0,"max_hp_loss":0.0,"gold_gain":0.0,"event_name":"SensoryStone","player_choice":"Memory 1","floor":37.0,"gold_loss":0.0,"damage_taken":0.0}],"is_beta":false,"boss_relics":[{"not_picked":["White Beast Statue","Empty Cage"],"picked":"Tiny House"},{"not_picked":["Coffee Dripper","Runic Cube"],"picked":"Eternal Feather"}],"items_purged_floors":[4,19,36],"is_endless":false,"potions_floor_spawned":[10,13,16,23,27,29,35],"killed_by":"3 Darklings","ascension_level":9}