{"gold_per_floor":[116,130,142,154,154,154,189,200,200,211,230,20,20,36,36,111,111,128,128,140,140,140,140,140],"floor_reached":24,"playtime":724,"items_purged":[],"score":400,"play_id":"628f39d1-e802-41a1-b3d3-bd1cca0fe6d6","local_time":"20190525021105","is_ascension_mode":true,"campfire_choices":[{"data":"Static Discharge","floor":6,"key":"SMITH"},{"data":"Hologram","floor":13,"key":"SMITH"},{"floor":15,"key":"REST"},{"floor":23,"key":"REST"}],"neow_cost":"NONE","seed_source_timestamp":181479241907300,"circlet_count":0,"master_deck":["AscendersBane","Strike_B","Strike_B","Strike_B","Defend_B","Defend_B","Defend_B","Defend_B","Zap","Dualcast","Streamline","Auto Shields","Hologram+1","Static Discharge+1","Turbo","Glacier","Hello World+1","Buffer+1","Force Field","Force Field","Creative AI+1","Glacier","Genetic Algorithm"],"relics":["Cracked Core","Orichalcum","Frozen Egg 2","Black Star"],"potions_floor_usage":[16,16],"damage_taken":[{"damage":2,"enemies":"Jaw Worm","floor":1,"turns":4},{"damage":0,"enemies":"Cultist","floor":2,"turns":3},{"damage":0,"enemies":"2 Louse","floor":3,"turns":3},{"damage":12,"enemies":"Looter","floor":4,"turns":4},{"damage":20,"enemies":"Lagavulin","floor":7,"turns":6},{"damage":4,"enemies":"2 Fungi Beasts","floor":8,"turns":2},{"damage":0,"enemies":"3 Louse","floor":10,"turns":2},{"damage":14,"enemies":"Exordium Wildlife","floor":11,"turns":4},{"damage":17,"enemies":"Large Slime","floor":14,"turns":6},{"damage":14,"enemies":"Slime Boss","floor":16,"turns":11},{"damage":37,"enemies":"3 Byrds","floor":18,"turns":4},{"damage":0,"enemies":"Spheric Guardian","floor":20,"turns":14},{"damage":60,"enemies":"Cultist and Chosen","floor":24,"turns":6}],"seed_played":"-3884621701893121890","potions_obtained":[{"floor":2,"key":"Ancient Potion"},{"floor":4,"key":"Energy Potion"},{"floor":7,"key":"FocusPotion"},{"floor":16,"key":"FocusPotion"}],"is_trial":false,"path_per_floor":["M","M","M","M","?","R","E","M","T","M","M","$","R","M","R","B",null,"M","?","M","?","?","R","M"],"character_chosen":"DEFECT","items_purchased":["Buffer+1","Force Field"],"campfire_rested":2,"item_purchase_floors":[12,12],"current_hp_per_floor":[69,69,69,57,57,57,37,33,33,33,19,19,19,2,25,11,61,24,40,40,18,18,42,0],"gold":140,"neow_bonus":"TEN_PERCENT_HP_BONUS","is_prod":false,"is_daily":false,"chose_seed":false,"campfire_upgraded":2,"win_rate":0,"timestamp":1558717865,"path_taken":["M","M","M","M","?","R","E","M","T","M","M","$","R","?","R","BOSS","M","?","M","?","?","R","M"],"build_version":"2019-01-23","purchased_purges":0,"victory":false,"max_hp_per_floor":[78,78,78,78,78,78,78,78,78,78,78,78,78,78,78,78,78,78,78,78,83,83,83,83],"card_choices":[{"not_picked":["Barrage","Conserve Battery"],"picked":"Streamline","floor":1},{"not_picked":["Steam Power","Go for the Eyes"],"picked":"Auto Shields","floor":2},{"not_picked":["Double Energy","Leap"],"picked":"Hologram","floor":3},{"not_picked":["Barrage","Coolheaded"],"picked":"Static Discharge","floor":4},{"not_picked":["Barrage","Stack"],"picked":"Turbo","floor":7},{"not_picked":["Turbo","Blizzard"],"picked":"Glacier","floor":8},{"not_picked":["Redo","Streamline"],"picked":"Hello World+1","floor":10},{"not_picked":["Aggregate","Melter","Stack"],"picked":"SKIP","floor":11},{"not_picked":["Hologram","Rebound"],"picked":"Force Field","floor":14},{"not_picked":["Multi-Cast","Rainbow"],"picked":"Creative AI+1","floor":16},{"not_picked":["Sweeping Beam+1","Melter"],"picked":"Glacier","floor":18},{"not_picked":["Cold Snap","Reprogram"],"picked":"Genetic Algorithm","floor":20}],"player_experience":5144555,"relics_obtained":[{"floor":7,"key":"Orichalcum"},{"floor":9,"key":"Frozen Egg 2"}],"event_choices":[{"cards_removed":["Strike_B"],"damage_healed":0,"gold_gain":0,"player_choice":"Purged","damage_taken":0,"max_hp_gain":0,"max_hp_loss":0,"event_name":"Purifier","floor":5,"gold_loss":0},{"damage_healed":16,"gold_gain":0,"player_choice":"Heal","damage_taken":0,"max_hp_gain":0,"max_hp_loss":0,"event_name":"The Library","floor":19,"gold_loss":0},{"damage_healed":0,"gold_gain":0,"player_choice":"Shed Blood","damage_taken":27,"max_hp_gain":5,"max_hp_loss":0,"event_name":"Forgotten Altar","floor":21,"gold_loss":0},{"damage_healed":0,"gold_gain":0,"player_choice":"Ignored","damage_taken":0,"max_hp_gain":0,"max_hp_loss":0,"event_name":"Vampires","floor":22,"gold_loss":0}],"is_beta":false,"boss_relics":[{"not_picked":["Tiny House","Lizard Tail"],"picked":"Black Star"}],"items_purged_floors":[],"is_endless":false,"potions_floor_spawned":[2,4,7,16],"killed_by":"Cultist and Chosen","ascension_level":20}