{"gold_per_floor":[111,111,130,5,5,5,19,32,32,32,53,91,91,156,156,281,281,302,402,382,382],"floor_reached":21,"playtime":718,"items_purged":["Strike_B"],"score":260,"play_id":"9f584bf7-9dd4-4402-a443-2c1fca96785e","local_time":"20190120205001","is_ascension_mode":true,"campfire_choices":[{"data":"Zap","floor":6.0,"key":"SMITH"},{"floor":10.0,"key":"REST"},{"data":"Darkness","floor":13.0,"key":"SMITH"},{"floor":15.0,"key":"REST"}],"neow_cost":"NONE","seed_source_timestamp":885514641881800,"circlet_count":0,"master_deck":["Strike_B","Strike_B","Strike_B","Defend_B","Defend_B","Defend_B","Defend_B","Zap+1","Dualcast","Sweeping Beam","Doom and Gloom","Leap","Coolheaded","Lockon","Darkness+1","Machine Learning","Self Repair","Coolheaded+1"],"special_seed":0,"relics":["Cracked Core","NeowsBlessing","FaceOfCleric","Golden Idol","Calipers","Shuriken","Singing Bowl","White Beast Statue"],"potions_floor_usage":[21],"damage_taken":[{"damage":0.0,"enemies":"Small Slimes","floor":1.0,"turns":1.0},{"damage":0.0,"enemies":"Cultist","floor":3.0,"turns":1.0},{"damage":0.0,"enemies":"2 Louse","floor":7.0,"turns":1.0},{"damage":3.0,"enemies":"Looter","floor":8.0,"turns":4.0},{"damage":11.0,"enemies":"Blue Slaver","floor":11.0,"turns":5.0},{"damage":9.0,"enemies":"3 Sentries","floor":12.0,"turns":6.0},{"damage":42.0,"enemies":"Gremlin Nob","floor":14.0,"turns":4.0},{"damage":28.0,"enemies":"Slime Boss","floor":16.0,"turns":6.0},{"damage":17.0,"enemies":"Spheric Guardian","floor":18.0,"turns":4.0},{"damage":26.0,"enemies":"2 Thieves","floor":20.0,"turns":5.0},{"damage":38,"enemies":"3 Cultists","floor":21,"turns":3}],"seed_played":"-8275314365700656810","potions_obtained":[{"floor":3.0,"key":"Poison Potion"},{"floor":11.0,"key":"SneckoOil"},{"floor":12.0,"key":"Ancient Potion"},{"floor":18.0,"key":"FearPotion"},{"floor":20.0,"key":"Strength Potion"}],"is_trial":false,"path_per_floor":["M","?","M","$","?","R","M","M","T","R","M","E","R","?","R","B",null,"M","?","M","M"],"character_chosen":"DEFECT","items_purchased":["Leap"],"campfire_rested":2,"item_purchase_floors":[4],"current_hp_per_floor":[68,68,69,69,50,50,51,49,49,72,62,54,54,13,37,19,68,59,59,36,0],"gold":382,"neow_bonus":"THREE_ENEMY_KILL","is_prod":false,"is_daily":false,"chose_seed":false,"campfire_upgraded":2,"win_rate":0,"timestamp":1547985001,"path_taken":["M","?","?","$","?","R","M","M","T","R","M","E","R","?","R","BOSS","M","?","?","M"],"build_version":"2019-01-17v2","purchased_purges":1,"victory":false,"max_hp_per_floor":[75,75,76,76,76,76,77,78,78,78,79,80,80,81,81,84,84,85,85,88,88],"card_choices":[{"not_picked":["Gash","Conserve Battery"],"picked":"Sweeping Beam","floor":1.0},{"not_picked":["Echo Form","Rip and Tear"],"picked":"Doom and Gloom","floor":3.0},{"not_picked":["Compile Driver","Redo"],"picked":"Coolheaded","floor":7.0},{"not_picked":["Coolheaded","Go for the Eyes"],"picked":"Lockon","floor":8.0},{"not_picked":["Conserve Battery","Sweeping Beam"],"picked":"Darkness","floor":11.0},{"not_picked":["Beam Cell","BootSequence"],"picked":"Machine Learning","floor":12.0},{"not_picked":["Turbo","Darkness"],"picked":"Self Repair","floor":14.0},{"not_picked":["Meteor Strike","Buffer","Hyperbeam"],"picked":"Singing Bowl","floor":16.0},{"not_picked":["Barrage+1","Rebound"],"picked":"Coolheaded+1","floor":18.0},{"not_picked":["Auto Shields","Storm","Stack"],"picked":"Singing Bowl","floor":20.0}],"player_experience":420570,"relics_obtained":[{"floor":9.0,"key":"Calipers"},{"floor":12.0,"key":"Shuriken"},{"floor":14.0,"key":"Singing Bowl"}],"event_choices":[{"damage_healed":0.0,"max_hp_gain":0.0,"max_hp_loss":0.0,"gold_gain":0.0,"event_name":"FaceTrader","player_choice":"Trade","floor":2.0,"gold_loss":0.0,"damage_taken":0.0,"relics_obtained":["FaceOfCleric"]},{"damage_healed":0.0,"max_hp_gain":0.0,"max_hp_loss":0.0,"gold_gain":0.0,"event_name":"Golden Idol","player_choice":"Take Damage","floor":5.0,"gold_loss":0.0,"damage_taken":19.0,"relics_obtained":["Golden Idol"]},{"damage_healed":0.0,"max_hp_gain":0.0,"max_hp_loss":0.0,"gold_gain":30.0,"event_name":"Dead Adventurer","player_choice":"Searched \u00272\u0027 times","floor":14.0,"gold_loss":0.0,"damage_taken":0.0},{"damage_healed":0.0,"max_hp_gain":0.0,"max_hp_loss":0.0,"gold_gain":100.0,"event_name":"Golden Shrine","player_choice":"Pray","floor":19.0,"gold_loss":0.0,"damage_taken":0.0}],"is_beta":false,"boss_relics":[{"not_picked":["Ectoplasm","Calling Bell"],"picked":"White Beast Statue"}],"items_purged_floors":[4],"is_endless":false,"potions_floor_spawned":[3,11,12,18,20],"killed_by":"3 Cultists","ascension_level":9}