{"gold_per_floor":[119,119,136,155,169,169,204,204,204,221,221,247,247,130,130,206,206,224,238,272,272,292,292,327,377,407,432,36,56,76,89,89,167,167,179,202,256,274,292,292,308,308,308,335,14,44,44,61,61,61],"floor_reached":50,"playtime":2868,"items_purged":["Defend_R","Defend_R"],"score":1204,"play_id":"60d74c31-f056-4735-b7ad-d66cc8760017","local_time":"20190411181253","is_ascension_mode":true,"campfire_choices":[{"data":"Whirlwind","floor":6.0,"key":"SMITH"},{"data":"Demon Form","floor":8.0,"key":"SMITH"},{"floor":11.0,"key":"REST"},{"data":"Body Slam","floor":15.0,"key":"SMITH"},{"floor":23.0,"key":"REST"},{"floor":32.0,"key":"REST"},{"data":"Evolve","floor":40,"key":"SMITH"},{"data":"Shockwave","floor":42,"key":"SMITH"},{"floor":49,"key":"RECALL"}],"neow_cost":"TEN_PERCENT_HP_LOSS","seed_source_timestamp":3689277154934724,"circlet_count":0,"master_deck":["AscendersBane","Strike_R","Strike_R+1","Strike_R+1","Defend_R+1","Defend_R","Bash","Power Through","Shockwave+1","Body Slam+1","Shrug It Off","Whirlwind+1","Evolve+1","Demon Form+1","Body Slam+1","Power Through","Battle Trance","Fiend Fire","Infernal Blade+1","Flame Barrier","Heavy Blade","Fiend Fire+1","Feel No Pain","Intimidate+1","Machine Learning","Armaments+1","BootSequence+1","Offering","Offering","Parasite","Mayhem"],"special_seed":0,"relics":["Burning Blood","Sundial","Bottled Tornado","Question Card","Busted Crown","Red Mask","Matryoshka","Tiny Chest","Potion Belt","PrismaticShard","Philosopher\u0027s Stone","Oddly Smooth Stone","Whetstone","Gambling Chip","Molten Egg 2","Orichalcum","Pen Nib","Mummified Hand"],"potions_floor_usage":[33,46,50],"damage_taken":[{"damage":2.0,"enemies":"Jaw Worm","floor":1.0,"turns":5.0},{"damage":0.0,"enemies":"Cultist","floor":3.0,"turns":3.0},{"damage":0.0,"enemies":"2 Louse","floor":4.0,"turns":4.0},{"damage":0.0,"enemies":"Blue Slaver","floor":5.0,"turns":5.0},{"damage":15.0,"enemies":"3 Sentries","floor":7.0,"turns":4.0},{"damage":21.0,"enemies":"Looter","floor":10.0,"turns":4.0},{"damage":0.0,"enemies":"Lagavulin","floor":12.0,"turns":5.0},{"damage":8.0,"enemies":"Slime Boss","floor":16.0,"turns":6.0},{"damage":12.0,"enemies":"Shell Parasite","floor":18.0,"turns":3.0},{"damage":0.0,"enemies":"3 Byrds","floor":19.0,"turns":3.0},{"damage":9.0,"enemies":"Masked Bandits","floor":20.0,"turns":3.0},{"damage":5.0,"enemies":"3 Cultists","floor":22.0,"turns":4.0},{"damage":15.0,"enemies":"Book of Stabbing","floor":24.0,"turns":4.0},{"damage":20.0,"enemies":"Gremlin Leader","floor":27.0,"turns":4.0},{"damage":10.0,"enemies":"Sentry and Sphere","floor":29.0,"turns":4.0},{"damage":15.0,"enemies":"Shelled Parasite and Fungi","floor":30.0,"turns":4.0},{"damage":6.0,"enemies":"Snake Plant","floor":31.0,"turns":4.0},{"damage":28,"enemies":"Automaton","floor":33,"turns":6},{"damage":0,"enemies":"3 Shapes","floor":35,"turns":1},{"damage":5,"enemies":"2 Orb Walkers","floor":37,"turns":4},{"damage":0,"enemies":"Orb Walker","floor":38,"turns":2},{"damage":14,"enemies":"Sphere and 2 Shapes","floor":39,"turns":5},{"damage":7,"enemies":"3 Darklings","floor":41,"turns":4},{"damage":34,"enemies":"Nemesis","floor":44,"turns":5},{"damage":35,"enemies":"Giant Head","floor":46,"turns":6},{"damage":6,"enemies":"Writhing Mass","floor":48,"turns":5},{"damage":27,"enemies":"Donu and Deca","floor":50,"turns":3}],"seed_played":"2800395004531689293","potions_obtained":[{"floor":5.0,"key":"SpeedPotion"},{"floor":7.0,"key":"Poison Potion"},{"floor":16.0,"key":"SkillPotion"},{"floor":19.0,"key":"SmokeBomb"},{"floor":27.0,"key":"LiquidBronze"},{"floor":31.0,"key":"BloodPotion"},{"floor":33,"key":"SkillPotion"},{"floor":38,"key":"Ancient Potion"},{"floor":39,"key":"LiquidBronze"},{"floor":44,"key":"Regen Potion"},{"floor":48,"key":"Swift Potion"}],"is_trial":false,"path_per_floor":["M","?","M","M","M","R","E","R","T","M","R","E","?","$","R","B",null,"M","M","?","?","M","R","E","?","T","E","$","M","M","M","R","B",null,"M","T","?","M","M","R","M","R","T","E","$","E","?","M","R","B"],"character_chosen":"IRONCLAD","items_purchased":["Battle Trance","Feel No Pain","PrismaticShard","Offering","Pen Nib"],"campfire_rested":3,"item_purchase_floors":[14,28,28,45,45],"current_hp_per_floor":[68,68,68,68,68,68,59,59,59,44,64,68,48,48,48,46,63,57,63,60,41,42,63,54,54,54,40,40,36,27,27,48,33,63,69,69,70,73,65,65,64,64,64,36,36,22,22,22,22,0],"gold":61,"neow_bonus":"TRANSFORM_TWO_CARDS","is_prod":false,"is_daily":false,"chose_seed":false,"campfire_upgraded":5,"win_rate":0,"timestamp":1554973973,"path_taken":["M","?","M","?","M","R","E","R","T","M","R","E","?","$","R","BOSS","M","M","?","?","M","R","E","?","T","E","$","?","M","?","R","BOSS","M","?","?","M","M","R","M","R","T","E","$","E","?","?","R","BOSS"],"build_version":"2019-04-04","purchased_purges":2,"victory":false,"max_hp_per_floor":[68,68,68,68,68,68,68,68,68,68,68,68,68,68,68,68,68,68,68,68,73,73,73,73,73,73,73,73,73,73,73,73,73,73,73,73,73,73,73,73,73,73,73,73,73,73,73,73,73,73],"card_choices":[{"not_picked":["Iron Wave","Thunderclap"],"picked":"Body Slam","floor":1.0},{"not_picked":["Twin Strike","Feel No Pain"],"picked":"Shrug It Off","floor":3.0},{"not_picked":["Warcry","Shockwave"],"picked":"Whirlwind","floor":4.0},{"not_picked":["Pommel Strike","Perfected Strike"],"picked":"Evolve","floor":5.0},{"not_picked":["Twin Strike","Uppercut"],"picked":"Demon Form","floor":7.0},{"not_picked":["Blood for Blood","Sentinel"],"picked":"Body Slam","floor":10.0},{"not_picked":["Hemokinesis","Intimidate"],"picked":"Power Through","floor":12.0},{"not_picked":["Exhume","Double Tap","Immolate"],"picked":"Fiend Fire","floor":16.0},{"not_picked":["Clash"],"picked":"Infernal Blade+1","floor":18.0},{"not_picked":["Thunderclap"],"picked":"Flame Barrier","floor":19.0},{"not_picked":["Disarm+1"],"picked":"Heavy Blade","floor":22.0},{"not_picked":["Burning Pact","Carnage"],"picked":"SKIP","floor":24.0},{"not_picked":["Rage"],"picked":"Fiend Fire","floor":27.0},{"not_picked":["Cleave","Flex"],"picked":"SKIP","floor":29.0},{"not_picked":["Seeing Red"],"picked":"Intimidate+1","floor":30.0},{"not_picked":["Rebound","Intimidate"],"picked":"SKIP","floor":31.0},{"not_picked":["Hyperbeam"],"picked":"Machine Learning","floor":33},{"not_picked":["Sword Boomerang","Accuracy"],"picked":"SKIP","floor":35},{"not_picked":["Backflip"],"picked":"Armaments+1","floor":38},{"not_picked":["Choke","Deflect"],"picked":"SKIP","floor":39},{"not_picked":["Clothesline","Impatience"],"picked":"SKIP","floor":41},{"not_picked":["Poisoned Stab+1"],"picked":"BootSequence+1","floor":44},{"not_picked":["Steam","Acrobatics"],"picked":"SKIP","floor":46},{"not_picked":["Perfected Strike+1"],"picked":"Mayhem","floor":48}],"player_experience":2891888,"relics_obtained":[{"floor":7.0,"key":"Sundial"},{"floor":9.0,"key":"Bottled Tornado"},{"floor":12.0,"key":"Question Card"},{"floor":20.0,"key":"Red Mask"},{"floor":24.0,"key":"Matryoshka"},{"floor":26.0,"key":"Tiny Chest"},{"floor":27.0,"key":"Potion Belt"},{"floor":36,"key":"Oddly Smooth Stone"},{"floor":36,"key":"Whetstone"},{"floor":37,"key":"Gambling Chip"},{"floor":43,"key":"Molten Egg 2"},{"floor":44,"key":"Orichalcum"},{"floor":46,"key":"Mummified Hand"}],"event_choices":[{"damage_healed":0.0,"max_hp_gain":0.0,"max_hp_loss":0.0,"gold_gain":0.0,"event_name":"Upgrade Shrine","player_choice":"Upgraded","floor":2.0,"gold_loss":0.0,"damage_taken":0.0,"cards_upgraded":["Body Slam"]},{"damage_healed":0.0,"max_hp_gain":0.0,"max_hp_loss":0.0,"gold_gain":0.0,"event_name":"Shining Light","player_choice":"Entered Light","floor":13.0,"gold_loss":0.0,"damage_taken":20.0,"cards_upgraded":["Defend_R","Strike_R"]},{"damage_healed":0.0,"max_hp_gain":0.0,"max_hp_loss":0.0,"gold_gain":0.0,"event_name":"Masked Bandits","player_choice":"Fought Bandits","floor":20.0,"gold_loss":0.0,"damage_taken":0.0},{"damage_healed":0.0,"max_hp_gain":5.0,"max_hp_loss":0.0,"gold_gain":0.0,"event_name":"Forgotten Altar","player_choice":"Shed Blood","floor":21.0,"gold_loss":0.0,"damage_taken":24.0},{"damage_healed":0.0,"max_hp_gain":0.0,"max_hp_loss":0.0,"gold_gain":50.0,"event_name":"Golden Shrine","player_choice":"Pray","floor":25.0,"gold_loss":0.0,"damage_taken":0.0},{"damage_healed":0,"gold_gain":0,"player_choice":"Fight","damage_taken":0,"max_hp_gain":0,"max_hp_loss":0,"event_name":"Mysterious Sphere","floor":37,"gold_loss":0},{"damage_healed":0,"gold_gain":0,"player_choice":"Copied","damage_taken":0,"max_hp_gain":0,"max_hp_loss":0,"event_name":"Duplicator","floor":47,"gold_loss":0,"cards_obtained":["Offering"]}],"is_beta":true,"boss_relics":[{"not_picked":["White Beast Statue","Orrery"],"picked":"Busted Crown"},{"not_picked":["Tiny House","Runic Dome"],"picked":"Philosopher\u0027s Stone"}],"items_purged_floors":[14,28],"is_endless":false,"potions_floor_spawned":[5,7,16,19,20,27,31,33,38,39,44,48],"killed_by":"Donu and Deca","ascension_level":20}