{"gold_per_floor":[110,127,52,52,65,65,65,76,99,113,113,139,168,193,205,320,332,361,373,137,154,173,189,189,189,189,189,202,202,217,16,16,116,116,136,46,66,0,49,49,49,61,132,151,151,1,12,30,30,30],"floor_reached":51,"playtime":4296,"items_purged":["Strike_R","Defend_R","Defend_R","Bite"],"score":668,"play_id":"59418675-7c11-4dc9-b95f-f733194b2165","local_time":"20181202202324","is_ascension_mode":false,"campfire_choices":[{"data":"Flex","floor":6,"key":"SMITH"},{"data":"Rage","floor":11,"key":"SMITH"},{"floor":15,"key":"REST"},{"data":"Heavy Blade","floor":25,"key":"SMITH"},{"data":"Demon Form","floor":27,"key":"SMITH"},{"data":"Armaments","floor":32,"key":"SMITH"},{"data":"Anger","floor":40,"key":"SMITH"},{"data":"Clash","floor":45,"key":"SMITH"},{"data":"Defend_R","floor":49,"key":"SMITH"}],"neow_cost":"NONE","seed_source_timestamp":20163027784794,"circlet_count":0,"master_deck":["Defend_R+1","Bash+1","Flex+1","Anger+1","Heavy Blade+1","Rage+1","Demon Form+1","Clash+1","Armaments+1","Bite+1","Bite","Bite","Bite","Headbutt+1"],"relics":["Burning Blood","Pen Nib","Orichalcum","MawBank","Runic Cube","Happy Flower","Pantograph","Sozu","Red Mask","Bronze Scales","Darkstone Periapt"],"potions_floor_usage":[8,16,16,16,22,33,50],"damage_taken":[{"damage":0,"enemies":"Small Slimes","floor":1,"turns":4},{"damage":15,"enemies":"Cultist","floor":2,"turns":4},{"damage":13,"enemies":"Jaw Worm","floor":5,"turns":4},{"damage":7,"enemies":"Gremlin Gang","floor":8,"turns":5},{"damage":6,"enemies":"2 Fungi Beasts","floor":10,"turns":3},{"damage":14,"enemies":"Exordium Wildlife","floor":13,"turns":4},{"damage":4,"enemies":"3 Louse","floor":14,"turns":2},{"damage":45,"enemies":"The Guardian","floor":16,"turns":7},{"damage":13,"enemies":"Spheric Guardian","floor":18,"turns":5},{"damage":4,"enemies":"2 Thieves","floor":21,"turns":3},{"damage":15,"enemies":"Snake Plant","floor":22,"turns":3},{"damage":20,"enemies":"Snecko","floor":23,"turns":5},{"damage":15,"enemies":"Centurion and Healer","floor":28,"turns":3},{"damage":13,"enemies":"Cultist and Chosen","floor":30,"turns":6},{"damage":69,"enemies":"Champ","floor":33,"turns":7},{"damage":20,"enemies":"3 Shapes","floor":35,"turns":5},{"damage":21,"enemies":"3 Darklings","floor":37,"turns":5},{"damage":16,"enemies":"4 Shapes","floor":42,"turns":4},{"damage":0,"enemies":"Jaw Worm Horde","floor":44,"turns":3},{"damage":7,"enemies":"3 Darklings","floor":47,"turns":3},{"damage":11,"enemies":"Sphere and 2 Shapes","floor":48,"turns":4},{"damage":80,"enemies":"Time Eater","floor":50,"turns":9}],"seed_played":"-1302642099658569653","potions_obtained":[{"floor":1,"key":"Ancient Potion"},{"floor":2,"key":"SkillPotion"},{"floor":8,"key":"EntropicBrew"},{"floor":21,"key":"Weak Potion"},{"floor":23,"key":"LiquidBronze"}],"is_trial":false,"path_per_floor":["M","M","$","?","M","R","?","M","T","M","R","T","M","M","R","B",null,"M","?","$","M","M","M","?","R","T","R","M","?","M","$","R","B",null,"M","?","M","?","T","R","?","M","T","M","R","$","M","M","R","B",null],"character_chosen":"IRONCLAD","items_purchased":["Blood Vial","BloodPotion"],"campfire_rested":1,"item_purchase_floors":[20,31],"current_hp_per_floor":[80,71,71,59,52,52,52,51,51,51,51,51,43,45,69,30,80,73,73,73,77,70,58,80,80,80,80,71,71,79,79,79,29,80,72,72,77,77,77,77,77,78,78,80,80,80,80,80,80,35],"gold":30,"neow_bonus":"THREE_CARDS","is_prod":false,"is_daily":false,"chose_seed":false,"campfire_upgraded":8,"win_rate":0.0,"timestamp":1543749804,"path_taken":["M","M","$","?","M","R","?","M","T","?","R","?","?","M","R","BOSS","M","?","$","M","M","?","?","R","T","R","M","?","M","?","R","BOSS","M","?","?","?","?","R","?","M","T","?","R","$","M","M","R","BOSS"],"build_version":"2018-11-15","purchased_purges":4,"victory":true,"max_hp_per_floor":[80,80,80,80,80,80,80,80,80,80,80,80,80,80,80,80,80,80,80,80,80,80,80,80,80,80,80,80,80,80,80,80,80,80,80,80,80,80,80,80,80,80,80,80,80,80,80,80,80,80],"card_choices":[{"not_picked":["Second Wind","Sever Soul"],"picked":"Flex","floor":0},{"not_picked":["Disarm","Burning Pact","Seeing Red"],"picked":"SKIP","floor":1},{"not_picked":["Sever Soul","Seeing Red","Spot Weakness"],"picked":"SKIP","floor":2},{"not_picked":["Clash","Perfected Strike"],"picked":"Anger","floor":5},{"not_picked":["Clash","Clothesline"],"picked":"Heavy Blade","floor":8},{"not_picked":["Pummel","Inflame"],"picked":"Rage","floor":10},{"not_picked":["Sword Boomerang","Feel No Pain","Blood for Blood"],"picked":"SKIP","floor":13},{"not_picked":["Offering","Headbutt","Combust"],"picked":"SKIP","floor":14},{"not_picked":["Impervious","Offering"],"picked":"Demon Form","floor":16},{"not_picked":["Rampage","Twin Strike+1"],"picked":"Clash","floor":18},{"not_picked":["Body Slam","Seeing Red","Flex"],"picked":"SKIP","floor":21},{"not_picked":["Corruption","Thunderclap","Clothesline"],"picked":"SKIP","floor":22},{"not_picked":["Flex","Entrench","True Grit"],"picked":"SKIP","floor":23},{"not_picked":["Heavy Blade","Blood for Blood"],"picked":"Armaments","floor":28},{"not_picked":["Whirlwind","Intimidate","Flame Barrier"],"picked":"SKIP","floor":30},{"not_picked":["Perfected Strike+1","Sword Boomerang+1","Heavy Blade+1"],"picked":"SKIP","floor":35},{"not_picked":["Sword Boomerang","Pummel+1","Thunderclap+1"],"picked":"SKIP","floor":37},{"not_picked":["Flex","Anger","Fiend Fire"],"picked":"SKIP","floor":42},{"not_picked":["Perfected Strike","Thunderclap+1","Disarm+1"],"picked":"SKIP","floor":44},{"not_picked":["Body Slam","Carnage+1"],"picked":"Headbutt+1","floor":47},{"not_picked":["Sword Boomerang","Shrug It Off","Warcry"],"picked":"SKIP","floor":48}],"player_experience":59957,"relics_obtained":[{"floor":9,"key":"Orichalcum"},{"floor":12,"key":"MawBank"},{"floor":26,"key":"Pantograph"},{"floor":39,"key":"Bronze Scales"},{"floor":43,"key":"Darkstone Periapt"}],"event_choices":[{"damage_healed":0,"gold_gain":0,"player_choice":"Success","damage_taken":12,"relics_obtained":["Pen Nib"],"max_hp_gain":0,"max_hp_loss":0,"event_name":"Scrap Ooze","floor":4,"gold_loss":0},{"damage_healed":0,"gold_gain":0,"player_choice":"Upgraded","damage_taken":0,"max_hp_gain":0,"max_hp_loss":0,"event_name":"Upgrade Shrine","floor":7,"gold_loss":0,"cards_upgraded":["Bash"]},{"damage_healed":0,"gold_gain":0,"player_choice":"Gave Potion","damage_taken":0,"relics_obtained":["Happy Flower"],"max_hp_gain":0,"max_hp_loss":0,"event_name":"WeMeetAgain","floor":19,"gold_loss":0},{"damage_healed":26,"gold_gain":0,"player_choice":"Heal","damage_taken":0,"max_hp_gain":0,"max_hp_loss":0,"event_name":"The Library","floor":24,"gold_loss":0},{"damage_healed":0,"gold_gain":0,"player_choice":"Became a vampire (Vial)","damage_taken":0,"max_hp_gain":0,"max_hp_loss":0,"event_name":"Vampires","floor":29,"relics_lost":["Blood Vial"],"gold_loss":0,"cards_obtained":["Bite","Bite","Bite","Bite","Bite"]},{"cards_removed":["Defend_R"],"damage_healed":0,"gold_gain":0,"player_choice":"Upgrade and Remove","damage_taken":0,"max_hp_gain":0,"max_hp_loss":0,"event_name":"Designer","floor":36,"gold_loss":90,"cards_upgraded":["Bite"]},{"damage_healed":0,"gold_gain":0,"player_choice":"Paid","damage_taken":0,"relics_obtained":["Red Mask"],"max_hp_gain":0,"max_hp_loss":0,"event_name":"Tomb of Lord Red Mask","floor":38,"gold_loss":66},{"damage_healed":0,"gold_gain":0,"player_choice":"Got Potions","damage_taken":0,"max_hp_gain":0,"max_hp_loss":0,"event_name":"Lab","floor":41,"gold_loss":0}],"is_beta":false,"boss_relics":[{"not_picked":["Philosopher\u0027s Stone","Calling Bell"],"picked":"Runic Cube"},{"not_picked":["White Beast Statue","Coffee Dripper"],"picked":"Sozu"}],"items_purged_floors":[3,20,31,46],"is_endless":false,"potions_floor_spawned":[1,2,8,21,23,35,42,48],"ascension_level":0}