{"gold_per_floor":[114,124,124,124,143,143,68,86,86,118,118,147,147,157,157,231,231,244,244,159,173,190,190,216,71,71,71,83,83,83,83,83,155,155,165,179,0,20,33,65,77,89,101,132,178,190,222,253,265,277,289,301,110,142,142],"floor_reached":56,"playtime":4545,"items_purged":["Strike_B","Defend_B","Defend_B"],"score":1846,"play_id":"963bc7f8-ac4d-4b8e-ab4d-5cd36a9084c8","local_time":"20190315122612","is_ascension_mode":true,"campfire_choices":[{"data":"Zap","floor":6.0,"key":"SMITH"},{"data":"Chill","floor":11.0,"key":"SMITH"},{"data":"Capacitor","floor":13.0,"key":"SMITH"},{"data":"Barrage","floor":15.0,"key":"SMITH"},{"data":"Barrage","floor":23.0,"key":"SMITH"},{"data":"RitualDagger","floor":29.0,"key":"SMITH"},{"data":"Go for the Eyes","floor":32.0,"key":"SMITH"},{"data":"Defragment","floor":41.0,"key":"SMITH"},{"floor":49,"key":"RECALL"},{"data":"Hologram","floor":52,"key":"SMITH"}],"neow_cost":"TEN_PERCENT_HP_LOSS","seed_source_timestamp":1334149897984291,"circlet_count":0,"master_deck":["AscendersBane","Zap+1","Dualcast","Self Repair","Sunder","Go for the Eyes+1","Capacitor+1","Chill+1","Barrage+1","Leap+1","Machine Learning","Barrage+1","RitualDagger+1","Glacier","Ball Lightning+1","Electrodynamics","Cold Snap","Echo Form+1","Hologram+1","Defragment+1","Glacier+1","Capacitor+1","Go for the Eyes+1","Skim","Consume"],"special_seed":0,"relics":["Cracked Core","Bottled Tornado","Anchor","Inserter","Ginger","Pear","Bag of Preparation","Torii","Blue Candle","Nuclear Battery","MawBank","Singing Bowl","Shuriken","War Paint"],"potions_floor_usage":[55],"damage_taken":[{"damage":0.0,"enemies":"2 Louse","floor":1.0,"turns":3.0},{"damage":1.0,"enemies":"Cultist","floor":2.0,"turns":3.0},{"damage":7.0,"enemies":"Small Slimes","floor":5.0,"turns":3.0},{"damage":8.0,"enemies":"Blue Slaver","floor":8.0,"turns":3.0},{"damage":15.0,"enemies":"3 Sentries","floor":10.0,"turns":6.0},{"damage":15.0,"enemies":"Lagavulin","floor":12.0,"turns":8.0},{"damage":6.0,"enemies":"Looter","floor":14.0,"turns":3.0},{"damage":24.0,"enemies":"Hexaghost","floor":16.0,"turns":12.0},{"damage":1.0,"enemies":"3 Byrds","floor":18.0,"turns":6.0},{"damage":17.0,"enemies":"Spheric Guardian","floor":21.0,"turns":5.0},{"damage":4.0,"enemies":"Centurion and Healer","floor":22.0,"turns":8.0},{"damage":20.0,"enemies":"Book of Stabbing","floor":24.0,"turns":6.0},{"damage":0.0,"enemies":"3 Cultists","floor":28.0,"turns":4.0},{"damage":28.0,"enemies":"Champ","floor":33.0,"turns":12.0},{"damage":3.0,"enemies":"3 Darklings","floor":35.0,"turns":6.0},{"damage":0.0,"enemies":"3 Shapes","floor":36.0,"turns":6.0},{"damage":9.0,"enemies":"Spire Growth","floor":38.0,"turns":6.0},{"damage":1.0,"enemies":"Sphere and 2 Shapes","floor":39.0,"turns":5.0},{"damage":10.0,"enemies":"Reptomancer","floor":40.0,"turns":7.0},{"damage":13.0,"enemies":"3 Darklings","floor":44.0,"turns":9.0},{"damage":1.0,"enemies":"Nemesis","floor":45.0,"turns":7.0},{"damage":1.0,"enemies":"Spire Growth","floor":47.0,"turns":5.0},{"damage":1.0,"enemies":"Sphere and 2 Shapes","floor":48.0,"turns":4.0},{"damage":9,"enemies":"Awakened One","floor":50,"turns":12},{"damage":49,"enemies":"Shield and Spear","floor":54,"turns":8},{"damage":37,"enemies":"The Heart","floor":55,"turns":15}],"seed_played":"7810731201369832995","potions_obtained":[{"floor":2.0,"key":"SteroidPotion"},{"floor":8.0,"key":"GamblersBrew"},{"floor":16.0,"key":"Explosive Potion"},{"floor":33.0,"key":"Fruit Juice"},{"floor":35.0,"key":"Strength Potion"},{"floor":36.0,"key":"Energy Potion"},{"floor":44.0,"key":"Ancient Potion"}],"is_trial":false,"path_per_floor":["M","M","?","?","M","R","$","M","T","E","R","E","R","M","R","B",null,"M","?","?","M","M","R","E","$","T","?","M","R","T","$","R","B",null,"M","M","$","M","M","E","R","?","T","M","E","?","M","M","R","B",null,"R","$","E","B",null],"character_chosen":"DEFECT","items_purchased":["Bag of Preparation","Defragment","FocusPotion"],"campfire_rested":0,"item_purchase_floors":[25,37,53],"current_hp_per_floor":[64,64,64,64,64,64,64,63,63,55,55,47,47,48,48,31,56,62,56,56,46,49,49,46,46,46,46,53,53,53,53,53,32,64,73,79,79,79,79,76,76,76,76,72,81,81,80,81,81,83,83,83,83,41,11],"gold":142,"neow_bonus":"REMOVE_TWO","is_prod":false,"is_daily":false,"chose_seed":false,"campfire_upgraded":9,"win_rate":0,"timestamp":1552620372,"path_taken":["M","M","?","?","?","R","$","?","T","E","R","E","R","M","R","BOSS","M","?","?","M","M","R","E","$","T","?","M","R","?","?","R","BOSS","M","M","$","M","M","E","R","?","T","?","E","?","M","M","R","BOSS","R","$","E","BOSS"],"build_version":"2019-02-06","purchased_purges":3,"victory":true,"max_hp_per_floor":[64,64,64,64,64,64,64,64,64,64,64,64,64,64,64,64,64,64,64,64,64,64,64,74,74,74,74,74,74,74,74,74,74,74,79,79,79,79,79,79,79,79,79,81,81,81,81,83,83,83,83,83,83,83,83],"card_choices":[{"not_picked":["Coolheaded","Streamline"],"picked":"Self Repair","floor":1.0},{"not_picked":["Melter","Sweeping Beam"],"picked":"Sunder","floor":2.0},{"not_picked":["Beam Cell","Rebound"],"picked":"Go for the Eyes","floor":5.0},{"not_picked":["Lockon","Leap"],"picked":"Capacitor","floor":8.0},{"not_picked":["Aggregate","Go for the Eyes"],"picked":"Chill","floor":10.0},{"not_picked":["Aggregate","Leap"],"picked":"Barrage","floor":12.0},{"not_picked":["Go for the Eyes","Hello World"],"picked":"Leap","floor":14.0},{"not_picked":["Rainbow","Biased Cognition"],"picked":"Machine Learning","floor":16.0},{"not_picked":["Sweeping Beam","Heatsinks"],"picked":"Barrage","floor":18.0},{"not_picked":["Leap","Rebound"],"picked":"Glacier","floor":21.0},{"not_picked":["Streamline+1","Rebound+1"],"picked":"Ball Lightning+1","floor":22.0},{"not_picked":["Cold Snap","Double Energy"],"picked":"Electrodynamics","floor":24.0},{"not_picked":["Redo","Streamline"],"picked":"Cold Snap","floor":28.0},{"not_picked":["Multi-Cast","Reboot"],"picked":"Echo Form","floor":33.0},{"not_picked":["Go for the Eyes","Storm"],"picked":"Hologram","floor":35.0},{"not_picked":["Gash","Turbo+1","Hello World"],"picked":"SKIP","floor":36.0},{"not_picked":["Blizzard","Loop","Barrage"],"picked":"SKIP","floor":38.0},{"not_picked":["Leap+1","Ball Lightning"],"picked":"Glacier","floor":39.0},{"not_picked":["BootSequence","Genetic Algorithm"],"picked":"Capacitor+1","floor":40.0},{"not_picked":["Tempest+1","Barrage","Gash"],"picked":"Singing Bowl","floor":44.0},{"not_picked":["Hyperbeam","Conserve Battery"],"picked":"Go for the Eyes+1","floor":45.0},{"not_picked":["Steam+1","Redo"],"picked":"Skim","floor":47.0},{"not_picked":["Doom and Gloom","Barrage","Streamline"],"picked":"Singing Bowl","floor":48.0},{"not_picked":["Conserve Battery","Turbo+1"],"picked":"Consume","floor":54}],"player_experience":2684496,"relics_obtained":[{"floor":10.0,"key":"Bottled Tornado"},{"floor":12.0,"key":"Anchor"},{"floor":24.0,"key":"Pear"},{"floor":26.0,"key":"Torii"},{"floor":30.0,"key":"Blue Candle"},{"floor":40.0,"key":"MawBank"},{"floor":43.0,"key":"Singing Bowl"},{"floor":45.0,"key":"Shuriken"},{"floor":54,"key":"War Paint"}],"event_choices":[{"cards_removed":["Strike_B"],"damage_healed":0.0,"max_hp_gain":0.0,"max_hp_loss":0.0,"gold_gain":0.0,"event_name":"Living Wall","player_choice":"Forget","floor":3.0,"gold_loss":0.0,"damage_taken":0.0},{"damage_healed":0.0,"max_hp_gain":0.0,"max_hp_loss":0.0,"gold_gain":0.0,"event_name":"Match and Keep!","player_choice":"0 cards matched","floor":4.0,"gold_loss":0.0,"damage_taken":0.0,"cards_obtained":[]},{"damage_healed":0.0,"max_hp_gain":0.0,"max_hp_loss":0.0,"gold_gain":0.0,"event_name":"Nest","player_choice":"Joined the Cult","floor":19.0,"gold_loss":0.0,"damage_taken":6.0,"cards_obtained":["RitualDagger"]},{"damage_healed":0.0,"max_hp_gain":0.0,"max_hp_loss":0.0,"gold_gain":0.0,"event_name":"Addict","player_choice":"Obtained Relic","floor":20.0,"gold_loss":85.0,"damage_taken":0.0,"relics_obtained":["Ginger"]},{"cards_removed":["Defend_B"],"damage_healed":0.0,"max_hp_gain":0.0,"max_hp_loss":0.0,"gold_gain":0.0,"event_name":"Back to Basics","player_choice":"Elegance","floor":27.0,"gold_loss":0.0,"damage_taken":0.0},{"cards_removed":["Defend_B"],"damage_healed":0.0,"max_hp_gain":0.0,"max_hp_loss":0.0,"gold_gain":0.0,"event_name":"Bonfire Elementals","player_choice":"Offered Basic","floor":42.0,"gold_loss":0.0,"damage_taken":0.0},{"damage_healed":0.0,"max_hp_gain":0.0,"max_hp_loss":0.0,"gold_gain":0.0,"event_name":"Accursed Blacksmith","player_choice":"Forge","floor":46.0,"gold_loss":0.0,"damage_taken":0.0,"cards_upgraded":["Echo Form"]}],"is_beta":true,"boss_relics":[{"not_picked":["Velvet Choker","Tiny House"],"picked":"Inserter"},{"not_picked":["Empty Cage","Astrolabe"],"picked":"Nuclear Battery"}],"items_purged_floors":[7,37,53],"is_endless":false,"potions_floor_spawned":[2,8,16,33,35,36,44],"ascension_level":15}