{"gold_per_floor":[219,52,64,76,89,89,99,113,113,143,160,178,178,178,178,271,271,286,307,25,48,48,48,63,113,113,113,113],"floor_reached":28,"playtime":2036,"items_purged":["Strike_B"],"score":414,"play_id":"f5bea9c8-67a8-4f5e-b1d5-819e82b430c7","local_time":"20190415224105","is_ascension_mode":true,"campfire_choices":[{"data":"Defragment","floor":6.0,"key":"SMITH"},{"data":"Discovery","floor":13,"key":"SMITH"},{"data":"Creative AI","floor":15,"key":"SMITH"},{"data":"Echo Form","floor":23,"key":"SMITH"},{"data":"White Noise","floor":27,"key":"SMITH"}],"neow_cost":"NONE","seed_source_timestamp":282095323699785,"circlet_count":0,"master_deck":["AscendersBane","Strike_B","Strike_B","Strike_B","Defend_B","Defend_B+1","Defend_B+1","Defend_B","Zap","Dualcast","Cold Snap","Discovery+1","Defragment+1","Coolheaded","Static Discharge","Creative AI+1","Conserve Battery","Reinforced Body","Cold Snap","White Noise+1","Echo Form+1","Recycle","Pain","Steam Power+1"],"special_seed":0,"relics":["Cracked Core","Bottled Lightning","War Paint","Golden Idol","Busted Crown","Question Card","WarpedTongs","Pantograph"],"potions_floor_usage":[12,16,21],"damage_taken":[{"damage":7.0,"enemies":"Cultist","floor":1.0,"turns":4.0},{"damage":0.0,"enemies":"Small Slimes","floor":3.0,"turns":3.0},{"damage":2.0,"enemies":"Jaw Worm","floor":4.0,"turns":4.0},{"damage":9.0,"enemies":"Red Slaver","floor":5.0,"turns":6.0},{"damage":9.0,"enemies":"Looter","floor":7.0,"turns":3.0},{"damage":0.0,"enemies":"3 Louse","floor":8.0,"turns":2.0},{"damage":3.0,"enemies":"Lagavulin","floor":10.0,"turns":7.0},{"damage":5,"enemies":"Blue Slaver","floor":11,"turns":6},{"damage":12,"enemies":"Gremlin Gang","floor":12,"turns":5},{"damage":6,"enemies":"Hexaghost","floor":16,"turns":10},{"damage":0,"enemies":"Spheric Guardian","floor":18,"turns":3},{"damage":0,"enemies":"Chosen","floor":19,"turns":5},{"damage":10,"enemies":"Snake Plant","floor":21,"turns":8},{"damage":13,"enemies":"Shelled Parasite and Fungi","floor":24,"turns":9},{"damage":44,"enemies":"Slavers","floor":28,"turns":3}],"seed_played":"-7738991685394379288","potions_obtained":[{"floor":5.0,"key":"Energy Potion"},{"floor":7.0,"key":"AttackPotion"},{"floor":8.0,"key":"Explosive Potion"},{"floor":11,"key":"Regen Potion"},{"floor":12,"key":"Weak Potion"},{"floor":21,"key":"LiquidBronze"}],"is_trial":false,"path_per_floor":["M","$","M","M","M","R","M","M","T","E","M","M","R","?","R","B",null,"M","M","$","M","?","R","M","?","T","R","E"],"character_chosen":"DEFECT","items_purchased":["Discovery","Question Card"],"campfire_rested":0,"item_purchase_floors":[2,20],"current_hp_per_floor":[57,57,57,55,46,46,37,37,37,34,29,17,17,17,17,26,55,55,55,55,45,45,45,32,32,32,32,0],"gold":113,"neow_bonus":"HUNDRED_GOLD","is_prod":false,"is_daily":false,"chose_seed":false,"campfire_upgraded":5,"win_rate":0,"timestamp":1555335665,"path_taken":["M","$","M","M","M","R","?","M","T","E","M","M","R","?","R","BOSS","M","M","$","M","?","R","?","?","T","R","E"],"build_version":"2019-04-04","purchased_purges":1,"victory":false,"max_hp_per_floor":[71,71,71,71,71,71,71,71,71,71,71,71,71,64,64,64,64,64,64,64,64,64,64,64,64,64,64,64],"card_choices":[{"not_picked":["Doom and Gloom","Stack"],"picked":"Cold Snap","floor":1.0},{"not_picked":["Heatsinks","Loop"],"picked":"Defragment","floor":3.0},{"not_picked":["Sweeping Beam","Compile Driver"],"picked":"Coolheaded","floor":4.0},{"not_picked":["Gash","Go for the Eyes"],"picked":"Static Discharge","floor":5.0},{"not_picked":["Redo","Stack"],"picked":"Creative AI","floor":7.0},{"not_picked":["Gash","Barrage"],"picked":"Conserve Battery","floor":8.0},{"not_picked":["Redo","Leap"],"picked":"Reinforced Body","floor":10},{"not_picked":["Compile Driver","Melter"],"picked":"Cold Snap","floor":11},{"not_picked":["Go for the Eyes","Conserve Battery"],"picked":"White Noise","floor":12},{"not_picked":["Amplify","Biased Cognition"],"picked":"Echo Form","floor":16},{"not_picked":["Tempest"],"picked":"SKIP","floor":18},{"not_picked":[],"picked":"Recycle","floor":19},{"not_picked":["Fusion","Compile Driver"],"picked":"SKIP","floor":21},{"not_picked":["Fusion","Compile Driver"],"picked":"SKIP","floor":21},{"not_picked":["Auto Shields"],"picked":"Steam Power+1","floor":24}],"player_experience":2953650,"relics_obtained":[{"floor":9.0,"key":"Bottled Lightning"},{"floor":10,"key":"War Paint"},{"floor":26,"key":"Pantograph"}],"event_choices":[{"damage_healed":0,"gold_gain":0,"player_choice":"Lose Max HP","damage_taken":0,"relics_obtained":["Golden Idol"],"max_hp_gain":0,"max_hp_loss":7,"event_name":"Golden Idol","floor":14,"gold_loss":0},{"damage_healed":0,"gold_gain":0,"player_choice":"Rummage","damage_taken":0,"relics_obtained":["WarpedTongs"],"max_hp_gain":0,"max_hp_loss":0,"event_name":"Accursed Blacksmith","floor":22,"gold_loss":0,"cards_obtained":["Pain"]},{"damage_healed":0,"gold_gain":50,"player_choice":"Pray","damage_taken":0,"max_hp_gain":0,"max_hp_loss":0,"event_name":"Golden Shrine","floor":25,"gold_loss":0}],"is_beta":true,"boss_relics":[{"not_picked":["Orrery","Black Star"],"picked":"Busted Crown"}],"items_purged_floors":[2],"is_endless":false,"potions_floor_spawned":[5,7,8,11,12,21],"killed_by":"Slavers","ascension_level":17}