{"gold_per_floor":[359,359,359,378,396,431,431,460,460,494,512,523,542,558,558,558],"floor_reached":16,"playtime":452,"items_purged":[],"score":298,"play_id":"794daf1a-c122-4e67-9c64-81e186c27f6c","local_time":"20190324120923","is_ascension_mode":true,"campfire_choices":[{"data":"Zap","floor":7.0,"key":"SMITH"},{"data":"Redo","floor":15.0,"key":"SMITH"}],"neow_cost":"TEN_PERCENT_HP_LOSS","seed_source_timestamp":0,"circlet_count":0,"master_deck":["AscendersBane","Strike_B","Strike_B","Strike_B","Defend_B","Defend_B","Defend_B","Defend_B","Zap+1","Dualcast","Chill","Biased Cognition+1","Leap","Ball Lightning","Cold Snap","Self Repair","Undo","Redo+1"],"special_seed":0,"relics":["Cracked Core"],"potions_floor_usage":[],"damage_taken":[{"damage":7.0,"enemies":"Small Slimes","floor":1.0,"turns":3.0},{"damage":2.0,"enemies":"Jaw Worm","floor":4.0,"turns":2.0},{"damage":0.0,"enemies":"Cultist","floor":5.0,"turns":3.0},{"damage":8.0,"enemies":"Gremlin Nob","floor":6.0,"turns":3.0},{"damage":0.0,"enemies":"3 Sentries","floor":8.0,"turns":6.0},{"damage":30.0,"enemies":"Gremlin Nob","floor":10.0,"turns":4.0},{"damage":0.0,"enemies":"Red Slaver","floor":11.0,"turns":4.0},{"damage":6.0,"enemies":"Large Slime","floor":12.0,"turns":4.0},{"damage":2.0,"enemies":"2 Fungi Beasts","floor":13.0,"turns":3.0},{"damage":0.0,"enemies":"Exordium Thugs","floor":14.0,"turns":4.0},{"damage":27,"enemies":"The Guardian","floor":16,"turns":8}],"seed_played":"-4088959108409591584","potions_obtained":[{"floor":4.0,"key":"AttackPotion"},{"floor":5.0,"key":"SkillPotion"},{"floor":10.0,"key":"Weak Potion"},{"floor":13.0,"key":"Block Potion"}],"is_trial":false,"path_per_floor":["M","?","?","M","M","E","R","E","T","E","M","M","M","M","R","B"],"character_chosen":"DEFECT","items_purchased":[],"campfire_rested":0,"item_purchase_floors":[],"current_hp_per_floor":[57,57,57,55,55,47,47,47,47,17,17,18,23,30,30,3],"gold":558,"neow_bonus":"TWO_FIFTY_GOLD","is_prod":false,"is_daily":false,"chose_seed":true,"campfire_upgraded":2,"win_rate":0,"timestamp":1553396963,"path_taken":["M","?","?","?","M","E","R","E","T","E","M","M","M","M","R","BOSS"],"build_version":"2019-01-23","purchased_purges":0,"victory":false,"max_hp_per_floor":[64,64,64,64,64,64,64,64,64,64,64,64,64,64,64,64],"card_choices":[{"not_picked":["Steam","Cold Snap"],"picked":"Chill","floor":1.0},{"not_picked":["Sweeping Beam","Gash"],"picked":"Leap","floor":4.0},{"not_picked":["Barrage","Stack"],"picked":"Ball Lightning","floor":5.0},{"not_picked":["Chaos","Rebound","Go for the Eyes"],"picked":"SKIP","floor":6.0},{"not_picked":["Steam","Rebound"],"picked":"Cold Snap","floor":8.0},{"not_picked":["Chaos","Sweeping Beam","Rebound"],"picked":"SKIP","floor":10.0},{"not_picked":["Sunder","All For One"],"picked":"Self Repair","floor":11.0},{"not_picked":["Genetic Algorithm","Force Field"],"picked":"Undo","floor":12.0},{"not_picked":["Sweeping Beam","Heatsinks","Leap"],"picked":"SKIP","floor":13.0},{"not_picked":["Compile Driver","Cold Snap"],"picked":"Redo","floor":14.0}],"player_experience":4610418,"relics_obtained":[],"event_choices":[{"damage_healed":0.0,"max_hp_gain":0.0,"max_hp_loss":0.0,"gold_gain":0.0,"cards_transformed":["Strike_B"],"event_name":"Living Wall","player_choice":"Change","floor":2.0,"gold_loss":0.0,"damage_taken":0.0,"cards_obtained":["Biased Cognition"]},{"damage_healed":0.0,"max_hp_gain":0.0,"max_hp_loss":0.0,"gold_gain":0.0,"event_name":"Upgrade Shrine","player_choice":"Upgraded","floor":3.0,"gold_loss":0.0,"damage_taken":0.0,"cards_upgraded":["Biased Cognition"]}],"is_beta":false,"boss_relics":[],"items_purged_floors":[],"is_endless":false,"potions_floor_spawned":[4,5,10,13],"killed_by":"The Guardian","ascension_level":20}