{"gold_per_floor":[110,110,134,152,127,127,147,147,147,190,190,205,221,221,221,316,316,285,285,10,25,48,48,48,48],"floor_reached":25,"playtime":1984,"items_purged":[],"score":359,"play_id":"df193858-58c1-42e0-92d6-b32778935274","local_time":"20181228230240","is_ascension_mode":true,"campfire_choices":[{"data":"Deadly Poison","floor":6.0,"key":"SMITH"},{"floor":8.0,"key":"REST"},{"data":"Caltrops","floor":15.0,"key":"SMITH"},{"floor":23,"key":"REST"}],"neow_cost":"PERCENT_DAMAGE","seed_source_timestamp":0,"circlet_count":0,"master_deck":["AscendersBane","Defend_G","Defend_G","Defend_G","Defend_G","Defend_G","Strike_G","Strike_G","Strike_G","Strike_G","Strike_G","Survivor","Neutralize","Leg Sweep","Caltrops+1","Deadly Poison+1","Skewer","Heel Hook","Deflect","Escape Plan","Night Terror","Calculated Gamble","Footwork","Backstab","Heel Hook+1"],"special_seed":0,"relics":["Ring of the Snake","StoneCalendar","Golden Idol","Matryoshka","Ginger","White Beast Statue","Blue Candle","OrangePellets"],"potions_floor_usage":[22,22],"damage_taken":[{"damage":0.0,"enemies":"Small Slimes","floor":1.0,"turns":3.0},{"damage":1.0,"enemies":"2 Louse","floor":3.0,"turns":5.0},{"damage":0.0,"enemies":"Jaw Worm","floor":4.0,"turns":7.0},{"damage":25.0,"enemies":"Exordium Thugs","floor":5.0,"turns":6.0},{"damage":1.0,"enemies":"3 Louse","floor":7.0,"turns":5.0},{"damage":29.0,"enemies":"Gremlin Nob","floor":10.0,"turns":4.0},{"damage":0.0,"enemies":"Large Slime","floor":12.0,"turns":5.0},{"damage":2.0,"enemies":"2 Fungi Beasts","floor":13.0,"turns":4.0},{"damage":8.0,"enemies":"Hexaghost","floor":16.0,"turns":8.0},{"damage":29,"enemies":"2 Thieves","floor":18,"turns":5},{"damage":0,"enemies":"Shell Parasite","floor":21,"turns":7},{"damage":17,"enemies":"Cultist and Chosen","floor":22,"turns":7},{"damage":25,"enemies":"Snake Plant","floor":25,"turns":4}],"seed_played":"-6539369256445059734","potions_obtained":[{"floor":3.0,"key":"Dexterity Potion"},{"floor":4.0,"key":"GamblersBrew"},{"floor":5.0,"key":"SkillPotion"},{"floor":10.0,"key":"Poison Potion"},{"floor":18,"key":"Swift Potion"},{"floor":21,"key":"Weak Potion"},{"floor":22,"key":"SteroidPotion"}],"is_trial":false,"path_per_floor":["M","?","M","M","M","R","M","R","T","E","?","M","M","?","R","B","M","?","$","M","M","R","$","M"],"character_chosen":"THE_SILENT","items_purchased":["OrangePellets","Footwork"],"campfire_rested":2,"item_purchase_floors":[20,20],"current_hp_per_floor":[44,44,43,43,18,18,17,35,35,6,26,26,24,24,24,16,49,20,20,20,20,3,21,21,0],"gold":48,"neow_bonus":"ONE_RARE_RELIC","is_prod":false,"is_daily":false,"chose_seed":false,"campfire_upgraded":2,"win_rate":0,"timestamp":1546005760,"path_taken":["M","?","M","M","M","R","M","R","T","E","?","M","M","?","R","BOSS","M","?","?","M","M","R","$","M"],"build_version":"2018-12-25","purchased_purges":0,"victory":false,"max_hp_per_floor":[66,60,60,60,60,60,60,60,60,60,60,60,60,60,60,60,60,60,60,60,60,60,60,60,60],"card_choices":[{"not_picked":["Prepared","Accuracy","Setup"],"picked":"SKIP","floor":1.0},{"not_picked":["Dagger Throw","Calculated Gamble"],"picked":"Leg Sweep","floor":3.0},{"not_picked":["Outmaneuver","Dodge and Roll"],"picked":"Caltrops","floor":4.0},{"not_picked":["PiercingWail","Outmaneuver"],"picked":"Deadly Poison","floor":5.0},{"not_picked":["Skewer","Grand Finale","Dagger Throw"],"picked":"SKIP","floor":7.0},{"not_picked":["Grand Finale","Dagger Throw"],"picked":"Skewer","floor":7.0},{"not_picked":["Finisher","Dagger Throw"],"picked":"Heel Hook","floor":10.0},{"not_picked":["Terror","Choke"],"picked":"Deflect","floor":12.0},{"not_picked":["Poisoned Stab","Quick Slash"],"picked":"Escape Plan","floor":13.0},{"not_picked":["Glass Knife","Doppelganger"],"picked":"Night Terror","floor":16.0},{"not_picked":["Backflip","Finisher"],"picked":"Calculated Gamble","floor":18},{"not_picked":["Dagger Spray","Finisher"],"picked":"Backstab","floor":21},{"not_picked":["Dodge and Roll+1","Dagger Throw"],"picked":"Heel Hook+1","floor":22}],"player_experience":2601320,"relics_obtained":[{"floor":9.0,"key":"Matryoshka"},{"floor":10.0,"key":"Ginger"},{"floor":19,"key":"Blue Candle"}],"event_choices":[{"damage_healed":0.0,"max_hp_gain":0.0,"max_hp_loss":6.0,"gold_gain":0.0,"event_name":"Golden Idol","player_choice":"Lose Max HP","floor":2.0,"gold_loss":0.0,"damage_taken":0.0,"relics_obtained":["Golden Idol"]},{"damage_healed":20.0,"max_hp_gain":0.0,"max_hp_loss":0.0,"gold_gain":0.0,"event_name":"Big Fish","player_choice":"Banana","floor":11.0,"gold_loss":0.0,"damage_taken":0.0},{"damage_healed":0.0,"max_hp_gain":0.0,"max_hp_loss":0.0,"gold_gain":0.0,"event_name":"Liars Game","player_choice":"Ignored","floor":14.0,"gold_loss":0.0,"damage_taken":0.0},{"damage_healed":0,"gold_gain":0,"player_choice":"Relic","damage_taken":0,"max_hp_gain":0,"max_hp_loss":0,"event_name":"Wheel of Change","floor":19,"gold_loss":0}],"is_beta":true,"boss_relics":[{"not_picked":["Fusion Hammer","Coffee Dripper"],"picked":"White Beast Statue"}],"items_purged_floors":[],"is_endless":false,"potions_floor_spawned":[3,4,5,10,13,18,21,22],"killed_by":"Snake Plant","ascension_level":15}