{"gold_per_floor":[111,123,198,348,348,348,360,360,407,43,72,72,99,110,110,187,187,206,216,230,210,225,225,239,239,239,252,252,262,262,273,273,349,349,361,251,267,1266,983,983,1013,1013,1013,1044,1044,1058,112,0,0,0,0,0,0,28,28],"floor_reached":55,"playtime":3809,"items_purged":["Pain","Normality","Normality"],"score":1249,"play_id":"da1b1cba-fbbb-4bd0-9e8b-1c652f463c8c","local_time":"20190306092935","is_ascension_mode":true,"campfire_choices":[{"data":"Neutralize","floor":6.0,"key":"SMITH"},{"data":"Crippling Poison","floor":8.0,"key":"SMITH"},{"floor":12.0,"key":"REST"},{"floor":15.0,"key":"REST"},{"floor":23.0,"key":"REST"},{"floor":25.0,"key":"RECALL"},{"floor":30.0,"key":"REST"},{"floor":32.0,"key":"REST"},{"floor":40.0,"key":"REST"},{"floor":45.0,"key":"REST"},{"floor":49.0,"key":"REST"},{"floor":52.0,"key":"REST"}],"neow_cost":"NONE","seed_source_timestamp":0,"circlet_count":0,"master_deck":["AscendersBane","Defend_G+1","Defend_G","Defend_G","Defend_G","Defend_G","Strike_G","Strike_G","Strike_G","Strike_G","Strike_G","Survivor","Neutralize+1","Catalyst","Crippling Poison+1","Escape Plan","Infinite Blades","Predator","Accuracy","Tools of the Trade","Accuracy","Corpse Explosion","Bouncing Flask","Tactician","Backflip+1","Blade Dance+1","After Image+1","Infinite Blades+1","Leg Sweep","Footwork+1","Outmaneuver+1","Finesse+1","Panache+1","Dramatic Entrance","After Image+1","After Image+1","Panache+1","Wraith Form v2+1","Prepared+1","Footwork+1"],"special_seed":0,"relics":["Ring of the Serpent","Snake Skull","WarpedTongs","Shuriken","Thread and Needle","Bottled Lightning","Fusion Hammer","Boot","Frozen Egg 2","Potion Belt","Dream Catcher","Blood Vial","Blue Candle","DollysMirror","Dead Branch","Red Mask","War Paint"],"potions_floor_usage":[55,55],"damage_taken":[{"damage":0.0,"enemies":"2 Louse","floor":1.0,"turns":4.0},{"damage":1.0,"enemies":"Small Slimes","floor":2.0,"turns":5.0},{"damage":8.0,"enemies":"Cultist","floor":7.0,"turns":4.0},{"damage":19.0,"enemies":"Gremlin Nob","floor":11.0,"turns":6.0},{"damage":7.0,"enemies":"Lagavulin","floor":13.0,"turns":5.0},{"damage":0.0,"enemies":"2 Fungi Beasts","floor":14.0,"turns":3.0},{"damage":11.0,"enemies":"Slime Boss","floor":16.0,"turns":8.0},{"damage":17.0,"enemies":"2 Thieves","floor":18.0,"turns":5.0},{"damage":0.0,"enemies":"Chosen","floor":19.0,"turns":3.0},{"damage":16.0,"enemies":"Snecko","floor":20.0,"turns":4.0},{"damage":16.0,"enemies":"Shelled Parasite and Fungi","floor":22.0,"turns":7.0},{"damage":0.0,"enemies":"Centurion and Healer","floor":24.0,"turns":7.0},{"damage":6.0,"enemies":"Cultist and Chosen","floor":27.0,"turns":5.0},{"damage":4.0,"enemies":"Snecko","floor":29.0,"turns":4.0},{"damage":14.0,"enemies":"Snake Plant","floor":31.0,"turns":2.0},{"damage":47.0,"enemies":"Champ","floor":33.0,"turns":11.0},{"damage":0.0,"enemies":"Orb Walker","floor":35.0,"turns":4.0},{"damage":4.0,"enemies":"3 Darklings","floor":37.0,"turns":3.0},{"damage":16.0,"enemies":"Nemesis","floor":41.0,"turns":7.0},{"damage":39.0,"enemies":"Reptomancer","floor":44.0,"turns":7.0},{"damage":1.0,"enemies":"Maw","floor":46.0,"turns":7.0},{"damage":11.0,"enemies":"Time Eater","floor":50.0,"turns":10.0},{"damage":21.0,"enemies":"Shield and Spear","floor":54.0,"turns":6.0},{"damage":70,"enemies":"The Heart","floor":55,"turns":8}],"seed_played":"8878891725132192582","potions_obtained":[{"floor":1.0,"key":"LiquidBronze"},{"floor":2.0,"key":"EssenceOfSteel"},{"floor":11.0,"key":"Strength Potion"},{"floor":16.0,"key":"Regen Potion"},{"floor":21.0,"key":"EntropicBrew"},{"floor":27.0,"key":"Strength Potion"},{"floor":37.0,"key":"PowerPotion"},{"floor":41.0,"key":"SteroidPotion"},{"floor":46.0,"key":"Energy Potion"},{"floor":54.0,"key":"Regen Potion"}],"is_trial":false,"path_per_floor":["M","M","?","?","?","R","M","R","T","$","E","R","E","M","R","B",null,"M","M","M","?","M","R","M","R","T","M","T","M","R","M","R","B",null,"M","?","M","?","$","R","E","?","T","E","R","M","$","?","R","B",null,"R","$","E","B"],"character_chosen":"THE_SILENT","items_purchased":["Shuriken","Infinite Blades","Footwork+1","Potion Belt","DollysMirror","Dead Branch","Panache+1","Wraith Form v2+1"],"campfire_rested":9,"item_purchase_floors":[10,10,39,39,47,47,47,47],"current_hp_per_floor":[59,58,47,47,47,47,39,39,39,39,20,39,32,32,51,40,60,43,43,27,27,25,44,44,44,44,38,38,34,53,39,58,11,52,52,52,48,48,48,66,50,40,40,15,34,35,35,35,54,45,61,66,66,45,0],"gold":28,"neow_bonus":"RANDOM_COMMON_RELIC","is_prod":false,"is_daily":false,"chose_seed":false,"campfire_upgraded":2,"win_rate":0,"timestamp":1551832175,"path_taken":["M","M","?","?","?","R","M","R","T","$","E","R","E","M","R","BOSS","M","?","M","?","?","R","M","R","T","M","?","?","R","M","R","BOSS","M","?","?","?","$","R","E","?","T","E","R","M","$","?","R","BOSS","R","$","E","BOSS"],"build_version":"2019-02-06","purchased_purges":3,"victory":false,"max_hp_per_floor":[66,66,66,66,66,66,66,66,66,66,66,66,66,66,66,66,66,66,66,66,66,66,66,66,66,66,66,66,66,66,66,66,66,66,66,66,66,66,66,66,66,66,66,66,66,66,66,66,66,66,66,66,66,66,66],"card_choices":[{"not_picked":["Eviscerate","Infinite Blades"],"picked":"Catalyst","floor":1.0},{"not_picked":["Prepared","Terror"],"picked":"Crippling Poison","floor":2.0},{"not_picked":["Acrobatics","Bane"],"picked":"Escape Plan","floor":7.0},{"not_picked":["Setup","Flying Knee"],"picked":"Predator","floor":11.0},{"not_picked":["Terror","Masterful Stab"],"picked":"Accuracy","floor":13.0},{"not_picked":["Dagger Throw","Choke","Setup"],"picked":"SKIP","floor":14.0},{"not_picked":["Wraith Form v2","Glass Knife"],"picked":"Tools of the Trade","floor":16.0},{"not_picked":["Slice+1","Outmaneuver","Prepared"],"picked":"SKIP","floor":18.0},{"not_picked":["Choke","Underhanded Strike"],"picked":"Accuracy","floor":19.0},{"not_picked":["Prepared","Poisoned Stab","Quick Slash"],"picked":"SKIP","floor":20.0},{"not_picked":["All Out Attack","Sucker Punch+1"],"picked":"Corpse Explosion","floor":22.0},{"not_picked":["Deadly Poison","Setup"],"picked":"Bouncing Flask","floor":24.0},{"not_picked":["Deflect","Prepared"],"picked":"Tactician","floor":27.0},{"not_picked":["All Out Attack","Cloak And Dagger"],"picked":"Backflip+1","floor":29.0},{"not_picked":["Riddle With Holes","Backflip"],"picked":"Blade Dance","floor":31.0},{"not_picked":["Bullet Time","Storm of Steel"],"picked":"After Image+1","floor":33.0},{"not_picked":["Acrobatics+1","Prepared"],"picked":"Infinite Blades+1","floor":35.0},{"not_picked":["Acrobatics","Slice+1"],"picked":"Leg Sweep","floor":37.0},{"not_picked":["Concentrate","Poisoned Stab+1"],"picked":"Outmaneuver+1","floor":41.0},{"not_picked":["Swift Strike","Chrysalis"],"picked":"Finesse","floor":42.0},{"not_picked":["Madness","Flash of Steel"],"picked":"Panache+1","floor":42.0},{"not_picked":["Transmutation","Madness"],"picked":"Dramatic Entrance","floor":42.0},{"not_picked":["Slice","Dodge and Roll+1"],"picked":"After Image+1","floor":44.0},{"not_picked":["Distraction","Quick Slash+1","Slice+1"],"picked":"SKIP","floor":46.0},{"not_picked":["Acrobatics+1","Crippling Poison"],"picked":"Prepared+1","floor":49.0},{"not_picked":["Dagger Throw+1","Leg Sweep"],"picked":"Footwork+1","floor":54.0}],"player_experience":2637084,"relics_obtained":[{"floor":11.0,"key":"Thread and Needle"},{"floor":13.0,"key":"Bottled Lightning"},{"floor":26.0,"key":"Boot"},{"floor":28.0,"key":"Frozen Egg 2"},{"floor":41.0,"key":"Dream Catcher"},{"floor":43.0,"key":"Blood Vial"},{"floor":44.0,"key":"Blue Candle"},{"floor":54.0,"key":"War Paint"}],"event_choices":[{"damage_healed":0.0,"max_hp_gain":0.0,"max_hp_loss":0.0,"gold_gain":75.0,"event_name":"World of Goop","player_choice":"Gather Gold","floor":3.0,"gold_loss":0.0,"damage_taken":11.0},{"damage_healed":0.0,"max_hp_gain":0.0,"max_hp_loss":0.0,"gold_gain":150.0,"event_name":"Liars Game","player_choice":"AGREE","floor":4.0,"gold_loss":0.0,"damage_taken":0.0,"cards_obtained":["Doubt"]},{"damage_healed":0.0,"max_hp_gain":0.0,"max_hp_loss":0.0,"gold_gain":0.0,"event_name":"Accursed Blacksmith","player_choice":"Rummage","floor":5.0,"gold_loss":0.0,"damage_taken":0.0,"relics_obtained":["WarpedTongs"],"cards_obtained":["Pain"]},{"damage_healed":0.0,"max_hp_gain":0.0,"max_hp_loss":0.0,"gold_gain":0.0,"event_name":"The Woman in Blue","player_choice":"Bought 1 Potion","floor":21.0,"gold_loss":0.0,"damage_taken":0.0},{"cards_removed":["Doubt"],"damage_healed":0.0,"max_hp_gain":0.0,"max_hp_loss":0.0,"gold_gain":0.0,"event_name":"Designer","player_choice":"Upgrade and Remove","floor":36.0,"gold_loss":110.0,"damage_taken":0.0,"cards_upgraded":["Blade Dance"]},{"damage_healed":0.0,"max_hp_gain":0.0,"max_hp_loss":0.0,"gold_gain":999.0,"event_name":"MindBloom","player_choice":"Gold","floor":38.0,"gold_loss":0.0,"damage_taken":0.0,"cards_obtained":["Normality","Normality"]},{"damage_healed":0.0,"max_hp_gain":0.0,"max_hp_loss":0.0,"gold_gain":0.0,"event_name":"SensoryStone","player_choice":"Memory 3","floor":42.0,"gold_loss":0.0,"damage_taken":10.0},{"damage_healed":0.0,"max_hp_gain":0.0,"max_hp_loss":0.0,"gold_gain":0.0,"event_name":"Tomb of Lord Red Mask","player_choice":"Paid","floor":48.0,"gold_loss":112.0,"damage_taken":0.0,"relics_obtained":["Red Mask"]}],"is_beta":true,"boss_relics":[{"not_picked":["Cursed Key","Tiny House"],"picked":"Fusion Hammer"},{"not_picked":["Runic Dome","White Beast Statue"],"picked":"Ring of the Serpent"}],"items_purged_floors":[10,39,47],"is_endless":false,"potions_floor_spawned":[1,2,11,16,20,27,37,41,46,54],"killed_by":"The Heart","ascension_level":15}