{"gold_per_floor":[10,28,48,48,63,63,97,117,117,117,160,181,181,199,199,288,288,208,133,183,21,21,21,21],"floor_reached":24,"playtime":614,"items_purged":["Strike_B"],"score":408,"play_id":"48740a1a-68ae-4a44-9e61-f00c0287040b","local_time":"20190407001415","is_ascension_mode":true,"campfire_choices":[{"floor":6,"key":"REST"},{"data":"Redo","floor":13,"key":"SMITH"},{"data":"Zap","floor":15,"key":"SMITH"},{"data":"Barrage","floor":23,"key":"SMITH"}],"neow_cost":"NO_GOLD","seed_source_timestamp":366357749304900,"circlet_count":0,"master_deck":["AscendersBane","Strike_B","Defend_B","Defend_B","Defend_B","Zap+1","Dualcast","Coolheaded","Loop","Cold Snap","Melter","Seek","FTL","Redo+1","Capacitor+1","Buffer+1","Barrage+1","Heatsinks+1","Self Repair+1","Steam Power"],"relics":["Cracked Core","Golden Idol","Blood Vial","Frozen Egg 2","Regal Pillow","Inserter"],"potions_floor_usage":[7,16,16],"damage_taken":[{"damage":1,"enemies":"2 Louse","floor":1,"turns":2},{"damage":2,"enemies":"Jaw Worm","floor":2,"turns":4},{"damage":0,"enemies":"Cultist","floor":3,"turns":4},{"damage":8,"enemies":"Exordium Wildlife","floor":5,"turns":3},{"damage":6,"enemies":"Gremlin Nob","floor":7,"turns":3},{"damage":0,"enemies":"Large Slime","floor":8,"turns":7},{"damage":25,"enemies":"3 Sentries","floor":11,"turns":8},{"damage":4,"enemies":"2 Fungi Beasts","floor":12,"turns":3},{"damage":11,"enemies":"Lots of Slimes","floor":14,"turns":4},{"damage":30,"enemies":"The Guardian","floor":16,"turns":12},{"damage":10,"enemies":"2 Thieves","floor":18,"turns":4},{"damage":49,"enemies":"Book of Stabbing","floor":24,"turns":4}],"seed_played":"8197532014683562693","potions_obtained":[{"floor":1,"key":"Weak Potion"},{"floor":5,"key":"Fire Potion"},{"floor":11,"key":"PowerPotion"}],"is_trial":false,"path_per_floor":["M","M","M","?","M","R","E","M","T","?","E","M","R","M","R","B",null,"M","$","?","$","?","R","E"],"character_chosen":"DEFECT","items_purchased":["Heatsinks+1","Self Repair+1"],"campfire_rested":1,"item_purchase_floors":[19,21],"current_hp_per_floor":[63,61,61,37,29,50,44,46,46,69,46,44,44,35,35,7,55,47,47,47,47,47,47,0],"gold":21,"neow_bonus":"REMOVE_TWO","is_prod":false,"is_daily":false,"chose_seed":false,"campfire_upgraded":3,"win_rate":0,"timestamp":1554563655,"path_taken":["M","M","M","?","M","R","E","M","T","?","E","M","R","M","R","BOSS","M","$","?","$","?","R","E"],"build_version":"2019-01-23","purchased_purges":1,"victory":false,"max_hp_per_floor":[71,71,71,71,71,71,71,71,71,71,71,71,71,71,71,71,71,71,71,71,71,71,71,71],"card_choices":[{"not_picked":["Stack","Go for the Eyes"],"picked":"Coolheaded","floor":1},{"not_picked":["Sweeping Beam","Compile Driver"],"picked":"Loop","floor":2},{"not_picked":["Leap","Steam Power"],"picked":"Cold Snap","floor":3},{"not_picked":["Stack","Coolheaded"],"picked":"Melter","floor":5},{"not_picked":["Coolheaded","Go for the Eyes","Steam"],"picked":"SKIP","floor":7},{"not_picked":["Rebound","Glacier"],"picked":"Seek","floor":8},{"not_picked":["Scrape","Stack"],"picked":"FTL","floor":11},{"not_picked":["Cold Snap","Stack"],"picked":"Redo","floor":12},{"not_picked":["Reinforced Body","Gash"],"picked":"Capacitor+1","floor":14},{"not_picked":["Machine Learning+1","Amplify"],"picked":"Buffer+1","floor":16},{"not_picked":["Compile Driver","Beam Cell+1"],"picked":"Barrage","floor":18}],"player_experience":4715146,"relics_obtained":[{"floor":7,"key":"Blood Vial"},{"floor":9,"key":"Frozen Egg 2"},{"floor":11,"key":"Regal Pillow"}],"event_choices":[{"damage_healed":0,"gold_gain":0,"player_choice":"Take Damage","damage_taken":24,"relics_obtained":["Golden Idol"],"max_hp_gain":0,"max_hp_loss":0,"event_name":"Golden Idol","floor":4,"gold_loss":0},{"damage_healed":23,"gold_gain":0,"player_choice":"Banana","damage_taken":0,"max_hp_gain":0,"max_hp_loss":0,"event_name":"Big Fish","floor":10,"gold_loss":0},{"damage_healed":0,"gold_gain":50,"player_choice":"Stole From Cult","damage_taken":0,"max_hp_gain":0,"max_hp_loss":0,"event_name":"Nest","floor":20,"gold_loss":0},{"damage_healed":0,"gold_gain":0,"cards_transformed":["Strike_B"],"player_choice":"Transformed","damage_taken":0,"max_hp_gain":0,"max_hp_loss":0,"event_name":"Transmorgrifier","floor":22,"gold_loss":0,"cards_obtained":["Steam Power"]}],"is_beta":false,"boss_relics":[{"not_picked":["Black Star","Snecko Eye"],"picked":"Inserter"}],"items_purged_floors":[21],"is_endless":false,"potions_floor_spawned":[1,5,11,14],"killed_by":"Book of Stabbing","ascension_level":20}