{"gold_per_floor":[117,117,117,132,92,118,133,153,225,225,252,252,266,65,65,160,160,176,191,201,18,18,53,53,53],"floor_reached":25,"playtime":1079,"items_purged":["Doubt"],"score":513,"play_id":"d7fec74a-85e9-4682-807d-1dcff3520537","local_time":"20190429112402","is_ascension_mode":true,"campfire_choices":[{"data":"Pummel","floor":10,"key":"SMITH"},{"data":"Flex","floor":12,"key":"SMITH"},{"data":"Pummel","floor":15,"key":"SMITH"},{"floor":24,"key":"REST"}],"neow_cost":"NONE","seed_source_timestamp":1532573078021175,"circlet_count":0,"master_deck":["AscendersBane","Strike_R","Strike_R","Strike_R","Strike_R","Strike_R+1","Defend_R","Defend_R","Defend_R","Defend_R","Bash","Perfected Strike+1","Pummel+1","Clash","Clash","Flex+1","Pummel+1","Clash+1","Limit Break","Inflame+1","Twin Strike","Heavy Blade"],"special_seed":0,"relics":["Burning Blood","NeowsBlessing","Incense Burner","Dodecahedron","Omamori","DollysMirror","Calling Bell","Bag of Preparation","The Courier","Nunchaku","Whetstone","Toxic Egg 2"],"potions_floor_usage":[11,16,19,23],"damage_taken":[{"damage":0.0,"enemies":"Small Slimes","floor":1.0,"turns":1.0},{"damage":0,"enemies":"Cultist","floor":4,"turns":1},{"damage":0,"enemies":"Lagavulin","floor":6,"turns":1},{"damage":4,"enemies":"Jaw Worm","floor":7,"turns":3},{"damage":6,"enemies":"3 Louse","floor":8,"turns":3},{"damage":0,"enemies":"Gremlin Nob","floor":11,"turns":2},{"damage":0,"enemies":"Large Slime","floor":13,"turns":2},{"damage":0,"enemies":"Slime Boss","floor":16,"turns":4},{"damage":28,"enemies":"Shell Parasite","floor":18,"turns":6},{"damage":19,"enemies":"3 Byrds","floor":19,"turns":4},{"damage":30,"enemies":"Sentry and Sphere","floor":20,"turns":4},{"damage":15,"enemies":"Gremlin Leader","floor":23,"turns":4},{"damage":43,"enemies":"Snake Plant","floor":25,"turns":2}],"seed_played":"-4574307760785519746","potions_obtained":[{"floor":5,"key":"Strength Potion"},{"floor":5,"key":"FearPotion"},{"floor":7,"key":"AttackPotion"},{"floor":13,"key":"Strength Potion"},{"floor":19,"key":"Explosive Potion"}],"is_trial":false,"path_per_floor":["M","?","$","M","?","E","M","M","T","R","E","R","M","$","R","B",null,"M","M","M","$","?","E","R","M"],"character_chosen":"IRONCLAD","items_purchased":["DollysMirror","Whetstone"],"campfire_rested":1,"item_purchase_floors":[14,21],"current_hp_per_floor":[78,78,78,80,80,80,80,80,80,80,80,80,80,80,80,80,80,58,45,21,21,21,12,36,0],"gold":53,"neow_bonus":"THREE_ENEMY_KILL","is_prod":false,"is_daily":false,"chose_seed":false,"campfire_upgraded":3,"win_rate":0,"timestamp":1556526242,"path_taken":["M","?","$","?","?","E","M","?","T","R","E","R","M","$","R","BOSS","M","M","M","$","?","E","R","M"],"build_version":"2019-01-23","purchased_purges":1,"victory":false,"max_hp_per_floor":[80,80,80,80,80,80,80,80,80,80,80,80,80,80,80,80,80,80,80,80,80,80,80,80,80],"card_choices":[{"not_picked":["Wild Strike","Body Slam"],"picked":"Perfected Strike","floor":1.0},{"not_picked":["Ghostly Armor","Clothesline"],"picked":"Pummel","floor":4},{"not_picked":["Cleave","Heavy Blade"],"picked":"Clash","floor":6},{"not_picked":["Havoc","Flame Barrier"],"picked":"Clash","floor":7},{"not_picked":["Clothesline","Seeing Red"],"picked":"Flex","floor":8},{"not_picked":["Warcry","Clothesline"],"picked":"Pummel","floor":11},{"not_picked":["Disarm","Carnage","Exhume"],"picked":"SKIP","floor":13},{"not_picked":["Brutality","Exhume"],"picked":"Limit Break","floor":16},{"not_picked":["Wild Strike+1","Warcry"],"picked":"Inflame+1","floor":18},{"not_picked":["True Grit+1","Infernal Blade"],"picked":"Twin Strike","floor":19},{"not_picked":["Intimidate","Heavy Blade","Flame Barrier"],"picked":"SKIP","floor":20},{"not_picked":["Intimidate","Flame Barrier"],"picked":"Heavy Blade","floor":20},{"not_picked":["Battle Trance","Uppercut","Rampage+1"],"picked":"SKIP","floor":23}],"player_experience":1265759,"relics_obtained":[{"floor":6,"key":"Incense Burner"},{"floor":9,"key":"Dodecahedron"},{"floor":11,"key":"Omamori"},{"floor":17,"key":"Bag of Preparation"},{"floor":17,"key":"The Courier"},{"floor":17,"key":"Nunchaku"},{"floor":23,"key":"Toxic Egg 2"}],"event_choices":[{"damage_healed":0,"gold_gain":0,"player_choice":"Upgraded","damage_taken":0,"max_hp_gain":0,"max_hp_loss":0,"event_name":"Upgrade Shrine","floor":2,"gold_loss":0,"cards_upgraded":["Perfected Strike"]},{"damage_healed":0,"gold_gain":0,"player_choice":"Bought 3 Potions","damage_taken":0,"max_hp_gain":0,"max_hp_loss":0,"event_name":"The Woman in Blue","floor":5,"gold_loss":0},{"damage_healed":0,"gold_gain":0,"player_choice":"Ignored","damage_taken":0,"max_hp_gain":0,"max_hp_loss":0,"event_name":"Ghosts","floor":22,"gold_loss":0}],"is_beta":false,"boss_relics":[{"not_picked":["Astrolabe","Ectoplasm"],"picked":"Calling Bell"}],"items_purged_floors":[21],"is_endless":false,"potions_floor_spawned":[7,8,13,19],"killed_by":"Snake Plant","ascension_level":11}