{"gold_per_floor":[109,122,142,142,67,67,84,84,107,7,7,7,18,31,31,126,126,142,153,153,28,45,45,63,63,89,89,103,103,115,125,125,229,229,248,262,279,84,84,84,84,20,92,44,64,79,91,109,109,109],"floor_reached":50,"playtime":3867,"items_purged":["Strike_R","Strike_R","Defend_R","Parasite"],"score":545,"play_id":"bfe7550e-d839-406f-b029-9a92cf3db2ae","local_time":"20181208011006","is_ascension_mode":false,"campfire_choices":[{"data":"Flex","floor":6,"key":"SMITH"},{"data":"Seeing Red","floor":8,"key":"SMITH"},{"data":"Pommel Strike","floor":12,"key":"SMITH"},{"data":"Heavy Blade","floor":15,"key":"SMITH"},{"data":"Inflame","floor":23,"key":"SMITH"},{"data":"Impervious","floor":25,"key":"SMITH"},{"floor":29,"key":"REST"},{"floor":32,"key":"REST"},{"floor":40,"key":"REST"},{"data":"Iron Wave","floor":49,"key":"SMITH"}],"neow_cost":"NONE","seed_source_timestamp":469811682054389,"circlet_count":0,"master_deck":["Strike_R+1","Strike_R+1","Defend_R+1","Defend_R+1","Bash+1","Flex+1","Seeing Red+1","Pommel Strike+1","Heavy Blade+1","Impervious+1","Inflame+1","Flex","Heavy Blade+1","Flex+1","Reaper+1","Dual Wield+1","Spot Weakness+1","Infernal Blade+1","Iron Wave+1","Disarm+1"],"relics":["Burning Blood","NeowsBlessing","Whetstone","Runic Pyramid","MutagenicStrength","Ancient Tea Set","Astrolabe","Magic Flower","Dodecahedron"],"potions_floor_usage":[16,22,31,31,33,41,46,50,50,50],"damage_taken":[{"damage":0,"enemies":"Small Slimes","floor":1,"turns":1},{"damage":0,"enemies":"Cultist","floor":2,"turns":1},{"damage":0,"enemies":"Jaw Worm","floor":3,"turns":1},{"damage":10,"enemies":"Looter","floor":7,"turns":3},{"damage":0,"enemies":"Exordium Thugs","floor":13,"turns":4},{"damage":0,"enemies":"Red Slaver","floor":14,"turns":2},{"damage":0,"enemies":"Slime Boss","floor":16,"turns":8},{"damage":22,"enemies":"Shell Parasite","floor":18,"turns":4},{"damage":22,"enemies":"2 Thieves","floor":19,"turns":3},{"damage":0,"enemies":"Snake Plant","floor":22,"turns":1},{"damage":10,"enemies":"Snecko","floor":24,"turns":3},{"damage":24,"enemies":"Shelled Parasite and Fungi","floor":28,"turns":4},{"damage":0,"enemies":"Centurion and Healer","floor":30,"turns":4},{"damage":0,"enemies":"Snake Plant","floor":31,"turns":2},{"damage":36,"enemies":"Automaton","floor":33,"turns":5},{"damage":7,"enemies":"Orb Walker","floor":35,"turns":3},{"damage":31,"enemies":"3 Darklings","floor":36,"turns":3},{"damage":24,"enemies":"Writhing Mass","floor":37,"turns":4},{"damage":11,"enemies":"Giant Head","floor":41,"turns":5},{"damage":28,"enemies":"4 Shapes","floor":45,"turns":4},{"damage":0,"enemies":"Transient","floor":46,"turns":5},{"damage":19,"enemies":"Maw","floor":47,"turns":5},{"damage":20,"enemies":"Jaw Worm Horde","floor":48,"turns":5},{"damage":122,"enemies":"Awakened One","floor":50,"turns":11}],"seed_played":"-2113530674331578014","potions_obtained":[{"floor":2,"key":"Fire Potion"},{"floor":3,"key":"PowerPotion"},{"floor":14,"key":"Ancient Potion"},{"floor":18,"key":"Strength Potion"},{"floor":22,"key":"Swift Potion"},{"floor":33,"key":"Energy Potion"},{"floor":35,"key":"Fire Potion"},{"floor":37,"key":"SmokeBomb"},{"floor":48,"key":"Weak Potion"}],"is_trial":false,"path_per_floor":["M","M","M","?","$","R","M","R","T","$","?","R","M","M","R","B",null,"M","M","?","$","M","R","M","R","T","?","M","R","M","M","R","B",null,"M","M","M","$","?","R","E","?","T","$","M","M","M","M","R","B"],"character_chosen":"IRONCLAD","items_purchased":["Iron Wave","Strength Potion"],"campfire_rested":3,"item_purchase_floors":[38,44],"current_hp_per_floor":[80,80,80,80,80,80,76,76,76,76,60,60,66,72,72,78,80,64,48,48,48,54,54,50,50,50,50,32,56,62,68,80,50,80,79,66,48,48,48,71,75,75,75,75,65,74,64,74,74,0],"gold":109,"neow_bonus":"THREE_ENEMY_KILL","is_prod":false,"is_daily":false,"chose_seed":false,"campfire_upgraded":7,"win_rate":0,"timestamp":1544199006,"path_taken":["M","M","M","?","$","R","M","R","T","?","?","R","M","M","R","BOSS","M","M","?","$","M","R","M","R","T","?","?","R","M","M","R","BOSS","M","M","M","$","?","R","E","?","T","$","?","M","M","M","R","BOSS"],"build_version":"2018-12-06","purchased_purges":4,"victory":false,"max_hp_per_floor":[80,80,80,80,80,80,80,80,80,80,80,80,80,80,80,80,80,80,80,80,80,80,80,80,80,80,80,80,80,80,80,80,80,80,80,80,80,77,77,77,77,77,77,77,77,77,77,77,77,77],"card_choices":[{"not_picked":["Ghostly Armor","Rampage"],"picked":"Flex","floor":1},{"not_picked":["Anger","Hemokinesis"],"picked":"Seeing Red","floor":2},{"not_picked":["Shrug It Off","Uppercut"],"picked":"Pommel Strike","floor":3},{"not_picked":["Perfected Strike","Bloodletting","True Grit"],"picked":"SKIP","floor":7},{"not_picked":["Flame Barrier","Perfected Strike"],"picked":"Heavy Blade","floor":13},{"not_picked":["Combust","Twin Strike"],"picked":"Flex","floor":14},{"not_picked":["Brutality","Bludgeon"],"picked":"Impervious","floor":16},{"not_picked":["Shrug It Off+1","Thunderclap+1","Heavy Blade"],"picked":"SKIP","floor":18},{"not_picked":["Sentinel+1","Perfected Strike","Shrug It Off"],"picked":"SKIP","floor":19},{"not_picked":["Shrug It Off","Twin Strike"],"picked":"Inflame","floor":22},{"not_picked":["Sentinel","Ghostly Armor"],"picked":"Flex","floor":24},{"not_picked":["Pommel Strike","Rupture"],"picked":"Flex+1","floor":28},{"not_picked":["Evolve","True Grit","Sword Boomerang"],"picked":"SKIP","floor":30},{"not_picked":["Heavy Blade","Clash","Bludgeon"],"picked":"SKIP","floor":31},{"not_picked":["Armaments","Reckless Charge"],"picked":"Infernal Blade+1","floor":35},{"not_picked":["Cleave","Rupture","Sever Soul"],"picked":"SKIP","floor":36},{"not_picked":["Havoc","Perfected Strike","Warcry"],"picked":"SKIP","floor":37},{"not_picked":["Entrench","Perfected Strike+1","Dropkick+1"],"picked":"SKIP","floor":45},{"not_picked":["Twin Strike","True Grit+1","Infernal Blade"],"picked":"SKIP","floor":46},{"not_picked":["Cleave","Burning Pact","Armaments+1"],"picked":"SKIP","floor":47},{"not_picked":["Shrug It Off","Anger"],"picked":"Disarm+1","floor":48}],"player_experience":142373,"relics_obtained":[{"floor":9,"key":"Whetstone"},{"floor":26,"key":"Ancient Tea Set"},{"floor":43,"key":"Dodecahedron"}],"event_choices":[{"damage_healed":0,"gold_gain":0,"player_choice":"Forge","damage_taken":0,"max_hp_gain":0,"max_hp_loss":0,"event_name":"Accursed Blacksmith","floor":4,"gold_loss":0,"cards_upgraded":["Bash"]},{"damage_healed":0,"gold_gain":0,"player_choice":"Entered Light","damage_taken":16,"max_hp_gain":0,"max_hp_loss":0,"event_name":"Shining Light","floor":11,"gold_loss":0,"cards_upgraded":["Defend_R","Defend_R"]},{"damage_healed":0,"gold_gain":0,"player_choice":"Inject Mutagens","damage_taken":0,"relics_obtained":["MutagenicStrength"],"max_hp_gain":0,"max_hp_loss":0,"event_name":"Drug Dealer","floor":20,"gold_loss":0},{"damage_healed":0,"gold_gain":0,"player_choice":"Copied","damage_taken":0,"max_hp_gain":0,"max_hp_loss":0,"event_name":"Duplicator","floor":27,"gold_loss":0,"cards_obtained":["Heavy Blade"]},{"damage_healed":0,"gold_gain":0,"player_choice":"Memory 1","damage_taken":0,"max_hp_gain":0,"max_hp_loss":0,"event_name":"SensoryStone","floor":39,"gold_loss":0},{"damage_healed":0,"gold_gain":0,"player_choice":"Paid Gold","damage_taken":0,"relics_obtained":["Magic Flower"],"max_hp_gain":0,"max_hp_loss":0,"event_name":"WeMeetAgain","floor":42,"gold_loss":64}],"is_beta":false,"boss_relics":[{"not_picked":["Empty Cage","Calling Bell"],"picked":"Runic Pyramid"},{"not_picked":["Black Star","Mark of Pain"],"picked":"Astrolabe"}],"items_purged_floors":[5,10,21,38],"is_endless":false,"potions_floor_spawned":[2,3,14,18,19,22,33,35,37,41,45,48],"killed_by":"Awakened One","ascension_level":0}