{"gold_per_floor":[116,129,139,155,167,167,177,211,235,261,272,272,272,283,283,283],"floor_reached":16,"playtime":407,"items_purged":[],"score":232,"play_id":"63496242-8dcb-4d8b-b1e4-6db4d865c82a","local_time":"20190305024654","is_ascension_mode":true,"campfire_choices":[{"floor":6.0,"key":"REST"},{"data":"Beam Cell","floor":12.0,"key":"SMITH"},{"floor":15.0,"key":"REST"}],"neow_cost":"TEN_PERCENT_HP_LOSS","seed_source_timestamp":1600370645897300,"circlet_count":0,"master_deck":["AscendersBane","Strike_B+1","Strike_B","Strike_B","Defend_B","Defend_B","Defend_B","Zap","Dualcast","Loop","Rip and Tear+1","Hologram","Chill","Cold Snap","Static Discharge","Seek","Streamline","Beam Cell+1","Sunder","Rebound","Barrage"],"special_seed":0,"relics":["Cracked Core","Bottled Flame","Art of War","Whetstone"],"potions_floor_usage":[16,16],"damage_taken":[{"damage":0.0,"enemies":"Cultist","floor":1.0,"turns":3.0},{"damage":9.0,"enemies":"Small Slimes","floor":2.0,"turns":2.0},{"damage":5.0,"enemies":"2 Louse","floor":3.0,"turns":2.0},{"damage":6.0,"enemies":"Gremlin Gang","floor":4.0,"turns":7.0},{"damage":12.0,"enemies":"Looter","floor":5.0,"turns":3.0},{"damage":7.0,"enemies":"Blue Slaver","floor":7.0,"turns":3.0},{"damage":13.0,"enemies":"3 Sentries","floor":8.0,"turns":8.0},{"damage":4.0,"enemies":"Gremlin Nob","floor":10.0,"turns":3.0},{"damage":11.0,"enemies":"Exordium Thugs","floor":11.0,"turns":4.0},{"damage":9.0,"enemies":"2 Fungi Beasts","floor":14.0,"turns":2.0},{"damage":29,"enemies":"The Guardian","floor":16,"turns":7}],"seed_played":"7148580168254005661","potions_obtained":[{"floor":2.0,"key":"Weak Potion"},{"floor":5.0,"key":"Weak Potion"},{"floor":10.0,"key":"PowerPotion"},{"floor":11.0,"key":"Poison Potion"}],"is_trial":false,"path_per_floor":["M","M","M","M","M","R","M","E","T","E","M","R","?","M","R","B"],"character_chosen":"DEFECT","items_purchased":[],"campfire_rested":2,"item_purchase_floors":[],"current_hp_per_floor":[64,55,50,44,32,51,44,31,31,27,16,16,16,7,26,0],"gold":283,"neow_bonus":"TRANSFORM_TWO_CARDS","is_prod":false,"is_daily":false,"chose_seed":false,"campfire_upgraded":1,"win_rate":0,"timestamp":1551721614,"path_taken":["M","M","M","?","M","R","M","E","T","E","M","R","?","M","R","BOSS"],"build_version":"2019-01-23","purchased_purges":0,"victory":false,"max_hp_per_floor":[64,64,64,64,64,64,64,64,64,64,64,64,64,64,64,64],"card_choices":[{"not_picked":["Redo","Steam"],"picked":"Hologram","floor":1.0},{"not_picked":["Hologram","Leap"],"picked":"Chill","floor":2.0},{"not_picked":["Capacitor","Hologram"],"picked":"Cold Snap","floor":3.0},{"not_picked":["Sweeping Beam","Compile Driver"],"picked":"Static Discharge","floor":4.0},{"not_picked":["Chill","Scrape"],"picked":"Seek","floor":5.0},{"not_picked":["Hologram","Coolheaded"],"picked":"Streamline","floor":7.0},{"not_picked":["Ball Lightning","Loop"],"picked":"Beam Cell","floor":8.0},{"not_picked":["Steam","Streamline"],"picked":"Sunder","floor":10.0},{"not_picked":["Cold Snap","Coolheaded"],"picked":"Rebound","floor":11.0},{"not_picked":["Force Field","Chaos"],"picked":"Barrage","floor":14.0}],"player_experience":4472551,"relics_obtained":[{"floor":8.0,"key":"Bottled Flame"},{"floor":9.0,"key":"Art of War"},{"floor":10.0,"key":"Whetstone"}],"event_choices":[{"damage_healed":0.0,"max_hp_gain":0.0,"max_hp_loss":0.0,"gold_gain":0.0,"event_name":"Liars Game","player_choice":"Ignored","floor":13.0,"gold_loss":0.0,"damage_taken":0.0}],"is_beta":false,"boss_relics":[],"items_purged_floors":[],"is_endless":false,"potions_floor_spawned":[2,5,10,11],"killed_by":"The Guardian","ascension_level":20}