{"gold_per_floor":[119,133,133,150,75,75,92,118,118,153,153,171,185,201,201,201],"floor_reached":16,"playtime":398,"items_purged":[],"score":228,"play_id":"c3b5d2b8-ad80-4053-945b-a6ab2afc3591","local_time":"20190520015924","is_ascension_mode":true,"campfire_choices":[{"floor":6,"key":"REST"},{"data":"Conserve Battery","floor":11,"key":"SMITH"},{"data":"Hologram","floor":15,"key":"SMITH"}],"neow_cost":"NONE","seed_source_timestamp":107585039421900,"circlet_count":0,"master_deck":["AscendersBane","Strike_B+1","Strike_B","Strike_B","Defend_B","Defend_B","Defend_B","Defend_B","Zap","Dualcast+1","Reboot","Melter","Conserve Battery+1","Hologram+1","Glacier","White Noise","Double Energy+1","Consume+1","Turbo+1","Undo+1"],"relics":["Cracked Core","Blood Vial","Toxic Egg 2","Darkstone Periapt"],"potions_floor_usage":[8,8],"damage_taken":[{"damage":1,"enemies":"Small Slimes","floor":1,"turns":4},{"damage":1,"enemies":"Cultist","floor":2,"turns":3},{"damage":0,"enemies":"2 Louse","floor":4,"turns":2},{"damage":6,"enemies":"Looter","floor":7,"turns":3},{"damage":14,"enemies":"Gremlin Nob","floor":8,"turns":3},{"damage":1,"enemies":"3 Sentries","floor":10,"turns":3},{"damage":0,"enemies":"Exordium Wildlife","floor":12,"turns":3},{"damage":11,"enemies":"Exordium Thugs","floor":13,"turns":2},{"damage":12,"enemies":"Large Slime","floor":14,"turns":5},{"damage":54,"enemies":"The Guardian","floor":16,"turns":13}],"seed_played":"7610291696049624911","potions_obtained":[{"floor":1,"key":"GamblersBrew"},{"floor":2,"key":"Swift Potion"},{"floor":7,"key":"AttackPotion"}],"is_trial":false,"path_per_floor":["M","M","?","M","?","R","M","E","T","E","R","M","M","M","R","B"],"character_chosen":"DEFECT","items_purchased":[],"campfire_rested":1,"item_purchase_floors":[],"current_hp_per_floor":[63,62,41,41,41,62,56,42,42,43,43,45,36,26,26,0],"gold":201,"neow_bonus":"ONE_RANDOM_RARE_CARD","is_prod":false,"is_daily":false,"chose_seed":false,"campfire_upgraded":2,"win_rate":0,"timestamp":1558285164,"path_taken":["M","M","?","M","?","R","M","E","T","E","R","M","M","M","R","BOSS"],"build_version":"2019-01-23","purchased_purges":0,"victory":false,"max_hp_per_floor":[71,71,71,71,71,71,71,71,71,71,71,71,71,71,71,71],"card_choices":[{"not_picked":["Loop","Leap"],"picked":"Melter","floor":1},{"not_picked":["Stack","Steam"],"picked":"Conserve Battery","floor":2},{"not_picked":["Static Discharge","Scrape"],"picked":"Hologram","floor":4},{"not_picked":["Compile Driver","Loop"],"picked":"Glacier","floor":7},{"not_picked":["Capacitor","Sweeping Beam"],"picked":"White Noise","floor":8},{"not_picked":["Self Repair","Leap+1"],"picked":"Double Energy+1","floor":10},{"not_picked":["Defragment","Redo+1"],"picked":"Consume+1","floor":12},{"not_picked":["Static Discharge","Storm"],"picked":"Turbo+1","floor":13},{"not_picked":["Chaos+1","Beam Cell"],"picked":"Undo+1","floor":14}],"player_experience":5084689,"relics_obtained":[{"floor":8,"key":"Blood Vial"},{"floor":9,"key":"Toxic Egg 2"},{"floor":10,"key":"Darkstone Periapt"}],"event_choices":[{"damage_healed":0,"gold_gain":0,"player_choice":"Entered Light","damage_taken":21,"max_hp_gain":0,"max_hp_loss":0,"event_name":"Shining Light","floor":3,"gold_loss":0,"cards_upgraded":["Strike_B","Dualcast"]},{"cards_removed":["Strike_B"],"damage_healed":0,"gold_gain":0,"player_choice":"Card Removal","damage_taken":0,"max_hp_gain":0,"max_hp_loss":0,"event_name":"The Cleric","floor":5,"gold_loss":75}],"is_beta":false,"boss_relics":[],"items_purged_floors":[],"is_endless":false,"potions_floor_spawned":[1,2,7],"killed_by":"The Guardian","ascension_level":20}