{"gold_per_floor":[14,31,31,51,61,61,78,98,98,20,20,20,20,33,33,135,135,149,149,115,134,134],"floor_reached":22,"playtime":1184,"items_purged":[],"score":285,"play_id":"f057e983-c504-4bd9-888e-5bf5a8e4384b","local_time":"20190129224003","is_ascension_mode":true,"campfire_choices":[{"data":"Neutralize","floor":6.0,"key":"SMITH"},{"data":"Footwork","floor":15,"key":"SMITH"}],"neow_cost":"NO_GOLD","seed_source_timestamp":1669295837891759,"circlet_count":0,"master_deck":["AscendersBane","Survivor","Neutralize+1","Noxious Fumes","Dash","Deadly Poison","PiercingWail","Backflip","Bouncing Flask","Footwork+1","Flying Knee+1","Die Die Die+1","Night Terror","Expertise","Wraith Form v2","Die Die Die+1","Noxious Fumes","Acrobatics","Grand Finale+1","Glass Knife+1","Backflip","Calculated Gamble","Prepared+1"],"special_seed":0,"relics":["Ring of the Snake","Molten Egg 2","Pandora\u0027s Box"],"potions_floor_usage":[16,19],"damage_taken":[{"damage":0.0,"enemies":"2 Louse","floor":1.0,"turns":3.0},{"damage":2.0,"enemies":"Small Slimes","floor":2.0,"turns":5.0},{"damage":10.0,"enemies":"Cultist","floor":4.0,"turns":5.0},{"damage":0.0,"enemies":"Exordium Wildlife","floor":5.0,"turns":4.0},{"damage":0.0,"enemies":"Exordium Thugs","floor":7.0,"turns":6.0},{"damage":42.0,"enemies":"Gremlin Gang","floor":8.0,"turns":5.0},{"damage":6,"enemies":"3 Louse","floor":14,"turns":5},{"damage":12,"enemies":"The Guardian","floor":16,"turns":9},{"damage":6,"enemies":"Spheric Guardian","floor":18,"turns":3},{"damage":29,"enemies":"Colosseum Slavers","floor":19,"turns":4},{"damage":20,"enemies":"3 Byrds","floor":21,"turns":6},{"damage":3,"enemies":"Centurion and Healer","floor":22,"turns":2}],"seed_played":"2015069639515950461","potions_obtained":[{"floor":1.0,"key":"Swift Potion"},{"floor":5.0,"key":"Regen Potion"},{"floor":14,"key":"Poison Potion"},{"floor":16,"key":"Ancient Potion"},{"floor":18,"key":"PowerPotion"}],"is_trial":false,"path_per_floor":["M","M","$","M","M","R","M","M","T","$","?","?","?","M","R","B",null,"M","?","$","M","M"],"character_chosen":"THE_SILENT","items_purchased":["Footwork","Calculated Gamble"],"campfire_rested":0,"item_purchase_floors":[10,20],"current_hp_per_floor":[63,61,61,51,51,51,63,21,21,21,21,26,26,20,20,8,58,52,23,23,3,0],"gold":134,"neow_bonus":"REMOVE_TWO","is_prod":false,"is_daily":false,"chose_seed":false,"campfire_upgraded":2,"win_rate":0,"timestamp":1548769203,"path_taken":["M","M","$","M","M","R","M","M","T","$","?","?","?","M","R","BOSS","M","?","$","M","M"],"build_version":"2019-01-23","purchased_purges":0,"victory":false,"max_hp_per_floor":[70,70,70,70,70,70,70,70,70,70,70,75,75,75,75,75,75,75,75,75,75,75],"card_choices":[{"not_picked":["Underhanded Strike","Bane"],"picked":"Noxious Fumes","floor":1.0},{"not_picked":["Well Laid Plans","Catalyst"],"picked":"Dash","floor":2.0},{"not_picked":["Concentrate","Dash"],"picked":"Deadly Poison","floor":4.0},{"not_picked":["Distraction","Expertise"],"picked":"PiercingWail","floor":5.0},{"not_picked":["Skewer","Calculated Gamble"],"picked":"Backflip","floor":7.0},{"not_picked":["Dagger Spray","Cloak And Dagger"],"picked":"Bouncing Flask","floor":8.0},{"not_picked":["Skewer+1","Slice+1"],"picked":"Flying Knee+1","floor":14},{"not_picked":["Envenom","Wraith Form v2"],"picked":"Die Die Die+1","floor":16},{"not_picked":["Outmaneuver","Underhanded Strike+1"],"picked":"Backflip","floor":18},{"not_picked":["Sucker Punch+1","Blade Dance"],"picked":"Prepared+1","floor":21}],"player_experience":469659,"relics_obtained":[{"floor":9.0,"key":"Molten Egg 2"}],"event_choices":[{"damage_healed":0.0,"max_hp_gain":0.0,"max_hp_loss":0.0,"gold_gain":0.0,"event_name":"Shining Light","player_choice":"Ignored","floor":11.0,"gold_loss":0.0,"damage_taken":0.0},{"damage_healed":0.0,"max_hp_gain":5.0,"max_hp_loss":0.0,"gold_gain":0.0,"event_name":"Big Fish","player_choice":"Donut","floor":12.0,"gold_loss":0.0,"damage_taken":0.0},{"damage_healed":0,"gold_gain":0,"player_choice":"Searched \u00270\u0027 times","damage_taken":0,"max_hp_gain":0,"max_hp_loss":0,"event_name":"Dead Adventurer","floor":13,"gold_loss":0},{"damage_healed":0,"gold_gain":0,"player_choice":"Fight","damage_taken":0,"max_hp_gain":0,"max_hp_loss":0,"event_name":"Colosseum","floor":19,"gold_loss":0},{"damage_healed":0,"gold_gain":0,"player_choice":"Fled From Nobs","damage_taken":0,"max_hp_gain":0,"max_hp_loss":0,"event_name":"Colosseum","floor":19,"gold_loss":0}],"is_beta":false,"boss_relics":[{"not_picked":["Eternal Feather","Snecko Eye"],"picked":"Pandora\u0027s Box"}],"items_purged_floors":[],"is_endless":false,"potions_floor_spawned":[1,5,14,16,18],"killed_by":"Centurion and Healer","ascension_level":12}