{"gold_per_floor":[15,26,101,101,115,115,40,68,94,109,142,142,158,173,173,250,250,265,41,41,54,54,81,81,81,108,108,120,131,142,198,198,198],"floor_reached":33,"playtime":791,"items_purged":["Strike_B"],"score":554,"play_id":"ee83e7d5-7026-4cf7-91e5-13ebd66f6ac4","local_time":"20190305030111","is_ascension_mode":true,"campfire_choices":[{"data":"Sunder","floor":6.0,"key":"SMITH"},{"floor":12.0,"key":"REST"},{"data":"Defragment","floor":15.0,"key":"SMITH"},{"floor":25.0,"key":"REST"},{"data":"Capacitor","floor":27.0,"key":"SMITH"},{"floor":32,"key":"REST"}],"neow_cost":"NO_GOLD","seed_source_timestamp":1600918408497600,"circlet_count":0,"master_deck":["AscendersBane","Defend_B","Defend_B","Defend_B","Zap","Dualcast","Core Surge","Buffer","Rebound","Sunder+1","Rip and Tear","BootSequence","Tempest","Defragment+1","Biased Cognition","Melter+1","Cold Snap","Capacitor+1","Chaos","Self Repair","Glacier","White Noise","Coolheaded"],"special_seed":0,"relics":["Cracked Core","Bronze Scales","Potion Belt","Bottled Lightning","White Beast Statue","OrangePellets","Bag of Marbles","Smiling Mask","Tiny Chest"],"potions_floor_usage":[30,30],"damage_taken":[{"damage":3.0,"enemies":"Small Slimes","floor":1.0,"turns":3.0},{"damage":4.0,"enemies":"Jaw Worm","floor":2.0,"turns":5.0},{"damage":1.0,"enemies":"Cultist","floor":5.0,"turns":3.0},{"damage":20.0,"enemies":"3 Sentries","floor":8.0,"turns":7.0},{"damage":8.0,"enemies":"Exordium Wildlife","floor":10.0,"turns":2.0},{"damage":11.0,"enemies":"Gremlin Nob","floor":11.0,"turns":4.0},{"damage":0.0,"enemies":"Blue Slaver","floor":13.0,"turns":3.0},{"damage":8.0,"enemies":"Large Slime","floor":14.0,"turns":3.0},{"damage":27.0,"enemies":"The Guardian","floor":16.0,"turns":10.0},{"damage":1.0,"enemies":"Spheric Guardian","floor":18.0,"turns":3.0},{"damage":12.0,"enemies":"2 Thieves","floor":21.0,"turns":2.0},{"damage":35.0,"enemies":"Slavers","floor":23.0,"turns":5.0},{"damage":11.0,"enemies":"Cultist and Chosen","floor":28.0,"turns":6.0},{"damage":19.0,"enemies":"Snake Plant","floor":29.0,"turns":3.0},{"damage":3,"enemies":"Sentry and Sphere","floor":30,"turns":6},{"damage":32,"enemies":"Automaton","floor":33,"turns":2}],"seed_played":"6578761124571556499","potions_obtained":[{"floor":8.0,"key":"SkillPotion"},{"floor":13.0,"key":"SteroidPotion"},{"floor":14.0,"key":"Regen Potion"},{"floor":16.0,"key":"Energy Potion"},{"floor":18.0,"key":"SpeedPotion"},{"floor":21.0,"key":"Poison Potion"},{"floor":23.0,"key":"Ancient Potion"},{"floor":28.0,"key":"Weak Potion"},{"floor":29.0,"key":"AttackPotion"},{"floor":30,"key":"Weak Potion"}],"is_trial":false,"path_per_floor":["M","M","?","?","M","R","$","E","T","M","E","R","M","M","R","B",null,"M","$","?","M","?","E","?","R","T","R","M","M","M","T","R","B"],"character_chosen":"DEFECT","items_purchased":["OrangePellets"],"campfire_rested":3,"item_purchase_floors":[19],"current_hp_per_floor":[61,57,46,51,50,50,50,30,30,22,11,33,33,25,25,13,60,59,59,59,47,47,12,12,34,34,34,30,11,8,8,30,0],"gold":198,"neow_bonus":"TRANSFORM_TWO_CARDS","is_prod":false,"is_daily":false,"chose_seed":false,"campfire_upgraded":3,"win_rate":0,"timestamp":1551722471,"path_taken":["M","M","?","?","M","R","?","E","T","?","E","R","M","M","R","BOSS","M","$","?","M","?","E","?","R","T","R","?","M","M","?","R","BOSS"],"build_version":"2019-01-23","purchased_purges":1,"victory":false,"max_hp_per_floor":[71,71,71,76,76,76,76,76,76,76,76,76,76,76,76,76,76,76,76,76,76,76,76,76,76,76,76,76,76,76,76,76,76],"card_choices":[{"not_picked":["Compile Driver","Barrage"],"picked":"Rebound","floor":1.0},{"not_picked":["Steam","Go for the Eyes","Double Energy"],"picked":"SKIP","floor":2.0},{"not_picked":["Coolheaded","Consume"],"picked":"Sunder","floor":5.0},{"not_picked":["Sweeping Beam","Rebound"],"picked":"Rip and Tear","floor":8.0},{"not_picked":["Fusion","White Noise"],"picked":"BootSequence","floor":10.0},{"not_picked":["Chill","Streamline"],"picked":"Tempest","floor":11.0},{"not_picked":["Redo","Rebound","Gash"],"picked":"SKIP","floor":13.0},{"not_picked":["Compile Driver","Hologram"],"picked":"Defragment","floor":14.0},{"not_picked":["All For One","Core Surge"],"picked":"Biased Cognition","floor":16.0},{"not_picked":["Barrage","Streamline"],"picked":"Melter+1","floor":18.0},{"not_picked":["Stack","Compile Driver"],"picked":"Cold Snap","floor":21.0},{"not_picked":["Double Energy","Ball Lightning"],"picked":"Self Repair","floor":23.0},{"not_picked":["Cold Snap","Coolheaded"],"picked":"White Noise","floor":28.0},{"not_picked":["Steam","Scrape+1"],"picked":"Coolheaded","floor":29.0},{"not_picked":["Leap","Doom and Gloom","Cold Snap"],"picked":"SKIP","floor":30}],"player_experience":4472958,"relics_obtained":[{"floor":8.0,"key":"Bronze Scales"},{"floor":9.0,"key":"Potion Belt"},{"floor":11.0,"key":"Bottled Lightning"},{"floor":23.0,"key":"Bag of Marbles"},{"floor":26.0,"key":"Smiling Mask"},{"floor":31,"key":"Tiny Chest"}],"event_choices":[{"damage_healed":0.0,"max_hp_gain":0.0,"max_hp_loss":0.0,"gold_gain":75.0,"event_name":"World of Goop","player_choice":"Gather Gold","floor":3.0,"gold_loss":0.0,"damage_taken":11.0},{"damage_healed":0.0,"max_hp_gain":5.0,"max_hp_loss":0.0,"gold_gain":0.0,"event_name":"Big Fish","player_choice":"Donut","floor":4.0,"gold_loss":0.0,"damage_taken":0.0},{"damage_healed":0.0,"max_hp_gain":0.0,"max_hp_loss":0.0,"gold_gain":0.0,"cards_transformed":["Strike_B","Strike_B"],"event_name":"Drug Dealer","player_choice":"Became Test Subject","floor":22.0,"gold_loss":0.0,"damage_taken":0.0,"cards_obtained":["Capacitor","Chaos"]},{"damage_healed":0.0,"max_hp_gain":0.0,"max_hp_loss":0.0,"gold_gain":0.0,"event_name":"The Library","player_choice":"Read","floor":24.0,"gold_loss":0.0,"damage_taken":0.0,"cards_obtained":["Glacier"]}],"is_beta":false,"boss_relics":[{"not_picked":["Philosopher\u0027s Stone","Runic Dome"],"picked":"White Beast Statue"}],"items_purged_floors":[7],"is_endless":false,"potions_floor_spawned":[8,13,14,16,18,21,23,28,29,30],"killed_by":"Automaton","ascension_level":20}