{"gold_per_floor":[17,17,86,106,116,116,131,151,151,0,0,22,40,59,59,138,138,155,75,91,105,116,116,134,134],"floor_reached":25,"playtime":1313,"items_purged":["Strike_G"],"score":373,"play_id":"fe3b1635-5792-4fc8-9141-6646686c1058","local_time":"20190209085252","is_ascension_mode":true,"campfire_choices":[{"data":"Neutralize","floor":6.0,"key":"SMITH"},{"data":"Blade Dance","floor":11.0,"key":"SMITH"},{"floor":15.0,"key":"REST"},{"floor":23,"key":"REST"}],"neow_cost":"NO_GOLD","seed_source_timestamp":2569870687697272,"circlet_count":0,"master_deck":["AscendersBane","Defend_G","Defend_G","Defend_G","Defend_G","Strike_G","Strike_G","Strike_G","Survivor","Neutralize+1","Masterful Stab","Backstab","Backflip","Cloak And Dagger","Blade Dance+1","Accuracy","Infinite Blades","Cloak And Dagger","PiercingWail","Cloak And Dagger","Cloak And Dagger","Escape Plan"],"special_seed":0,"relics":["Ring of the Snake","Singing Bowl","Odd Mushroom","Orrery"],"potions_floor_usage":[21,22,22,24],"damage_taken":[{"damage":6.0,"enemies":"Jaw Worm","floor":1.0,"turns":8.0},{"damage":0.0,"enemies":"Small Slimes","floor":4.0,"turns":4.0},{"damage":0.0,"enemies":"2 Louse","floor":5.0,"turns":2.0},{"damage":3.0,"enemies":"Looter","floor":7.0,"turns":2.0},{"damage":0.0,"enemies":"Large Slime","floor":8.0,"turns":6.0},{"damage":14.0,"enemies":"The Mushroom Lair","floor":12.0,"turns":7.0},{"damage":5.0,"enemies":"3 Louse","floor":13.0,"turns":3.0},{"damage":0.0,"enemies":"Gremlin Gang","floor":14.0,"turns":4.0},{"damage":26.0,"enemies":"Slime Boss","floor":16.0,"turns":8.0},{"damage":0.0,"enemies":"3 Byrds","floor":18.0,"turns":4.0},{"damage":42,"enemies":"Spheric Guardian","floor":20,"turns":8},{"damage":13,"enemies":"Snake Plant","floor":21,"turns":8},{"damage":6,"enemies":"Shelled Parasite and Fungi","floor":22,"turns":8},{"damage":22,"enemies":"Sentry and Sphere","floor":24,"turns":6},{"damage":15,"enemies":"Slavers","floor":25,"turns":4}],"seed_played":"1400231254092161558","potions_obtained":[{"floor":5.0,"key":"Ancient Potion"},{"floor":8.0,"key":"PowerPotion"},{"floor":14.0,"key":"PowerPotion"},{"floor":16.0,"key":"LiquidBronze"},{"floor":20,"key":"GhostInAJar"},{"floor":21,"key":"EssenceOfSteel"},{"floor":22,"key":"Fire Potion"}],"is_trial":false,"path_per_floor":["M","?","?","M","M","R","M","M","T","$","R","?","M","M","R","B",null,"M","$","M","M","M","R","M","E"],"character_chosen":"THE_SILENT","items_purchased":["Accuracy","Escape Plan"],"campfire_rested":2,"item_purchase_floors":[10,19],"current_hp_per_floor":[53,53,53,53,53,53,50,50,50,50,50,36,33,33,53,29,66,66,66,26,15,11,35,15,0],"gold":134,"neow_bonus":"REMOVE_TWO","is_prod":false,"is_daily":false,"chose_seed":false,"campfire_upgraded":2,"win_rate":0,"timestamp":1549669972,"path_taken":["M","?","?","M","M","R","M","M","T","$","R","?","M","M","R","BOSS","M","$","M","M","M","R","M","E"],"build_version":"2019-01-23","purchased_purges":1,"victory":false,"max_hp_per_floor":[66,66,66,66,66,66,66,66,66,66,66,66,68,68,68,70,76,76,76,78,80,82,82,84,84],"card_choices":[{"not_picked":["Deflect","Outmaneuver"],"picked":"Masterful Stab","floor":1.0},{"not_picked":["Accuracy","Flechettes"],"picked":"Backstab","floor":4.0},{"not_picked":["Terror","Underhanded Strike"],"picked":"Backflip","floor":5.0},{"not_picked":["Outmaneuver","Backflip"],"picked":"Cloak And Dagger","floor":7.0},{"not_picked":["Infinite Blades","Caltrops"],"picked":"Blade Dance","floor":8.0},{"not_picked":["Bullet Time","Reflex"],"picked":"Infinite Blades","floor":12.0},{"not_picked":["Deadly Poison","Bane","Calculated Gamble"],"picked":"Singing Bowl","floor":13.0},{"not_picked":["Calculated Gamble","Dagger Throw"],"picked":"Cloak And Dagger","floor":14.0},{"not_picked":["Wraith Form v2","Tools of the Trade","Bullet Time"],"picked":"Singing Bowl","floor":16.0},{"not_picked":["Acrobatics","Slice","Underhanded Strike"],"picked":"Singing Bowl","floor":17.0},{"not_picked":["Underhanded Strike","Catalyst"],"picked":"PiercingWail","floor":17.0},{"not_picked":["PiercingWail","Slice","Storm of Steel"],"picked":"Singing Bowl","floor":17.0},{"not_picked":["Backflip","Predator","Flying Knee"],"picked":"Singing Bowl","floor":17.0},{"not_picked":["PiercingWail","Deadly Poison"],"picked":"Cloak And Dagger","floor":17.0},{"not_picked":["Heel Hook","Tactician"],"picked":"Cloak And Dagger","floor":18.0},{"not_picked":["Deadly Poison","Dagger Throw","Blade Dance"],"picked":"Singing Bowl","floor":20},{"not_picked":["Flying Knee","Endless Agony","Acrobatics"],"picked":"Singing Bowl","floor":21},{"not_picked":["Deflect","Flying Knee","Eviscerate"],"picked":"Singing Bowl","floor":22},{"not_picked":["Bouncing Flask","Deflect","Expertise"],"picked":"Singing Bowl","floor":24}],"player_experience":584934,"relics_obtained":[{"floor":9.0,"key":"Singing Bowl"},{"floor":12.0,"key":"Odd Mushroom"}],"event_choices":[{"damage_healed":0.0,"max_hp_gain":0.0,"max_hp_loss":0.0,"gold_gain":0.0,"event_name":"The Cleric","player_choice":"Leave","floor":2.0,"gold_loss":0.0,"damage_taken":0.0},{"damage_healed":0.0,"max_hp_gain":0.0,"max_hp_loss":0.0,"gold_gain":69.0,"event_name":"Golden Wing","player_choice":"Gained Gold","floor":3.0,"gold_loss":0.0,"damage_taken":0.0},{"damage_healed":0.0,"max_hp_gain":0.0,"max_hp_loss":0.0,"gold_gain":0.0,"event_name":"Mushrooms","player_choice":"Fought Mushrooms","floor":12.0,"gold_loss":0.0,"damage_taken":0.0}],"is_beta":false,"boss_relics":[{"not_picked":["Coffee Dripper","Tiny House"],"picked":"Orrery"}],"items_purged_floors":[10],"is_endless":false,"potions_floor_spawned":[5,8,14,16,20,21,22],"killed_by":"Slavers","ascension_level":15}