{"gold_per_floor":[114,114,39,39,39,39,53,53,80,80,110,126,143,143,143,143],"floor_reached":16,"playtime":457,"items_purged":[],"score":228,"play_id":"56e8d3ca-565e-41cf-8fb1-077a40a76ae0","local_time":"20190521185152","is_ascension_mode":true,"campfire_choices":[{"data":"Bash","floor":6.0,"key":"SMITH"},{"data":"Flame Barrier","floor":8.0,"key":"SMITH"},{"data":"Spot Weakness","floor":10.0,"key":"SMITH"},{"data":"Body Slam","floor":15.0,"key":"SMITH"}],"neow_cost":"NONE","seed_source_timestamp":211433622702207,"circlet_count":0,"master_deck":["AscendersBane","Strike_R","Strike_R","Strike_R","Defend_R","Defend_R","Defend_R","Defend_R","Bash+1","Spot Weakness+1","Sentinel","Flame Barrier+1","Armaments+1","Body Slam+1","Entrench+1"],"special_seed":0,"relics":["Burning Blood","NeowsBlessing","Vajra","Toxic Egg 2"],"potions_floor_usage":[16],"damage_taken":[{"damage":0.0,"enemies":"Small Slimes","floor":1.0,"turns":1.0},{"damage":0.0,"enemies":"2 Louse","floor":7.0,"turns":2.0},{"damage":0.0,"enemies":"Lagavulin","floor":11.0,"turns":3.0},{"damage":18.0,"enemies":"Jaw Worm","floor":12.0,"turns":8.0},{"damage":13.0,"enemies":"3 Louse","floor":13.0,"turns":4.0},{"damage":61,"enemies":"Slime Boss","floor":16,"turns":11}],"seed_played":"2324933445390953465","potions_obtained":[{"floor":1.0,"key":"LiquidBronze"},{"floor":7.0,"key":"SpeedPotion"}],"is_trial":false,"path_per_floor":["M","$","?","?","?","R","M","R","T","R","E","M","M","?","R","B"],"character_chosen":"IRONCLAD","items_purchased":[],"campfire_rested":0,"item_purchase_floors":[],"current_hp_per_floor":[74,74,74,74,74,74,75,75,75,75,75,63,56,61,61,0],"gold":143,"neow_bonus":"THREE_ENEMY_KILL","is_prod":false,"is_daily":false,"chose_seed":false,"campfire_upgraded":4,"win_rate":0,"timestamp":1558432312,"path_taken":["M","$","?","?","?","R","M","R","T","R","E","M","?","?","R","BOSS"],"build_version":"2019-05-07","purchased_purges":0,"victory":false,"max_hp_per_floor":[75,75,75,75,75,75,75,75,75,75,75,75,75,80,80,80],"card_choices":[{"not_picked":["Flame Barrier","Flex"],"picked":"Spot Weakness","floor":1.0},{"not_picked":["Clash","Anger"],"picked":"Flame Barrier","floor":7.0},{"not_picked":["Sever Soul","Wild Strike"],"picked":"Armaments","floor":11.0},{"not_picked":["Clothesline","Cleave"],"picked":"Body Slam","floor":12.0},{"not_picked":["Seeing Red+1","Sword Boomerang"],"picked":"Entrench+1","floor":13.0}],"player_experience":3301336,"relics_obtained":[{"floor":9.0,"key":"Vajra"},{"floor":11.0,"key":"Toxic Egg 2"}],"event_choices":[{"cards_removed":["Strike_R"],"damage_healed":0.0,"max_hp_gain":0.0,"max_hp_loss":0.0,"gold_gain":0.0,"event_name":"The Cleric","player_choice":"Card Removal","floor":3.0,"gold_loss":75.0,"damage_taken":0.0},{"damage_healed":0.0,"max_hp_gain":0.0,"max_hp_loss":0.0,"gold_gain":0.0,"event_name":"Liars Game","player_choice":"Ignored","floor":4.0,"gold_loss":0.0,"damage_taken":0.0},{"damage_healed":0.0,"max_hp_gain":0.0,"max_hp_loss":0.0,"gold_gain":0.0,"cards_transformed":["Strike_R"],"event_name":"Living Wall","player_choice":"Change","floor":5.0,"gold_loss":0.0,"damage_taken":0.0,"cards_obtained":["Sentinel"]},{"damage_healed":0.0,"max_hp_gain":5.0,"max_hp_loss":0.0,"gold_gain":0.0,"event_name":"Big Fish","player_choice":"Donut","floor":14.0,"gold_loss":0.0,"damage_taken":0.0}],"is_beta":true,"boss_relics":[],"items_purged_floors":[],"is_endless":false,"potions_floor_spawned":[1,7,13],"killed_by":"Slime Boss","ascension_level":17}