{"gold_per_floor":[118,137,154,164,13,13,25,59,59,84,84,118,134,161,161,240,240,255,271,271,291,291,291,316,316,394,410,445,464,8,8,8,84,84,100,114,128,143,161,193,193,221,244,244,276,292,323,337,337,337,337,337,337,93,126,126],"floor_reached":56,"playtime":2675,"items_purged":["FTL"],"score":2307,"play_id":"dec51dc5-4c9c-466f-9bf7-615f274ac6a8","local_time":"20190527002521","is_ascension_mode":true,"campfire_choices":[{"floor":6.0,"key":"REST"},{"floor":11.0,"key":"REST"},{"floor":15.0,"key":"RECALL"},{"floor":23.0,"key":"REST"},{"floor":25.0,"key":"REST"},{"floor":32.0,"key":"REST"},{"floor":41.0,"key":"REST"},{"floor":44.0,"key":"REST"},{"floor":49.0,"key":"REST"},{"floor":53.0,"key":"REST"}],"neow_cost":"NONE","seed_source_timestamp":7523990338400,"circlet_count":0,"master_deck":["AscendersBane","Strike_B+1","Strike_B+1","Strike_B+1","Strike_B+1","Defend_B+1","Defend_B+1","Defend_B+1","Defend_B+1","Zap","Dualcast","Lockon","Skim","Ball Lightning","All For One","Doom and Gloom","Self Repair","Ball Lightning","Self Repair","Cold Snap","Auto Shields","All For One","Electrodynamics","Undo","Heatsinks+1","Streamline","Sunder","Creative AI","Amplify","Conserve Battery+1","Heatsinks+1","Doom and Gloom+1","Glacier","Echo Form","BootSequence+1","Fusion","Defragment+1","Storm+1","Recycle","Buffer+1","Consume","Storm+1","Recycle","Go for the Eyes+1"],"special_seed":0,"relics":["Fusion Hammer","Anchor","Matryoshka","Question Card","Bag of Preparation","Darkstone Periapt","Snecko Eye","Juzu Bracelet","Oddly Smooth Stone","Centennial Puzzle","Dodecahedron","Dream Catcher","Gambling Chip","Orrery","Sundial","Frozen Egg 2","Boot","Thread and Needle","Happy Flower","Bronze Scales"],"potions_floor_usage":[56,56],"damage_taken":[{"damage":2.0,"enemies":"Cultist","floor":1.0,"turns":4.0},{"damage":7.0,"enemies":"Jaw Worm","floor":2.0,"turns":4.0},{"damage":1.0,"enemies":"Small Slimes","floor":3.0,"turns":4.0},{"damage":9.0,"enemies":"3 Louse","floor":4.0,"turns":3.0},{"damage":6.0,"enemies":"Looter","floor":7.0,"turns":2.0},{"damage":25.0,"enemies":"3 Sentries","floor":8.0,"turns":5.0},{"damage":12.0,"enemies":"Lagavulin","floor":10.0,"turns":4.0},{"damage":32.0,"enemies":"Gremlin Nob","floor":12.0,"turns":4.0},{"damage":4.0,"enemies":"Exordium Wildlife","floor":13.0,"turns":3.0},{"damage":15.0,"enemies":"Lagavulin","floor":14.0,"turns":5.0},{"damage":40.0,"enemies":"Slime Boss","floor":16.0,"turns":8.0},{"damage":0.0,"enemies":"3 Byrds","floor":18.0,"turns":1.0},{"damage":0.0,"enemies":"Shell Parasite","floor":19.0,"turns":3.0},{"damage":1.0,"enemies":"Snake Plant","floor":21.0,"turns":3.0},{"damage":18.0,"enemies":"Gremlin Leader","floor":24.0,"turns":4.0},{"damage":0.0,"enemies":"Snecko","floor":27.0,"turns":4.0},{"damage":10.0,"enemies":"Slavers","floor":28.0,"turns":2.0},{"damage":0.0,"enemies":"Centurion and Healer","floor":29.0,"turns":3.0},{"damage":23.0,"enemies":"Automaton","floor":33.0,"turns":6.0},{"damage":1.0,"enemies":"Orb Walker","floor":35.0,"turns":4.0},{"damage":0.0,"enemies":"3 Darklings","floor":36.0,"turns":3.0},{"damage":44.0,"enemies":"Jaw Worm Horde","floor":37.0,"turns":4.0},{"damage":5.0,"enemies":"Spire Growth","floor":38.0,"turns":3.0},{"damage":0.0,"enemies":"4 Shapes","floor":39.0,"turns":5.0},{"damage":0.0,"enemies":"Giant Head","floor":40.0,"turns":1.0},{"damage":0.0,"enemies":"Reptomancer","floor":42.0,"turns":1.0},{"damage":12.0,"enemies":"Nemesis","floor":45.0,"turns":3.0},{"damage":0.0,"enemies":"Maw","floor":46.0,"turns":6.0},{"damage":3.0,"enemies":"Giant Head","floor":47.0,"turns":5.0},{"damage":2.0,"enemies":"Writhing Mass","floor":48.0,"turns":4.0},{"damage":0.0,"enemies":"Donu and Deca","floor":50.0,"turns":6.0},{"damage":8.0,"enemies":"Time Eater","floor":51.0,"turns":5.0},{"damage":18.0,"enemies":"Shield and Spear","floor":55.0,"turns":5.0},{"damage":92,"enemies":"The Heart","floor":56,"turns":5}],"seed_played":"6151587829846946341","potions_obtained":[{"floor":2.0,"key":"Poison Potion"},{"floor":3.0,"key":"Dexterity Potion"},{"floor":12.0,"key":"SpeedPotion"},{"floor":16.0,"key":"Strength Potion"},{"floor":19.0,"key":"AttackPotion"},{"floor":33.0,"key":"SpeedPotion"},{"floor":37.0,"key":"Fire Potion"},{"floor":38.0,"key":"Dexterity Potion"},{"floor":45.0,"key":"Regen Potion"}],"is_trial":false,"path_per_floor":["M","M","M","M","$","R","M","E","T","E","R","E","M","E","R","B",null,"M","M","?","M","?","R","E","R","T","M","E","M","$","?","R","B",null,"M","M","M","M","M","E","R","E","T","R","E","M","E","M","R","B","B",null,"R","$","E","B"],"character_chosen":"DEFECT","items_purchased":["FTL","Doom and Gloom","Gambling Chip","PowerPotion","Storm+1","Regen Potion","Recycle"],"campfire_rested":9,"item_purchase_floors":[5,5,30,30,54,54,54],"current_hp_per_floor":[62,55,54,45,45,66,60,42,42,37,58,40,43,42,42,16,57,57,64,64,70,70,71,67,71,71,71,68,71,71,71,71,55,67,71,71,41,64,71,71,71,71,71,71,66,71,71,71,71,71,63,69,71,71,67,0],"gold":126,"neow_bonus":"BOSS_RELIC","is_prod":false,"is_daily":false,"chose_seed":false,"campfire_upgraded":0,"win_rate":0,"timestamp":1558884321,"path_taken":["M","M","M","M","?","R","M","E","T","E","R","E","M","E","R","BOSS","M","?","?","M","?","R","E","R","T","M","E","M","$","?","R","BOSS","M","M","M","M","M","E","R","E","T","R","E","M","E","M","R","BOSS","BOSS","R","$","E","BOSS"],"build_version":"2019-01-23","purchased_purges":1,"victory":false,"max_hp_per_floor":[71,71,71,71,71,71,71,71,71,71,71,71,71,71,71,71,71,71,71,71,71,71,71,71,71,71,71,71,71,71,71,71,71,71,71,71,71,71,71,71,71,71,71,71,71,71,71,71,71,71,71,71,71,71,71,71],"card_choices":[{"not_picked":["Rebound","Static Discharge"],"picked":"Lockon","floor":1.0},{"not_picked":["Hologram","Barrage"],"picked":"Skim","floor":2.0},{"not_picked":["Conserve Battery","Streamline"],"picked":"Ball Lightning","floor":3.0},{"not_picked":["Barrage","Stack"],"picked":"All For One","floor":4.0},{"not_picked":["Darkness","Conserve Battery"],"picked":"Self Repair","floor":7.0},{"not_picked":["Blizzard","BootSequence"],"picked":"Ball Lightning","floor":8.0},{"not_picked":["Coolheaded","Ball Lightning"],"picked":"Self Repair","floor":10.0},{"not_picked":["Redo","Defragment","Darkness"],"picked":"Cold Snap","floor":12.0},{"not_picked":["Sweeping Beam","Redo","Chaos"],"picked":"Auto Shields","floor":13.0},{"not_picked":["Leap","Turbo","White Noise"],"picked":"All For One","floor":14.0},{"not_picked":["Core Surge","Amplify","Meteor Strike"],"picked":"Electrodynamics","floor":16.0},{"not_picked":["Barrage","Leap","Cold Snap"],"picked":"Undo","floor":18.0},{"not_picked":["Genetic Algorithm","Steam","Go for the Eyes"],"picked":"Capacitor","floor":19.0},{"not_picked":["Sweeping Beam","Compile Driver","Steam Power"],"picked":"Heatsinks+1","floor":21.0},{"not_picked":["Redo","Lockon","Rebound","Rip and Tear"],"picked":"SKIP","floor":24.0},{"not_picked":["Hologram","Auto Shields","Go for the Eyes"],"picked":"Streamline","floor":27.0},{"not_picked":["Chill","Conserve Battery","Redo"],"picked":"Sunder","floor":28.0},{"not_picked":["Beam Cell","Chaos","Redo"],"picked":"Creative AI","floor":29.0},{"not_picked":["Fission","Reboot","Electrodynamics"],"picked":"Amplify","floor":33.0},{"not_picked":["Double Energy+1","Turbo","Ball Lightning"],"picked":"Conserve Battery+1","floor":34.0},{"not_picked":["Sunder","Conserve Battery","Rebound"],"picked":"Heatsinks+1","floor":34.0},{"not_picked":["Capacitor","Melter","Hologram","White Noise"],"picked":"SKIP","floor":35.0},{"not_picked":["Coolheaded","Turbo","Stack+1","BootSequence"],"picked":"SKIP","floor":36.0},{"not_picked":["Go for the Eyes+1","Reprogram","Sweeping Beam"],"picked":"Doom and Gloom+1","floor":37.0},{"not_picked":["FTL","Go for the Eyes","Capacitor+1"],"picked":"Glacier","floor":38.0},{"not_picked":["Coolheaded+1","Rip and Tear+1","Gash","Redo"],"picked":"SKIP","floor":39.0},{"not_picked":["Doom and Gloom","Lockon","Blizzard"],"picked":"Echo Form","floor":40.0},{"not_picked":["Aggregate","Rebound","Rip and Tear"],"picked":"BootSequence+1","floor":42.0},{"not_picked":["Double Energy","Sweeping Beam","Compile Driver"],"picked":"Fusion","floor":45.0},{"not_picked":["Ball Lightning","Turbo","Auto Shields+1"],"picked":"Defragment+1","floor":46.0},{"not_picked":["Compile Driver","Coolheaded","Stack+1"],"picked":"Storm+1","floor":47.0},{"not_picked":["Coolheaded+1","Tempest","Hologram"],"picked":"Recycle","floor":48.0},{"not_picked":["Barrage+1","Redo","Rebound"],"picked":"Buffer+1","floor":49.0},{"not_picked":["Leap","Blizzard","Cold Snap"],"picked":"Consume","floor":53.0},{"not_picked":["Leap+1","Recycle+1","Aggregate"],"picked":"Go for the Eyes+1","floor":55.0}],"player_experience":5160888,"relics_obtained":[{"floor":8.0,"key":"Anchor"},{"floor":9.0,"key":"Matryoshka"},{"floor":10.0,"key":"Question Card"},{"floor":12.0,"key":"Bag of Preparation"},{"floor":14.0,"key":"Darkstone Periapt"},{"floor":24.0,"key":"Oddly Smooth Stone"},{"floor":26.0,"key":"Centennial Puzzle"},{"floor":26.0,"key":"Dodecahedron"},{"floor":28.0,"key":"Dream Catcher"},{"floor":40.0,"key":"Sundial"},{"floor":42.0,"key":"Frozen Egg 2"},{"floor":43.0,"key":"Boot"},{"floor":45.0,"key":"Thread and Needle"},{"floor":47.0,"key":"Happy Flower"},{"floor":55.0,"key":"Bronze Scales"}],"event_choices":[{"cards_removed":["Capacitor"],"damage_healed":0.0,"max_hp_gain":0.0,"max_hp_loss":0.0,"gold_gain":0.0,"event_name":"WeMeetAgain","player_choice":"Gave Card","floor":20.0,"gold_loss":0.0,"damage_taken":0.0,"relics_obtained":["Juzu Bracelet"]},{"damage_healed":0.0,"max_hp_gain":0.0,"max_hp_loss":0.0,"gold_gain":0.0,"event_name":"Back to Basics","player_choice":"Simplicity","floor":22.0,"gold_loss":0.0,"damage_taken":0.0,"cards_upgraded":["Strike_B","Strike_B","Strike_B","Strike_B","Defend_B","Defend_B","Defend_B","Defend_B"]},{"damage_healed":0.0,"max_hp_gain":0.0,"max_hp_loss":0.0,"gold_gain":0.0,"event_name":"Ghosts","player_choice":"Ignored","floor":31.0,"gold_loss":0.0,"damage_taken":0.0}],"is_beta":false,"boss_relics":[{"not_picked":["Coffee Dripper","Pandora\u0027s Box"],"picked":"Snecko Eye"},{"not_picked":["Runic Pyramid","Astrolabe"],"picked":"Orrery"}],"items_purged_floors":[30],"is_endless":false,"potions_floor_spawned":[2,3,12,16,19,21,24,33,37,38,40,45,46,47,48],"killed_by":"The Heart","ascension_level":20}