{"gold_per_floor":[118,135,135,210,210,210,251,251,320,336,336,301,315,315,315,444,444,462,481,481,51,326,367,367,400,427,427,427],"floor_reached":28,"playtime":1027,"items_purged":[],"score":277,"play_id":"ec6c23be-1ae8-4b0c-85c4-bd0e468ec091","local_time":"20181029191143","is_ascension_mode":true,"campfire_choices":[{"floor":6.0,"key":"REST"},{"data":"Chaos","floor":8.0,"key":"SMITH"},{"data":"Chill","floor":11.0,"key":"SMITH"},{"floor":15.0,"key":"REST"},{"floor":24.0,"key":"REST"}],"neow_cost":"NONE","seed_source_timestamp":0,"circlet_count":0,"master_deck":["Strike_B","Strike_B","Strike_B","Strike_B","Defend_B","Defend_B+1","Defend_B+1","Defend_B","Zap","Dualcast","All For One","Doom and Gloom","FTL+1","Injury","Chaos+1","Chill+1","Consume","Multi-Cast","Streamline+1","Aggregate","Writhe","Conserve Battery","Storm","Regret","Go for the Eyes+1","Turbo"],"special_seed":0,"relics":["Cracked Core","Golden Idol","Calipers","Matryoshka","Lizard Tail","Singing Bowl","PreservedInsect","Sling","Oddly Smooth Stone","Ice Cream","Cables","DataDisk","MutagenicStrength"],"potions_floor_usage":[],"damage_taken":[{"damage":9.0,"enemies":"Jaw Worm","floor":1.0,"turns":3.0},{"damage":15.0,"enemies":"Small Slimes","floor":2.0,"turns":3.0},{"damage":22.0,"enemies":"3 Sentries","floor":7.0,"turns":5.0},{"damage":1.0,"enemies":"Cultist","floor":10.0,"turns":3.0},{"damage":0.0,"enemies":"3 Louse","floor":13.0,"turns":2.0},{"damage":62.0,"enemies":"The Guardian","floor":16.0,"turns":9.0},{"damage":47.0,"enemies":"3 Byrds","floor":18.0,"turns":7.0},{"damage":42.0,"enemies":"2 Thieves","floor":19.0,"turns":5.0},{"damage":38.0,"enemies":"Slavers","floor":23.0,"turns":4.0},{"damage":21.0,"enemies":"Book of Stabbing","floor":25.0,"turns":5.0},{"damage":5,"enemies":"Centurion and Healer","floor":28,"turns":5}],"seed_played":"-2488961992874253622","potions_obtained":[{"floor":1.0,"key":"Strength Potion"},{"floor":10.0,"key":"Fruit Juice"},{"floor":13.0,"key":"EntropicBrew"},{"floor":18.0,"key":"PowerPotion"},{"floor":19.0,"key":"Weak Potion"}],"is_trial":false,"path_per_floor":["M","M","?","?","?","R","E","R","T","M","R","?","M","?","R","B",null,"M","M","?","$","?","E","R","E","T","?"],"character_chosen":"DEFECT","items_purchased":["PreservedInsect","Sling","Conserve Battery","Storm"],"campfire_rested":3,"item_purchase_floors":[21,21,21,21],"current_hp_per_floor":[66,51,51,40,40,62,40,40,40,44,44,64,64,48,72,10,80,33,40,40,40,40,2,26,5,5,5,0],"gold":427,"neow_bonus":"ONE_RANDOM_RARE_CARD","is_prod":false,"is_daily":false,"chose_seed":false,"campfire_upgraded":2,"win_rate":0,"timestamp":1540858303,"path_taken":["M","M","?","?","?","R","E","R","T","M","R","?","?","?","R","BOSS","M","M","?","$","?","E","R","E","T","?","M"],"build_version":"2018-10-18","purchased_purges":0,"victory":false,"max_hp_per_floor":[75,75,75,75,75,75,75,75,75,80,80,80,80,80,80,80,80,80,80,80,80,80,80,80,80,80,80,80],"card_choices":[{"not_picked":["Barrage","Reinforced Body"],"picked":"Doom and Gloom","floor":1.0},{"not_picked":["Recycle","Go for the Eyes"],"picked":"FTL","floor":2.0},{"not_picked":["Steam Power","Compile Driver"],"picked":"Chaos","floor":7.0},{"not_picked":["Recycle","Beam Cell"],"picked":"Chill","floor":10.0},{"not_picked":["Skim","Redo"],"picked":"Consume","floor":13.0},{"not_picked":["Biased Cognition","Thunder Strike"],"picked":"Multi-Cast","floor":16.0},{"not_picked":["Chill","FTL"],"picked":"Streamline+1","floor":18.0},{"not_picked":["Sunder","Recycle"],"picked":"Aggregate","floor":19.0},{"not_picked":["Barrage","Stack+1"],"picked":"Go for the Eyes+1","floor":23.0},{"not_picked":["Leap","Barrage"],"picked":"Turbo","floor":25.0}],"player_experience":386143,"relics_obtained":[{"floor":7.0,"key":"Calipers"},{"floor":9.0,"key":"Matryoshka"},{"floor":23.0,"key":"Oddly Smooth Stone"},{"floor":25.0,"key":"Ice Cream"},{"floor":26.0,"key":"Cables"},{"floor":26.0,"key":"DataDisk"}],"event_choices":[{"damage_healed":0.0,"max_hp_gain":0.0,"max_hp_loss":0.0,"gold_gain":0.0,"event_name":"Golden Idol","player_choice":"Take Wound","floor":3.0,"gold_loss":0.0,"damage_taken":0.0,"relics_obtained":["Golden Idol"],"cards_obtained":["Injury"]},{"damage_healed":0.0,"max_hp_gain":0.0,"max_hp_loss":0.0,"gold_gain":75.0,"event_name":"World of Goop","player_choice":"Gather Gold","floor":4.0,"gold_loss":0.0,"damage_taken":11.0},{"damage_healed":0.0,"max_hp_gain":0.0,"max_hp_loss":0.0,"gold_gain":0.0,"event_name":"Living Wall","player_choice":"Grow","floor":5.0,"gold_loss":0.0,"damage_taken":0.0,"cards_upgraded":["FTL"]},{"damage_healed":20.0,"max_hp_gain":0.0,"max_hp_loss":0.0,"gold_gain":0.0,"event_name":"The Cleric","player_choice":"Healed","floor":12.0,"gold_loss":35.0,"damage_taken":0.0},{"damage_healed":0.0,"max_hp_gain":0.0,"max_hp_loss":0.0,"gold_gain":0.0,"event_name":"Shining Light","player_choice":"Entered Light","floor":14.0,"gold_loss":0.0,"damage_taken":16.0,"cards_upgraded":["Defend_B","Defend_B"]},{"damage_healed":0.0,"max_hp_gain":0.0,"max_hp_loss":0.0,"gold_gain":0.0,"event_name":"The Mausoleum","player_choice":"Opened","floor":20.0,"gold_loss":0.0,"damage_taken":0.0,"relics_obtained":["Singing Bowl"],"cards_obtained":["Writhe"]},{"damage_healed":0.0,"max_hp_gain":0.0,"max_hp_loss":0.0,"gold_gain":275.0,"event_name":"Golden Shrine","player_choice":"Desecrate","floor":22.0,"gold_loss":0.0,"damage_taken":0.0,"cards_obtained":["Regret"]},{"damage_healed":0,"gold_gain":0,"player_choice":"Inject Mutagens","damage_taken":0,"relics_obtained":["MutagenicStrength"],"max_hp_gain":0,"max_hp_loss":0,"event_name":"Drug Dealer","floor":27,"gold_loss":0}],"is_beta":false,"boss_relics":[{"not_picked":["Ectoplasm","Coffee Dripper"],"picked":"Lizard Tail"}],"items_purged_floors":[],"is_endless":false,"potions_floor_spawned":[1,10,13,18,19],"killed_by":"Centurion and Healer","ascension_level":2}