{"gold_per_floor":[110,110,30,1,17,48,64,395,395,415,415,515,515,534,534,632,632,653,666,591,614,630,663,675,208,208,208,229,269,289,327,327,416,416,435,454,478,210,228,228,272,272,272,272,288,329,329,363,363,363,363,363,75,108,108],"floor_reached":56,"playtime":5038,"items_purged":["Regret","Shame","Clumsy","Strike_B"],"score":2330,"play_id":"6318d791-30b0-46a5-952f-2b802f398896","local_time":"20190519022250","is_ascension_mode":true,"campfire_choices":[{"data":"Defragment","floor":11.0,"key":"SMITH"},{"data":"Zap","floor":13.0,"key":"SMITH"},{"data":"Loop","floor":15.0,"key":"SMITH"},{"data":"Defragment","floor":24.0,"key":"SMITH"},{"floor":27.0,"key":"REST"},{"data":"Seek","floor":32.0,"key":"SMITH"},{"floor":40.0,"key":"REST"},{"data":"Purity","floor":44.0,"key":"SMITH"},{"floor":47,"key":"REST"},{"floor":49,"key":"RECALL"},{"data":"Dualcast","floor":52,"key":"SMITH"}],"neow_cost":"NONE","seed_source_timestamp":0,"circlet_count":0,"master_deck":["AscendersBane","Strike_B","Strike_B","Strike_B","Defend_B","Defend_B","Defend_B","Defend_B","Zap+1","Dualcast+1","Defragment+1","Gash","Chill","Core Surge","Sunder","Cold Snap","Sunder","Loop+1","Thunder Strike","Static Discharge+1","BootSequence","Defragment+1","Self Repair","Conserve Battery","FTL","Capacitor+1","Seek+1","BootSequence","Machine Learning","Chill","BootSequence+1","Chill","Ball Lightning","Purity+1","Panacea","Panacea","Hologram","Hologram","Hologram","Hologram","Chill"],"special_seed":0,"relics":["Cracked Core","NeowsBlessing","Golden Idol","Pear","Darkstone Periapt","Old Coin","Calling Bell","Centennial Puzzle","Cables","Dead Branch","MawBank","Runic Capacitor","Regal Pillow","Bottled Tornado","Shuriken","Strawberry","Cursed Key","Mercury Hourglass","Gremlin Horn","Nunchaku","Oddly Smooth Stone"],"potions_floor_usage":[48,55,55],"damage_taken":[{"damage":0.0,"enemies":"Small Slimes","floor":1.0,"turns":1.0},{"damage":0.0,"enemies":"Cultist","floor":5.0,"turns":1.0},{"damage":0.0,"enemies":"Lagavulin","floor":6.0,"turns":2.0},{"damage":2.0,"enemies":"Jaw Worm","floor":7.0,"turns":4.0},{"damage":2.0,"enemies":"3 Sentries","floor":8.0,"turns":8.0},{"damage":13.0,"enemies":"Blue Slaver","floor":10.0,"turns":2.0},{"damage":8.0,"enemies":"3 Louse","floor":14.0,"turns":2.0},{"damage":3.0,"enemies":"The Guardian","floor":16.0,"turns":12.0},{"damage":14.0,"enemies":"2 Thieves","floor":18.0,"turns":3.0},{"damage":3.0,"enemies":"Spheric Guardian","floor":19.0,"turns":5.0},{"damage":19.0,"enemies":"Snecko","floor":21.0,"turns":5.0},{"damage":12.0,"enemies":"Sentry and Sphere","floor":22.0,"turns":8.0},{"damage":5.0,"enemies":"Book of Stabbing","floor":23.0,"turns":6.0},{"damage":18.0,"enemies":"Snake Plant","floor":28.0,"turns":4.0},{"damage":27.0,"enemies":"Gremlin Leader","floor":29.0,"turns":7.0},{"damage":0.0,"enemies":"Centurion and Healer","floor":30.0,"turns":9.0},{"damage":12.0,"enemies":"Book of Stabbing","floor":31.0,"turns":4.0},{"damage":0.0,"enemies":"Automaton","floor":33.0,"turns":8.0},{"damage":27.0,"enemies":"3 Darklings","floor":35.0,"turns":5.0},{"damage":8.0,"enemies":"Orb Walker","floor":36.0,"turns":4.0},{"damage":39.0,"enemies":"Jaw Worm Horde","floor":37.0,"turns":3.0},{"damage":0.0,"enemies":"Spire Growth","floor":39.0,"turns":5.0},{"damage":24.0,"enemies":"Nemesis","floor":41.0,"turns":7.0},{"damage":0,"enemies":"4 Shapes","floor":45,"turns":6},{"damage":17,"enemies":"Reptomancer","floor":46,"turns":4},{"damage":7,"enemies":"Nemesis","floor":48,"turns":8},{"damage":1,"enemies":"Donu and Deca","floor":50,"turns":11},{"damage":6,"enemies":"Shield and Spear","floor":54,"turns":8},{"damage":28,"enemies":"The Heart","floor":55,"turns":11}],"seed_played":"8353663751343064677","potions_obtained":[{"floor":1.0,"key":"Block Potion"},{"floor":6.0,"key":"Weak Potion"},{"floor":10.0,"key":"EssenceOfSteel"},{"floor":14.0,"key":"SkillPotion"},{"floor":16.0,"key":"Ancient Potion"},{"floor":21.0,"key":"Block Potion"},{"floor":23.0,"key":"Energy Potion"},{"floor":29.0,"key":"SkillPotion"},{"floor":33.0,"key":"SkillPotion"},{"floor":35.0,"key":"PowerPotion"},{"floor":41.0,"key":"SpeedPotion"},{"floor":46,"key":"Block Potion"}],"is_trial":false,"path_per_floor":["M","?","?","$","M","E","M","E","T","M","R","?","R","M","R","B",null,"M","M","$","M","M","E","R","$","T","R","M","E","M","E","R","B",null,"M","M","M","$","M","R","E","?","T","R","M","E","R","E","R","B",null,"R","$","E","B",null],"character_chosen":"DEFECT","items_purchased":["Gash","Runic Capacitor","Regal Pillow","PowerPotion","Chill","GamblersBrew","Hologram"],"campfire_rested":3,"item_purchase_floors":[4,25,25,38,38,53,53],"current_hp_per_floor":[64,64,74,74,74,74,72,70,70,57,57,57,57,49,49,46,85,71,68,68,49,37,32,32,32,32,74,56,36,43,45,45,52,87,60,52,20,20,20,64,47,37,37,37,44,27,71,71,71,77,94,94,94,99,71],"gold":108,"neow_bonus":"THREE_ENEMY_KILL","is_prod":false,"is_daily":false,"chose_seed":false,"campfire_upgraded":7,"win_rate":0,"timestamp":1558200170,"path_taken":["M","?","?","$","?","E","M","E","T","M","R","?","R","?","R","BOSS","M","M","$","M","M","E","R","$","T","R","M","E","M","E","R","BOSS","M","M","M","$","M","R","E","?","T","R","M","E","R","E","R","BOSS","R","$","E","BOSS"],"build_version":"2019-05-07","purchased_purges":4,"victory":true,"max_hp_per_floor":[71,64,74,74,74,74,74,74,74,74,74,74,74,74,74,74,92,92,92,92,92,92,92,92,92,92,92,92,92,92,99,99,99,99,99,99,99,99,99,99,99,99,99,99,99,99,99,99,99,99,99,99,99,99,99],"card_choices":[{"not_picked":["Chaos","Gash"],"picked":"Defragment","floor":1.0},{"not_picked":["Steam","Rebound"],"picked":"Chill","floor":5.0},{"not_picked":["Chaos","Rip and Tear"],"picked":"Core Surge","floor":6.0},{"not_picked":["Conserve Battery","Redo"],"picked":"Sunder","floor":7.0},{"not_picked":["Conserve Battery","Ball Lightning"],"picked":"Cold Snap","floor":8.0},{"not_picked":["Coolheaded","Chaos"],"picked":"Sunder","floor":10.0},{"not_picked":["Beam Cell","Amplify"],"picked":"Loop","floor":14.0},{"not_picked":["Core Surge","Meteor Strike"],"picked":"Thunder Strike","floor":16.0},{"not_picked":["Streamline","Beam Cell+1"],"picked":"Static Discharge+1","floor":18.0},{"not_picked":["Chill","Scrape"],"picked":"BootSequence","floor":19.0},{"not_picked":["Reinforced Body","Redo"],"picked":"Defragment","floor":21.0},{"not_picked":["Double Energy","Leap+1"],"picked":"Self Repair","floor":22.0},{"not_picked":["Barrage","Darkness"],"picked":"Conserve Battery","floor":23.0},{"not_picked":["Tempest","Static Discharge"],"picked":"FTL","floor":28.0},{"not_picked":["Turbo","Hologram"],"picked":"Capacitor+1","floor":29.0},{"not_picked":["Compile Driver","Coolheaded+1"],"picked":"Seek","floor":30.0},{"not_picked":["Genetic Algorithm","Chaos"],"picked":"BootSequence","floor":31.0},{"not_picked":["Hyperbeam","Reboot"],"picked":"Machine Learning","floor":33.0},{"not_picked":["Gash+1","Rip and Tear","Static Discharge"],"picked":"SKIP","floor":35.0},{"not_picked":["Scrape+1","Hologram"],"picked":"Chill","floor":36.0},{"not_picked":["Barrage","Go for the Eyes"],"picked":"BootSequence+1","floor":37.0},{"not_picked":["Gash","Skim"],"picked":"Ball Lightning","floor":39.0},{"not_picked":["Sweeping Beam","Skim","Streamline+1"],"picked":"SKIP","floor":41.0},{"not_picked":["Forethought","Enlightenment"],"picked":"Purity","floor":42.0},{"not_picked":["Jack Of All Trades","Mind Blast"],"picked":"Panacea","floor":42.0},{"not_picked":["Good Instincts","Sadistic Nature"],"picked":"Panacea","floor":42.0},{"not_picked":["Ball Lightning+1","Go for the Eyes"],"picked":"Hologram","floor":45},{"not_picked":["BootSequence","Cold Snap"],"picked":"Hologram","floor":46},{"not_picked":["Storm+1","Force Field"],"picked":"Hologram","floor":48},{"not_picked":["Fusion","Steam"],"picked":"Chill","floor":54}],"player_experience":3274560,"relics_obtained":[{"floor":6.0,"key":"Darkstone Periapt"},{"floor":8.0,"key":"Old Coin"},{"floor":17.0,"key":"Centennial Puzzle"},{"floor":17.0,"key":"Cables"},{"floor":17.0,"key":"Dead Branch"},{"floor":23.0,"key":"MawBank"},{"floor":26.0,"key":"Bottled Tornado"},{"floor":29.0,"key":"Shuriken"},{"floor":31.0,"key":"Strawberry"},{"floor":41.0,"key":"Mercury Hourglass"},{"floor":46,"key":"Gremlin Horn"},{"floor":48,"key":"Nunchaku"},{"floor":54,"key":"Oddly Smooth Stone"}],"event_choices":[{"damage_healed":0.0,"max_hp_gain":0.0,"max_hp_loss":7.0,"gold_gain":0.0,"event_name":"Golden Idol","player_choice":"Lose Max HP","floor":2.0,"gold_loss":0.0,"damage_taken":0.0,"relics_obtained":["Golden Idol"]},{"damage_healed":0.0,"max_hp_gain":0.0,"max_hp_loss":0.0,"gold_gain":0.0,"event_name":"WeMeetAgain","player_choice":"Paid Gold","floor":3.0,"gold_loss":80.0,"damage_taken":0.0,"relics_obtained":["Pear"]},{"damage_healed":0.0,"max_hp_gain":0.0,"max_hp_loss":0.0,"gold_gain":100.0,"event_name":"Wheel of Change","player_choice":"Gold","floor":12.0,"gold_loss":0.0,"damage_taken":0.0},{"damage_healed":0.0,"max_hp_gain":0.0,"max_hp_loss":0.0,"gold_gain":0.0,"event_name":"SensoryStone","player_choice":"Memory 3","floor":42.0,"gold_loss":0.0,"damage_taken":10.0}],"is_beta":true,"boss_relics":[{"not_picked":["Ectoplasm","Fusion Hammer"],"picked":"Calling Bell"},{"not_picked":["Astrolabe","Pandora\u0027s Box"],"picked":"Cursed Key"}],"items_purged_floors":[20,25,38,53],"is_endless":false,"potions_floor_spawned":[1,6,10,14,16,21,23,29,33,35,41,46],"ascension_level":17}