{"gold_per_floor":[118,32,32,32,50,50,80,80,80,115,115,126,126,126,126,204,204,224,241,241,254,271,271,303,303,303,331,256,270,103,123,123,194,194,209,259,277,4,23,23,52,69,69,69,83,83,118,118,118,118,118,118,118,147,147],"floor_reached":56,"playtime":7206,"items_purged":["Defend_G","Defend_G","Leg Sweep"],"score":2302,"play_id":"3cfa4807-ae49-4a28-ae73-94ffff7b0c82","local_time":"20181227213246","is_ascension_mode":true,"campfire_choices":[{"data":"Prepared","floor":6.0,"key":"SMITH"},{"floor":8.0,"key":"REST"},{"data":"Envenom","floor":11.0,"key":"SMITH"},{"data":"Well Laid Plans","floor":13.0,"key":"SMITH"},{"data":"Tactician","floor":15.0,"key":"SMITH"},{"data":"Acrobatics","floor":23.0,"key":"SMITH"},{"data":"Defend_G","floor":25.0,"key":"PURGE"},{"data":"Reflex","floor":32,"key":"SMITH"},{"floor":40,"key":"RECALL"},{"data":"Acrobatics","floor":44,"key":"SMITH"},{"data":"Footwork","floor":46,"key":"SMITH"},{"data":"Poisoned Stab+1","floor":49,"key":"PURGE"},{"data":"Survivor","floor":52,"key":"PURGE"}],"neow_cost":"NONE","seed_source_timestamp":639286863282825,"circlet_count":0,"master_deck":["AscendersBane","Eviscerate+1","Expertise+1","Acrobatics+1","Well Laid Plans+1","Prepared+1","Tactician+1","Envenom+1","After Image","Backflip","Calculated Gamble+1","Calculated Gamble+1","Blur","Finisher+1","Backflip","Reflex+1","Acrobatics+1","Footwork+1"],"special_seed":0,"relics":["Astrolabe","Pocketwatch","Singing Bowl","Potion Belt","Empty Cage","Peace Pipe","Whetstone","Philosopher\u0027s Stone","Oddly Smooth Stone","Ornamental Fan","Blue Candle","Boot","Bronze Scales"],"potions_floor_usage":[31,55,55,55],"damage_taken":[{"damage":0.0,"enemies":"Cultist","floor":1.0,"turns":4.0},{"damage":0.0,"enemies":"2 Louse","floor":5.0,"turns":3.0},{"damage":28.0,"enemies":"Gremlin Nob","floor":7.0,"turns":4.0},{"damage":2.0,"enemies":"Lagavulin","floor":10.0,"turns":4.0},{"damage":3.0,"enemies":"Small Slimes","floor":12.0,"turns":3.0},{"damage":12.0,"enemies":"Slime Boss","floor":16.0,"turns":9.0},{"damage":0.0,"enemies":"Shell Parasite","floor":18.0,"turns":3.0},{"damage":0.0,"enemies":"Chosen","floor":19.0,"turns":3.0},{"damage":0.0,"enemies":"Snake Plant","floor":21.0,"turns":2.0},{"damage":0.0,"enemies":"3 Cultists","floor":22.0,"turns":3.0},{"damage":0.0,"enemies":"Book of Stabbing","floor":24.0,"turns":3.0},{"damage":18.0,"enemies":"Gremlin Leader","floor":27.0,"turns":2.0},{"damage":2.0,"enemies":"Chosen and Byrds","floor":29.0,"turns":3.0},{"damage":0,"enemies":"Cultist and Chosen","floor":31,"turns":2},{"damage":0,"enemies":"Collector","floor":33,"turns":2},{"damage":0,"enemies":"Orb Walker","floor":35,"turns":1},{"damage":0,"enemies":"3 Shapes","floor":37,"turns":1},{"damage":0,"enemies":"Spire Growth","floor":39,"turns":2},{"damage":0,"enemies":"Giant Head","floor":41,"turns":2},{"damage":0,"enemies":"Sphere and 2 Shapes","floor":42,"turns":1},{"damage":0,"enemies":"Jaw Worm Horde","floor":45,"turns":1},{"damage":1,"enemies":"Nemesis","floor":47,"turns":1},{"damage":1,"enemies":"Donu and Deca","floor":50,"turns":1},{"damage":37,"enemies":"Shield and Spear","floor":54,"turns":2},{"damage":3,"enemies":"The Heart","floor":55,"turns":3}],"seed_played":"5826730952229107290","potions_obtained":[{"floor":7.0,"key":"Weak Potion"},{"floor":10.0,"key":"Ancient Potion"},{"floor":14.0,"key":"Fire Potion"},{"floor":16.0,"key":"Regen Potion"},{"floor":18.0,"key":"SpeedPotion"},{"floor":21.0,"key":"Ancient Potion"},{"floor":24.0,"key":"Dexterity Potion"},{"floor":29.0,"key":"AttackPotion"},{"floor":31,"key":"Dexterity Potion"},{"floor":33,"key":"SkillPotion"},{"floor":35,"key":"Dexterity Potion"},{"floor":45,"key":"FearPotion"}],"is_trial":false,"path_per_floor":["M","$","?","?","M","R","E","R","T","E","R","M","R","?","R","B",null,"M","M","?","M","M","R","E","R","T","E","$","M","$","R","B",null,"M","?","M","$","M","R","E","M","T","R","M","R","E","?","R","B",null,"R","$","E","B",null],"character_chosen":"THE_SILENT","items_purchased":["Well Laid Plans","Prepared","Reflex","Oddly Smooth Stone"],"campfire_rested":1,"item_purchase_floors":[2,2,30,38],"current_hp_per_floor":[59,59,59,52,52,52,24,43,43,43,43,40,40,40,40,28,58,58,58,58,58,58,58,60,60,60,42,42,45,45,47,47,49,68,70,70,72,72,74,74,74,76,76,76,76,76,77,77,77,76,82,82,82,47,44],"gold":147,"neow_bonus":"BOSS_RELIC","is_prod":false,"is_daily":false,"chose_seed":false,"campfire_upgraded":8,"win_rate":0,"timestamp":1545913966,"path_taken":["M","$","?","?","M","R","E","R","T","E","R","M","R","?","R","BOSS","M","?","?","M","M","R","E","R","T","E","$","M","$","M","R","BOSS","M","?","M","$","?","R","E","M","T","R","M","R","E","?","R","BOSS","R","$","E","BOSS"],"build_version":"2018-12-25","purchased_purges":3,"victory":true,"max_hp_per_floor":[66,66,66,66,66,66,66,66,66,68,68,68,68,68,68,68,68,68,68,68,68,68,68,70,70,70,70,70,70,70,72,72,74,74,76,76,78,78,80,80,80,82,82,82,82,82,84,84,84,84,84,84,84,86,86],"card_choices":[{"not_picked":["Bane","Slice"],"picked":"Acrobatics","floor":1.0},{"not_picked":["Bane","Expertise"],"picked":"Tactician","floor":5.0},{"not_picked":["All Out Attack","Bouncing Flask"],"picked":"Envenom","floor":7.0},{"not_picked":["Dodge and Roll","Deadly Poison","Dagger Throw"],"picked":"Singing Bowl","floor":10.0},{"not_picked":["Acrobatics","Terror"],"picked":"Leg Sweep","floor":12.0},{"not_picked":["Night Terror","Tools of the Trade"],"picked":"After Image","floor":16.0},{"not_picked":["Slice","Infinite Blades"],"picked":"Backflip","floor":18.0},{"not_picked":["PiercingWail+1","Sucker Punch"],"picked":"Calculated Gamble","floor":19.0},{"not_picked":["Dagger Throw","Outmaneuver+1"],"picked":"Calculated Gamble+1","floor":21.0},{"not_picked":["Choke","Backflip+1"],"picked":"Blur","floor":22.0},{"not_picked":["Choke","Flying Knee","Predator"],"picked":"Singing Bowl","floor":24.0},{"not_picked":["Unload","Flying Knee+1"],"picked":"Finisher","floor":27.0},{"not_picked":["PiercingWail","Blade Dance"],"picked":"Backflip","floor":29.0},{"not_picked":["Poisoned Stab","Skewer","Bane"],"picked":"Singing Bowl","floor":31},{"not_picked":["Storm of Steel","A Thousand Cuts","Grand Finale"],"picked":"Singing Bowl","floor":33},{"not_picked":["Eviscerate+1","Dagger Throw","Heel Hook"],"picked":"Singing Bowl","floor":35},{"not_picked":["Cloak And Dagger","Calculated Gamble","PiercingWail+1"],"picked":"Singing Bowl","floor":37},{"not_picked":["Blade Dance","Skewer","Slice+1"],"picked":"Singing Bowl","floor":39},{"not_picked":["Wraith Form v2","Bane"],"picked":"Acrobatics","floor":41},{"not_picked":["Eviscerate","Dagger Spray","Dash"],"picked":"Singing Bowl","floor":42},{"not_picked":["Blur","Backflip"],"picked":"Footwork","floor":45},{"not_picked":["Expertise","Escape Plan","Infinite Blades"],"picked":"Singing Bowl","floor":47},{"not_picked":["Dagger Spray","PiercingWail","Reflex+1"],"picked":"Singing Bowl","floor":54}],"player_experience":2583366,"relics_obtained":[{"floor":7.0,"key":"Pocketwatch"},{"floor":9.0,"key":"Singing Bowl"},{"floor":10.0,"key":"Potion Belt"},{"floor":24.0,"key":"Peace Pipe"},{"floor":27.0,"key":"Whetstone"},{"floor":41,"key":"Ornamental Fan"},{"floor":43,"key":"Blue Candle"},{"floor":47,"key":"Boot"},{"floor":54,"key":"Bronze Scales"}],"event_choices":[{"cards_removed":["Strike_G"],"damage_healed":0.0,"max_hp_gain":0.0,"max_hp_loss":0.0,"gold_gain":0.0,"event_name":"Living Wall","player_choice":"Forget","floor":3.0,"gold_loss":0.0,"damage_taken":0.0},{"cards_removed":["Strike_G"],"damage_healed":0.0,"max_hp_gain":0.0,"max_hp_loss":0.0,"gold_gain":0.0,"event_name":"Golden Wing","player_choice":"Card Removal","floor":4.0,"gold_loss":0.0,"damage_taken":7.0},{"damage_healed":0.0,"max_hp_gain":0.0,"max_hp_loss":0.0,"gold_gain":0.0,"event_name":"Lab","player_choice":"Got Potions","floor":14.0,"gold_loss":0.0,"damage_taken":0.0},{"damage_healed":0.0,"max_hp_gain":0.0,"max_hp_loss":0.0,"gold_gain":0.0,"event_name":"Upgrade Shrine","player_choice":"Upgraded","floor":20.0,"gold_loss":0.0,"damage_taken":0.0,"cards_upgraded":["Calculated Gamble"]},{"damage_healed":0,"gold_gain":50,"player_choice":"Pray","damage_taken":0,"max_hp_gain":0,"max_hp_loss":0,"event_name":"Golden Shrine","floor":36,"gold_loss":0},{"cards_removed":["Neutralize"],"damage_healed":0,"gold_gain":0,"player_choice":"Removed Attack","damage_taken":0,"max_hp_gain":0,"max_hp_loss":0,"event_name":"Falling","floor":48,"gold_loss":0}],"is_beta":true,"boss_relics":[{"not_picked":["Sozu","Orrery"],"picked":"Empty Cage"},{"not_picked":["Snecko Eye","Velvet Choker"],"picked":"Philosopher\u0027s Stone"}],"items_purged_floors":[28,30,38],"is_endless":false,"potions_floor_spawned":[7,10,16,18,21,24,29,31,33,35,39,42,45],"ascension_level":15}