{"gold_per_floor":[19,19,38,52,52,52,77,77,132,143,143,68,68],"floor_reached":13,"playtime":408,"items_purged":["Strike_G"],"score":166,"play_id":"572c8799-7b80-4631-861e-cfadcf9fc6d8","local_time":"20190315091138","is_ascension_mode":true,"campfire_choices":[{"floor":6,"key":"REST"},{"floor":8,"key":"REST"}],"neow_cost":"NO_GOLD","seed_source_timestamp":48715228607470,"circlet_count":0,"master_deck":["AscendersBane","Defend_G","Defend_G","Defend_G","Defend_G","Defend_G","Strike_G","Strike_G+1","Strike_G+1","Strike_G","Survivor","Neutralize","Good Instincts","Impatience","Dagger Throw","Noxious Fumes","Sucker Punch","Well Laid Plans","Escape Plan"],"relics":["Ring of the Snake","Centennial Puzzle","Blood Vial","Bag of Preparation"],"potions_floor_usage":[],"damage_taken":[{"damage":3,"enemies":"Small Slimes","floor":1,"turns":5},{"damage":9,"enemies":"Jaw Worm","floor":3,"turns":7},{"damage":0,"enemies":"2 Louse","floor":4,"turns":3},{"damage":51,"enemies":"Lagavulin","floor":7,"turns":9},{"damage":1,"enemies":"Blue Slaver","floor":10,"turns":5},{"damage":15,"enemies":"Exordium Thugs","floor":13,"turns":3}],"seed_played":"-2271714025823088324","potions_obtained":[{"floor":10,"key":"AttackPotion"}],"is_trial":false,"path_per_floor":["M","?","M","M","?","R","E","R","T","M","?","$","M"],"character_chosen":"THE_SILENT","items_purchased":[],"campfire_rested":2,"item_purchase_floors":[],"current_hp_per_floor":[56,61,52,52,31,52,1,22,22,23,12,12,0],"gold":68,"neow_bonus":"RANDOM_COLORLESS_2","is_prod":false,"is_daily":false,"chose_seed":false,"campfire_upgraded":0,"win_rate":0,"timestamp":1552608698,"path_taken":["M","?","M","M","?","R","E","R","T","M","?","?","?"],"build_version":"2019-01-23","purchased_purges":1,"victory":false,"max_hp_per_floor":[66,71,71,71,71,71,71,71,71,71,71,71,71],"card_choices":[{"not_picked":["Calculated Gamble","Prepared"],"picked":"Dagger Throw","floor":1},{"not_picked":["Quick Slash","PiercingWail"],"picked":"Noxious Fumes","floor":3},{"not_picked":["Prepared","Predator"],"picked":"Sucker Punch","floor":4},{"not_picked":["Calculated Gamble","Dodge and Roll"],"picked":"Well Laid Plans","floor":7},{"not_picked":["Blade Dance","Acrobatics"],"picked":"Escape Plan","floor":10}],"player_experience":751227,"relics_obtained":[{"floor":7,"key":"Centennial Puzzle"},{"floor":9,"key":"Blood Vial"}],"event_choices":[{"damage_healed":0,"gold_gain":0,"player_choice":"Donut","damage_taken":0,"max_hp_gain":5,"max_hp_loss":0,"event_name":"Big Fish","floor":2,"gold_loss":0},{"damage_healed":0,"gold_gain":0,"player_choice":"Entered Light","damage_taken":21,"max_hp_gain":0,"max_hp_loss":0,"event_name":"Shining Light","floor":5,"gold_loss":0,"cards_upgraded":["Strike_G","Strike_G"]},{"damage_healed":0,"gold_gain":0,"player_choice":"Success","damage_taken":11,"relics_obtained":["Bag of Preparation"],"max_hp_gain":0,"max_hp_loss":0,"event_name":"Scrap Ooze","floor":11,"gold_loss":0}],"is_beta":false,"boss_relics":[],"items_purged_floors":[12],"is_endless":false,"potions_floor_spawned":[10],"killed_by":"Exordium Thugs","ascension_level":20}