{"gold_per_floor":[112,131,149,149,74,74,85,99,99,113,113],"floor_reached":11,"playtime":509,"items_purged":[],"score":124,"play_id":"4d88f408-5c82-442b-ae41-5817aaf207f1","local_time":"20190419131256","is_ascension_mode":true,"campfire_choices":[{"data":"Neutralize","floor":6,"key":"SMITH"}],"neow_cost":"NONE","seed_source_timestamp":595152580874420,"circlet_count":0,"master_deck":["AscendersBane","Defend_G","Defend_G","Defend_G","Defend_G","Defend_G","Strike_G","Strike_G","Strike_G","Survivor","Neutralize+1","PiercingWail","Heel Hook","Terror","Dagger Throw","Predator","Leg Sweep"],"relics":["Ring of the Snake","Regal Pillow","Question Card"],"potions_floor_usage":[7],"damage_taken":[{"damage":4,"enemies":"Jaw Worm","floor":1,"turns":6},{"damage":0,"enemies":"2 Louse","floor":2,"turns":3},{"damage":0,"enemies":"Cultist","floor":3,"turns":4},{"damage":29,"enemies":"Gremlin Gang","floor":7,"turns":11},{"damage":11,"enemies":"Large Slime","floor":8,"turns":7},{"damage":0,"enemies":"Exordium Thugs","floor":10,"turns":5},{"damage":20,"enemies":"Lagavulin","floor":11,"turns":8}],"seed_played":"-442717670593878221","potions_obtained":[{"floor":2,"key":"Block Potion"},{"floor":10,"key":"Weak Potion"}],"is_trial":false,"path_per_floor":["M","M","M","?","?","R","M","M","T","M","E"],"character_chosen":"THE_SILENT","items_purchased":[],"campfire_rested":0,"item_purchase_floors":[],"current_hp_per_floor":[55,55,55,48,48,48,19,8,8,8,0],"gold":113,"neow_bonus":"RANDOM_COMMON_RELIC","is_prod":false,"is_daily":false,"chose_seed":false,"campfire_upgraded":1,"win_rate":0,"timestamp":1555647176,"path_taken":["M","M","M","?","?","R","M","M","T","M","E"],"build_version":"2019-04-04","purchased_purges":0,"victory":false,"max_hp_per_floor":[66,66,66,66,66,66,66,66,66,66,66],"card_choices":[{"not_picked":["Blade Dance","Calculated Gamble"],"picked":"PiercingWail","floor":1},{"not_picked":["Eviscerate","Cloak And Dagger"],"picked":"Heel Hook","floor":2},{"not_picked":["Distraction","Underhanded Strike"],"picked":"Terror","floor":3},{"not_picked":["Blade Dance","Outmaneuver"],"picked":"Dagger Throw","floor":7},{"not_picked":["Deflect","Eviscerate"],"picked":"Predator","floor":8},{"not_picked":["Accuracy","Flechettes","Deflect"],"picked":"Leg Sweep","floor":10}],"player_experience":2984607,"relics_obtained":[{"floor":9,"key":"Question Card"}],"event_choices":[{"cards_removed":["Strike_G"],"damage_healed":0,"gold_gain":0,"player_choice":"Card Removal","damage_taken":7,"max_hp_gain":0,"max_hp_loss":0,"event_name":"Golden Wing","floor":4,"gold_loss":0},{"cards_removed":["Strike_G"],"damage_healed":0,"gold_gain":0,"player_choice":"Card Removal","damage_taken":0,"max_hp_gain":0,"max_hp_loss":0,"event_name":"The Cleric","floor":5,"gold_loss":75}],"is_beta":true,"boss_relics":[],"items_purged_floors":[],"is_endless":false,"potions_floor_spawned":[2,10],"killed_by":"Lagavulin","ascension_level":17}