{"gold_per_floor":[111,111,30,42,62,62,74,99,99,132,152,152,152,167,167,268,268,287,42,42,56,72,105,105,122,145,145,162,175,175],"floor_reached":30,"playtime":2102,"items_purged":["Strike_R"],"score":427,"play_id":"8ff43118-e04e-4c72-a707-586c5f4ac798","local_time":"20181230193144","is_ascension_mode":true,"campfire_choices":[{"data":"Body Slam","floor":6,"key":"SMITH"},{"data":"Armaments","floor":12,"key":"SMITH"},{"data":"Flame Barrier","floor":15,"key":"SMITH"},{"floor":24,"key":"REST"},{"floor":27,"key":"REST"}],"neow_cost":"NONE","seed_source_timestamp":683010775340791,"circlet_count":0,"master_deck":["Strike_R","Strike_R","Defend_R","Defend_R","Defend_R","Defend_R","Bash","Barricade+1","Cleave","Body Slam+1","Flame Barrier+1","Armaments+1","Pommel Strike","Flex","Shrug It Off","Evolve","Shrug It Off","Offering","Feed","Bloodletting+1","Shrug It Off+1","Reaper","Shrug It Off+1","Metallicize"],"relics":["Burning Blood","Omamori","The Courier","Black Star","Bronze Scales","Paper Frog","Toxic Egg 2","Smiling Mask"],"potions_floor_usage":[10,16,16,23,23,30],"damage_taken":[{"damage":12,"enemies":"Jaw Worm","floor":1,"turns":2},{"damage":20,"enemies":"Cultist","floor":4,"turns":5},{"damage":0,"enemies":"2 Louse","floor":5,"turns":3},{"damage":8,"enemies":"Blue Slaver","floor":7,"turns":2},{"damage":14,"enemies":"Lagavulin","floor":8,"turns":8},{"damage":10,"enemies":"3 Sentries","floor":10,"turns":12},{"damage":10,"enemies":"Red Slaver","floor":11,"turns":3},{"damage":1,"enemies":"3 Louse","floor":14,"turns":3},{"damage":0,"enemies":"Slime Boss","floor":16,"turns":9},{"damage":14,"enemies":"2 Thieves","floor":18,"turns":4},{"damage":6,"enemies":"Spheric Guardian","floor":21,"turns":5},{"damage":37,"enemies":"Snecko","floor":22,"turns":6},{"damage":33,"enemies":"Gremlin Leader","floor":23,"turns":8},{"damage":45,"enemies":"Cultist and Chosen","floor":25,"turns":7},{"damage":24,"enemies":"Sentry and Sphere","floor":28,"turns":7},{"damage":24,"enemies":"Snecko","floor":29,"turns":7},{"damage":19,"enemies":"Book of Stabbing","floor":30,"turns":3}],"seed_played":"-8688773677865753644","potions_obtained":[{"floor":4,"key":"Ancient Potion"},{"floor":8,"key":"Dexterity Potion"},{"floor":10,"key":"FearPotion"},{"floor":11,"key":"Poison Potion"},{"floor":18,"key":"Energy Potion"},{"floor":25,"key":"Swift Potion"}],"is_trial":false,"path_per_floor":["M","?","$","M","M","R","M","E","T","E","M","R","?","M","R","B",null,"M","$","?","M","M","E","R","M","T","R","M","M","E"],"character_chosen":"IRONCLAD","items_purchased":["Body Slam","Flame Barrier","Bronze Scales","Feed"],"campfire_rested":2,"item_purchase_floors":[3,3,19,19],"current_hp_per_floor":[74,74,74,60,66,66,64,56,56,52,48,48,53,58,58,64,85,77,77,77,80,52,25,52,16,16,44,26,19,0],"gold":175,"neow_bonus":"TRANSFORM_CARD","is_prod":false,"is_daily":false,"chose_seed":false,"campfire_upgraded":3,"win_rate":0,"timestamp":1546165904,"path_taken":["M","?","$","?","M","R","M","E","T","E","M","R","?","M","R","BOSS","M","$","?","M","M","E","R","?","T","R","M","M","E"],"build_version":"2018-12-20","purchased_purges":1,"victory":false,"max_hp_per_floor":[80,80,80,80,80,80,80,80,80,80,80,80,85,85,85,85,85,85,85,85,88,91,91,91,94,94,94,94,97,97],"card_choices":[{"not_picked":["Anger","Heavy Blade"],"picked":"Cleave","floor":1},{"not_picked":["Wild Strike","Blood for Blood"],"picked":"Armaments","floor":4},{"not_picked":["Heavy Blade","Anger"],"picked":"Pommel Strike","floor":5},{"not_picked":["Clash","Perfected Strike"],"picked":"Flex","floor":7},{"not_picked":["Havoc","Reaper"],"picked":"Shrug It Off","floor":8},{"not_picked":["Infernal Blade","Flex"],"picked":"Evolve","floor":10},{"not_picked":["Heavy Blade","Clothesline","Searing Blow"],"picked":"SKIP","floor":11},{"not_picked":["Thunderclap","Cleave"],"picked":"Shrug It Off","floor":14},{"not_picked":["Barricade","Demon Form"],"picked":"Offering","floor":16},{"not_picked":["Sword Boomerang","Twin Strike","Sever Soul"],"picked":"SKIP","floor":18},{"not_picked":["Sentinel","Twin Strike","Perfected Strike"],"picked":"SKIP","floor":21},{"not_picked":["True Grit","Headbutt"],"picked":"Bloodletting+1","floor":22},{"not_picked":["Cleave+1","Pommel Strike+1"],"picked":"Shrug It Off","floor":23},{"not_picked":["Clothesline","Corruption"],"picked":"Reaper","floor":25},{"not_picked":["Rampage","Perfected Strike"],"picked":"Shrug It Off+1","floor":28},{"not_picked":["Clothesline","Wild Strike"],"picked":"Metallicize","floor":29}],"player_experience":275691,"relics_obtained":[{"floor":8,"key":"Omamori"},{"floor":10,"key":"The Courier"},{"floor":23,"key":"Paper Frog"},{"floor":23,"key":"Toxic Egg 2"},{"floor":26,"key":"Smiling Mask"}],"event_choices":[{"damage_healed":0,"gold_gain":0,"player_choice":"Forge","damage_taken":0,"max_hp_gain":0,"max_hp_loss":0,"event_name":"Accursed Blacksmith","floor":2,"gold_loss":0,"cards_upgraded":["Barricade"]},{"damage_healed":0,"gold_gain":0,"player_choice":"Donut","damage_taken":0,"max_hp_gain":5,"max_hp_loss":0,"event_name":"Big Fish","floor":13,"gold_loss":0},{"cards_removed":["Strike_R"],"damage_healed":0,"gold_gain":0,"player_choice":"Offered Basic","damage_taken":0,"max_hp_gain":0,"max_hp_loss":0,"event_name":"Bonfire Elementals","floor":20,"gold_loss":0}],"is_beta":false,"boss_relics":[{"not_picked":["Fusion Hammer","Velvet Choker"],"picked":"Black Star"}],"items_purged_floors":[19],"is_endless":false,"potions_floor_spawned":[4,8,10,11,18,25],"killed_by":"Book of Stabbing","ascension_level":4}