{"gold_per_floor":[115,290,301,132,149,179,179,196,196,206,281,281,23,39,39,129,129,150,150,50,64,64,64,77,77,77,93,111,111,111,111],"floor_reached":31,"playtime":1753,"items_purged":["Injury","Doubt"],"score":403,"play_id":"31dbe213-888e-4510-aa1e-f9ffe8516e9c","local_time":"20190511142143","is_ascension_mode":true,"campfire_choices":[{"floor":7,"key":"REST"},{"data":"Apotheosis","floor":15,"key":"SMITH"},{"floor":23,"key":"REST"},{"floor":25,"key":"REST"}],"neow_cost":"NONE","seed_source_timestamp":2579353958665763,"circlet_count":0,"master_deck":["AscendersBane","Strike_R+1","Strike_R+1","Strike_R+1","Strike_R+1","Defend_R+1","Defend_R+1","Defend_R+1","Defend_R+1","Bash","Headbutt","Warcry","Feel No Pain","Dark Shackles","Inflame","Cleave","Shockwave","Offering","Apotheosis+1","Uppercut","Dark Embrace","Burning Pact+1","Warcry","Corruption","Pommel Strike","Bludgeon","Pommel Strike"],"relics":["Burning Blood","NeowsBlessing","Potion Belt","Anchor","Golden Idol","Eternal Feather","Letter Opener"],"potions_floor_usage":[14,16,18,19,31],"damage_taken":[{"damage":0,"enemies":"Small Slimes","floor":1,"turns":1},{"damage":0,"enemies":"2 Louse","floor":3,"turns":1},{"damage":0,"enemies":"Jaw Worm","floor":5,"turns":1},{"damage":31,"enemies":"Gremlin Nob","floor":6,"turns":5},{"damage":8,"enemies":"Large Slime","floor":8,"turns":6},{"damage":7,"enemies":"Looter","floor":10,"turns":3},{"damage":4,"enemies":"Gremlin Gang","floor":14,"turns":3},{"damage":57,"enemies":"The Guardian","floor":16,"turns":12},{"damage":23,"enemies":"Shell Parasite","floor":18,"turns":6},{"damage":15,"enemies":"Colosseum Slavers","floor":19,"turns":3},{"damage":25,"enemies":"3 Byrds","floor":21,"turns":7},{"damage":39,"enemies":"Cultist and Chosen","floor":24,"turns":9},{"damage":25,"enemies":"Snake Plant","floor":27,"turns":5},{"damage":19,"enemies":"Centurion and Healer","floor":28,"turns":9},{"damage":20,"enemies":"Shelled Parasite and Fungi","floor":31,"turns":3}],"seed_played":"-2426066382393707230","potions_obtained":[{"floor":1,"key":"Energy Potion"},{"floor":6,"key":"EssenceOfSteel"},{"floor":14,"key":"GamblersBrew"},{"floor":18,"key":"AttackPotion"},{"floor":28,"key":"Swift Potion"}],"is_trial":false,"path_per_floor":["M","?","M","$","M","E","R","M","T","M","?","?","$","M","R","B",null,"M","?","$","M","?","R","M","R","T","M","M","?","?","M"],"character_chosen":"IRONCLAD","items_purchased":["Feel No Pain","Dark Shackles","Apotheosis"],"campfire_rested":3,"item_purchase_floors":[4,4,13],"current_hp_per_floor":[74,74,75,75,75,50,72,70,70,69,58,58,58,60,60,9,59,42,33,33,14,14,48,15,52,52,33,20,20,20,0],"gold":111,"neow_bonus":"THREE_ENEMY_KILL","is_prod":false,"is_daily":false,"chose_seed":false,"campfire_upgraded":1,"win_rate":0,"timestamp":1557573703,"path_taken":["M","?","M","$","M","E","R","M","T","M","?","?","?","M","R","BOSS","M","?","$","M","?","R","M","R","T","?","M","?","?","?"],"build_version":"2019-01-23","purchased_purges":2,"victory":false,"max_hp_per_floor":[75,75,75,75,75,75,75,75,75,75,75,75,75,75,75,75,75,75,75,75,75,75,75,75,75,75,75,75,75,75,75],"card_choices":[{"not_picked":["Blood for Blood","Flex"],"picked":"Headbutt","floor":1},{"not_picked":["Clothesline","Sword Boomerang"],"picked":"Warcry","floor":3},{"not_picked":["Clash","Perfected Strike"],"picked":"Inflame","floor":5},{"not_picked":["Reckless Charge","Wild Strike"],"picked":"Cleave","floor":6},{"not_picked":["Heavy Blade","Thunderclap"],"picked":"Shockwave","floor":8},{"not_picked":["Sword Boomerang","Wild Strike"],"picked":"Offering","floor":10},{"not_picked":["Clash","True Grit"],"picked":"Uppercut","floor":14},{"not_picked":["Offering","Limit Break"],"picked":"Dark Embrace","floor":16},{"not_picked":["Cleave","Twin Strike","Heavy Blade+1"],"picked":"SKIP","floor":18},{"not_picked":["Pummel","Shockwave+1"],"picked":"Burning Pact+1","floor":21},{"not_picked":["Spot Weakness+1","Thunderclap"],"picked":"Corruption","floor":24},{"not_picked":["Wild Strike","Clash"],"picked":"Pommel Strike","floor":27},{"not_picked":["Burning Pact","Perfected Strike"],"picked":"Dropkick","floor":28}],"player_experience":1328231,"relics_obtained":[{"floor":6,"key":"Potion Belt"},{"floor":9,"key":"Anchor"},{"floor":26,"key":"Letter Opener"}],"event_choices":[{"damage_healed":0,"gold_gain":175,"player_choice":"AGREE","damage_taken":0,"max_hp_gain":0,"max_hp_loss":0,"event_name":"Liars Game","floor":2,"gold_loss":0,"cards_obtained":["Doubt"]},{"damage_healed":0,"gold_gain":75,"player_choice":"Gather Gold","damage_taken":11,"max_hp_gain":0,"max_hp_loss":0,"event_name":"World of Goop","floor":11,"gold_loss":0},{"damage_healed":0,"gold_gain":0,"player_choice":"Take Wound","damage_taken":0,"relics_obtained":["Golden Idol"],"max_hp_gain":0,"max_hp_loss":0,"event_name":"Golden Idol","floor":12,"gold_loss":0,"cards_obtained":["Injury"]},{"damage_healed":0,"gold_gain":0,"player_choice":"Fight","damage_taken":0,"max_hp_gain":0,"max_hp_loss":0,"event_name":"Colosseum","floor":19,"gold_loss":0},{"damage_healed":0,"gold_gain":0,"player_choice":"Fled From Nobs","damage_taken":0,"max_hp_gain":0,"max_hp_loss":0,"event_name":"Colosseum","floor":19,"gold_loss":0},{"damage_healed":0,"gold_gain":0,"player_choice":"Copied","damage_taken":0,"max_hp_gain":0,"max_hp_loss":0,"event_name":"Duplicator","floor":22,"gold_loss":0,"cards_obtained":["Warcry"]},{"damage_healed":0,"gold_gain":0,"cards_transformed":["Strike_R","Dropkick"],"player_choice":"Became Test Subject","damage_taken":0,"max_hp_gain":0,"max_hp_loss":0,"event_name":"Drug Dealer","floor":29,"gold_loss":0,"cards_obtained":["Bludgeon","Pommel Strike"]},{"damage_healed":0,"gold_gain":0,"player_choice":"Simplicity","damage_taken":0,"max_hp_gain":0,"max_hp_loss":0,"event_name":"Back to Basics","floor":30,"gold_loss":0,"cards_upgraded":["Strike_R","Strike_R","Strike_R","Strike_R","Defend_R","Defend_R","Defend_R","Defend_R"]}],"is_beta":false,"boss_relics":[{"not_picked":["Coffee Dripper","Philosopher\u0027s Stone"],"picked":"Eternal Feather"}],"items_purged_floors":[13,20],"is_endless":false,"potions_floor_spawned":[1,6,14,18,28],"killed_by":"Shelled Parasite and Fungi","ascension_level":14}