{"gold_per_floor":[109,109,11,11,23,23,58,58,58,58,58,58,73,104,104,183,183,200,210,223,33,47,47,47,80,152,152,168,168,182,197,197,272,272,290,290,126,143,156,156,201,201,254,266,2,2,34,47,47,47],"floor_reached":50,"playtime":3881,"items_purged":["Defend_R","Defend_R"],"score":988,"play_id":"cc32596d-f4a7-4c33-9560-f6e7d3583940","local_time":"20181129022001","is_ascension_mode":true,"campfire_choices":[{"data":"True Grit","floor":6.0,"key":"SMITH"},{"data":"Panacea","floor":8.0,"key":"SMITH"},{"data":"Shockwave","floor":10.0,"key":"SMITH"},{"data":"Rage","floor":15.0,"key":"SMITH"},{"data":"Double Tap","floor":23.0,"key":"SMITH"},{"data":"Fire Breathing","floor":29.0,"key":"SMITH"},{"data":"Double Tap","floor":32.0,"key":"SMITH"},{"data":"Forethought","floor":40,"key":"SMITH"},{"data":"Flex","floor":42,"key":"SMITH"},{"data":"Metamorphosis","floor":46,"key":"SMITH"},{"data":"Seeing Red","floor":49,"key":"SMITH"}],"neow_cost":"NONE","seed_source_timestamp":194838756500471,"circlet_count":0,"master_deck":["AscendersBane","Strike_R","Strike_R+1","Strike_R","Strike_R","Defend_R+1","Bash","True Grit+1","Panacea+1","Shockwave+1","Rage+1","Cleave","Feed","Double Tap+1","Shrug It Off+1","Fire Breathing+1","Flex+1","Chrysalis+1","Reaper","Seeing Red+1","Headbutt","Double Tap+1","Forethought+1","Iron Wave+1","Anger","Metamorphosis+1"],"special_seed":0,"relics":["Black Blood","NeowsBlessing","Unceasing Top","Pocketwatch","Boot","Calipers","Coffee Dripper","MutagenicStrength","Letter Opener","Meat on the Bone","Torii","Potion Belt","Lantern"],"potions_floor_usage":[47,50],"damage_taken":[{"damage":0.0,"enemies":"2 Louse","floor":1.0,"turns":1.0},{"damage":0.0,"enemies":"Small Slimes","floor":5.0,"turns":1.0},{"damage":0.0,"enemies":"Gremlin Nob","floor":7.0,"turns":1.0},{"damage":0.0,"enemies":"Cultist","floor":13.0,"turns":4.0},{"damage":5.0,"enemies":"3 Sentries","floor":14.0,"turns":5.0},{"damage":18.0,"enemies":"The Guardian","floor":16.0,"turns":11.0},{"damage":13.0,"enemies":"Shell Parasite","floor":18.0,"turns":7.0},{"damage":2.0,"enemies":"Spheric Guardian","floor":19.0,"turns":5.0},{"damage":0.0,"enemies":"3 Cultists","floor":20.0,"turns":5.0},{"damage":18.0,"enemies":"Shelled Parasite and Fungi","floor":22.0,"turns":9.0},{"damage":27.0,"enemies":"Gremlin Leader","floor":25.0,"turns":7.0},{"damage":13.0,"enemies":"Snake Plant","floor":28.0,"turns":4.0},{"damage":0.0,"enemies":"Snecko","floor":30.0,"turns":3.0},{"damage":25.0,"enemies":"Shelled Parasite and Fungi","floor":31.0,"turns":9.0},{"damage":56.0,"enemies":"Automaton","floor":33.0,"turns":9.0},{"damage":2.0,"enemies":"3 Shapes","floor":35.0,"turns":5.0},{"damage":19.0,"enemies":"Orb Walker","floor":38.0,"turns":3.0},{"damage":23.0,"enemies":"Spire Growth","floor":39.0,"turns":5.0},{"damage":19,"enemies":"2 Orb Walkers","floor":41,"turns":4},{"damage":0,"enemies":"4 Shapes","floor":44,"turns":6},{"damage":66,"enemies":"Nemesis","floor":47,"turns":6},{"damage":63,"enemies":"Transient","floor":48,"turns":5},{"damage":73,"enemies":"Awakened One","floor":50,"turns":7}],"seed_played":"7788746526514835563","potions_obtained":[{"floor":1.0,"key":"SkillPotion"},{"floor":7.0,"key":"Strength Potion"},{"floor":14.0,"key":"BloodPotion"},{"floor":19.0,"key":"AttackPotion"},{"floor":25.0,"key":"BloodPotion"},{"floor":28.0,"key":"Poison Potion"},{"floor":31.0,"key":"AttackPotion"},{"floor":33.0,"key":"BloodPotion"},{"floor":41,"key":"SteroidPotion"}],"is_trial":false,"path_per_floor":["M","?","$","?","M","R","E","R","T","R","?","?","M","E","R","B",null,"M","M","M","$","M","R","?","E","T","?","M","R","M","M","R","B",null,"M","?","$","M","M","R","?","R","T","M","$","R","E","M","R","B"],"character_chosen":"IRONCLAD","items_purchased":["Panacea","Chrysalis","Forethought","Metamorphosis"],"campfire_rested":0,"item_purchase_floors":[3,21,37,45],"current_hp_per_floor":[74,51,51,46,52,52,58,58,58,58,63,63,69,70,70,61,78,74,78,87,87,78,78,78,69,69,69,77,77,83,73,73,67,90,98,98,98,98,85,85,76,76,76,89,89,89,55,25,25,0],"gold":47,"neow_bonus":"THREE_ENEMY_KILL","is_prod":false,"is_daily":false,"chose_seed":false,"campfire_upgraded":11,"win_rate":0,"timestamp":1543425601,"path_taken":["M","?","$","?","M","R","E","R","T","R","?","?","M","E","R","BOSS","M","M","M","$","M","R","?","E","T","?","?","R","M","M","R","BOSS","M","?","?","M","M","R","?","R","T","?","$","R","E","M","R","BOSS"],"build_version":"2018-11-15","purchased_purges":2,"victory":false,"max_hp_per_floor":[75,75,75,75,75,75,75,75,75,75,80,80,80,80,80,83,83,86,86,89,89,92,92,92,92,92,92,95,95,95,98,98,98,98,98,98,98,98,98,98,98,98,98,101,101,101,101,101,101,104],"card_choices":[{"not_picked":["Reckless Charge","Burning Pact"],"picked":"True Grit","floor":1.0},{"not_picked":["Iron Wave","Pommel Strike"],"picked":"Shockwave","floor":5.0},{"not_picked":["Warcry","Pummel"],"picked":"Rage","floor":7.0},{"not_picked":["Thunderclap","Havoc"],"picked":"Cleave","floor":13.0},{"not_picked":["Rupture","Clothesline"],"picked":"Feed","floor":14.0},{"not_picked":["Bludgeon","Immolate"],"picked":"Double Tap","floor":16.0},{"not_picked":["Iron Wave","Disarm"],"picked":"Shrug It Off+1","floor":18.0},{"not_picked":["Perfected Strike","Entrench"],"picked":"Fire Breathing","floor":19.0},{"not_picked":["Cleave","Twin Strike+1"],"picked":"Flex","floor":20.0},{"not_picked":["Feel No Pain","Twin Strike"],"picked":"Reaper","floor":22.0},{"not_picked":["Reckless Charge","Twin Strike"],"picked":"Seeing Red","floor":25.0},{"not_picked":["Havoc","Spot Weakness","Dual Wield"],"picked":"SKIP","floor":28.0},{"not_picked":["Heavy Blade","Dual Wield"],"picked":"Headbutt","floor":30.0},{"not_picked":["Clothesline","Perfected Strike+1"],"picked":"Double Tap","floor":31.0},{"not_picked":["Perfected Strike","True Grit","Havoc"],"picked":"SKIP","floor":35.0},{"not_picked":["Cleave+1","Pommel Strike"],"picked":"Iron Wave+1","floor":38.0},{"not_picked":["Cleave","Iron Wave+1"],"picked":"Anger","floor":39.0},{"not_picked":["Blood for Blood","Flame Barrier+1","Twin Strike"],"picked":"SKIP","floor":44},{"not_picked":["Hemokinesis+1","Carnage","Combust"],"picked":"SKIP","floor":47},{"not_picked":["Wild Strike","Warcry","Cleave"],"picked":"SKIP","floor":48}],"player_experience":2467127,"relics_obtained":[{"floor":7.0,"key":"Pocketwatch"},{"floor":9.0,"key":"Boot"},{"floor":14.0,"key":"Calipers"},{"floor":25.0,"key":"Letter Opener"},{"floor":26.0,"key":"Meat on the Bone"},{"floor":41,"key":"Torii"},{"floor":43,"key":"Potion Belt"},{"floor":47,"key":"Lantern"}],"event_choices":[{"damage_healed":0.0,"max_hp_gain":0.0,"max_hp_loss":0.0,"gold_gain":0.0,"event_name":"Shining Light","player_choice":"Entered Light","floor":2.0,"gold_loss":0.0,"damage_taken":23.0,"cards_upgraded":["Strike_R","Defend_R"]},{"damage_healed":0.0,"max_hp_gain":0.0,"max_hp_loss":0.0,"gold_gain":0.0,"event_name":"Scrap Ooze","player_choice":"Success","floor":4.0,"gold_loss":0.0,"damage_taken":5.0,"relics_obtained":["Unceasing Top"]},{"damage_healed":0.0,"max_hp_gain":5.0,"max_hp_loss":0.0,"gold_gain":0.0,"event_name":"Big Fish","player_choice":"Donut","floor":11.0,"gold_loss":0.0,"damage_taken":0.0},{"cards_removed":["Strike_R"],"damage_healed":0.0,"max_hp_gain":0.0,"max_hp_loss":0.0,"gold_gain":0.0,"event_name":"Living Wall","player_choice":"Forget","floor":12.0,"gold_loss":0.0,"damage_taken":0.0},{"damage_healed":0.0,"max_hp_gain":0.0,"max_hp_loss":0.0,"gold_gain":0.0,"event_name":"Drug Dealer","player_choice":"Inject Mutagens","floor":24.0,"gold_loss":0.0,"damage_taken":0.0,"relics_obtained":["MutagenicStrength"]},{"damage_healed":0.0,"max_hp_gain":0.0,"max_hp_loss":0.0,"gold_gain":0.0,"event_name":"Upgrade Shrine","player_choice":"Upgraded","floor":27.0,"gold_loss":0.0,"damage_taken":0.0,"cards_upgraded":["Chrysalis"]},{"cards_removed":["Defend_R"],"damage_healed":0.0,"max_hp_gain":0.0,"max_hp_loss":0.0,"gold_gain":0.0,"event_name":"Purifier","player_choice":"Purged","floor":36.0,"gold_loss":0.0,"damage_taken":0.0},{"damage_healed":0,"gold_gain":0,"player_choice":"Fight","damage_taken":0,"max_hp_gain":0,"max_hp_loss":0,"event_name":"Mysterious Sphere","floor":41,"gold_loss":0}],"is_beta":true,"boss_relics":[{"not_picked":["Calling Bell","Fusion Hammer"],"picked":"Coffee Dripper"},{"not_picked":["Eternal Feather","Mark of Pain"],"picked":"Black Blood"}],"items_purged_floors":[37,45],"is_endless":false,"potions_floor_spawned":[1,7,14,19,25,28,31,33,39,41],"killed_by":"Awakened One","ascension_level":15}