{"gold_per_floor":[110,110,110,126,143,143,143,161,161,161,180,37,49,60,60,164,164,183,25,40,54,54,54,85,96,145,145,164,164,178,194,194,194],"floor_reached":33,"playtime":2781,"items_purged":["Strike_R"],"score":314,"play_id":"b1b2dd3f-2661-450b-bb2d-633038f101b8","local_time":"20181226001142","is_ascension_mode":true,"campfire_choices":[{"data":"Feed","floor":6,"key":"SMITH"},{"data":"Entrench","floor":10,"key":"SMITH"},{"data":"Armaments","floor":15,"key":"SMITH"},{"data":"Bandage Up","floor":23,"key":"SMITH"},{"floor":29,"key":"REST"},{"floor":32,"key":"REST"}],"neow_cost":"TEN_PERCENT_HP_LOSS","seed_source_timestamp":267128771915752,"circlet_count":0,"master_deck":["Strike_R","Strike_R","Strike_R","Strike_R","Defend_R","Defend_R","Defend_R","Defend_R+1","Bash+1","Pommel Strike","Twin Strike+1","Feed+1","Entrench+1","Rampage","Offering","Armaments+1","Reaper","Bandage Up+1","Armaments+1","Dual Wield","Headbutt+1","Intimidate","Infernal Blade"],"relics":["Burning Blood","Champion Belt","Magic Flower","Velvet Choker","Unceasing Top","Letter Opener","Ancient Tea Set"],"potions_floor_usage":[11,18,21,30,30,33],"damage_taken":[{"damage":0,"enemies":"Small Slimes","floor":1,"turns":3},{"damage":0,"enemies":"2 Louse","floor":4,"turns":2},{"damage":7,"enemies":"Jaw Worm","floor":5,"turns":3},{"damage":4,"enemies":"Looter","floor":8,"turns":3},{"damage":6,"enemies":"Lots of Slimes","floor":11,"turns":2},{"damage":6,"enemies":"3 Louse","floor":13,"turns":3},{"damage":14,"enemies":"Large Slime","floor":14,"turns":5},{"damage":36,"enemies":"Slime Boss","floor":16,"turns":10},{"damage":19,"enemies":"Chosen","floor":18,"turns":6},{"damage":28,"enemies":"Spheric Guardian","floor":20,"turns":6},{"damage":25,"enemies":"Chosen and Byrds","floor":21,"turns":6},{"damage":62,"enemies":"Gremlin Leader","floor":24,"turns":10},{"damage":50,"enemies":"Shelled Parasite and Fungi","floor":25,"turns":6},{"damage":30,"enemies":"Snecko","floor":28,"turns":5},{"damage":46,"enemies":"Snake Plant","floor":30,"turns":5},{"damage":23,"enemies":"Centurion and Healer","floor":31,"turns":6},{"damage":112,"enemies":"Champ","floor":33,"turns":13}],"seed_played":"-7266533350983967981","potions_obtained":[{"floor":4,"key":"FairyPotion"},{"floor":8,"key":"Explosive Potion"},{"floor":14,"key":"SteroidPotion"},{"floor":16,"key":"Weak Potion"},{"floor":21,"key":"Fire Potion"},{"floor":25,"key":"SpeedPotion"},{"floor":28,"key":"AttackPotion"},{"floor":31,"key":"EssenceOfSteel"}],"is_trial":false,"path_per_floor":["M","?","?","M","M","R","?","M","T","R","M","$","M","M","R","B",null,"M","$","M","M","?","R","E","M","T","?","M","R","M","M","R","B"],"character_chosen":"IRONCLAD","items_purchased":["Offering","Bandage Up"],"campfire_rested":2,"item_purchase_floors":[12,19],"current_hp_per_floor":[72,77,62,68,67,67,67,69,69,69,78,78,85,86,86,65,93,83,83,76,81,81,81,51,31,31,31,19,49,21,28,58,0],"gold":194,"neow_bonus":"ONE_RARE_RELIC","is_prod":false,"is_daily":false,"chose_seed":false,"campfire_upgraded":4,"win_rate":0,"timestamp":1545750702,"path_taken":["M","?","?","M","M","R","?","M","T","R","?","$","M","M","R","BOSS","M","$","M","M","?","R","E","?","T","?","?","R","M","M","R","BOSS"],"build_version":"2018-12-20","purchased_purges":1,"victory":false,"max_hp_per_floor":[72,77,77,77,77,77,77,77,77,77,81,81,85,89,89,93,93,93,93,97,97,97,97,97,101,101,101,101,101,101,101,101,101],"card_choices":[{"not_picked":["Headbutt","Twin Strike"],"picked":"Pommel Strike","floor":1},{"not_picked":["Headbutt","Thunderclap"],"picked":"Twin Strike","floor":4},{"not_picked":["Shrug It Off","Clash"],"picked":"Feed","floor":5},{"not_picked":["Iron Wave","Corruption"],"picked":"Entrench","floor":8},{"not_picked":["Twin Strike","Headbutt"],"picked":"Rampage","floor":11},{"not_picked":["Whirlwind","Entrench"],"picked":"Armaments","floor":13},{"not_picked":["Thunderclap","Pommel Strike","Armaments"],"picked":"SKIP","floor":14},{"not_picked":["Exhume","Brutality"],"picked":"Reaper","floor":16},{"not_picked":["Havoc+1","Sword Boomerang","Iron Wave"],"picked":"SKIP","floor":18},{"not_picked":["Clothesline","Burning Pact+1"],"picked":"Armaments+1","floor":20},{"not_picked":["Clothesline","Armaments"],"picked":"Dual Wield","floor":21},{"not_picked":["Clash","Havoc+1"],"picked":"Headbutt+1","floor":24},{"not_picked":["Pommel Strike","Armaments"],"picked":"Intimidate","floor":25},{"not_picked":["Immolate","Rupture","Perfected Strike"],"picked":"SKIP","floor":28},{"not_picked":["Pommel Strike","Iron Wave","Body Slam+1"],"picked":"SKIP","floor":30},{"not_picked":["Anger","Pommel Strike"],"picked":"Infernal Blade","floor":31}],"player_experience":195986,"relics_obtained":[{"floor":9,"key":"Magic Flower"},{"floor":24,"key":"Letter Opener"},{"floor":26,"key":"Ancient Tea Set"}],"event_choices":[{"damage_healed":0,"gold_gain":0,"player_choice":"Donut","damage_taken":0,"max_hp_gain":5,"max_hp_loss":0,"event_name":"Big Fish","floor":2,"gold_loss":0},{"damage_healed":0,"gold_gain":0,"player_choice":"Entered Light","damage_taken":15,"max_hp_gain":0,"max_hp_loss":0,"event_name":"Shining Light","floor":3,"gold_loss":0,"cards_upgraded":["Bash","Defend_R"]},{"damage_healed":0,"gold_gain":0,"player_choice":"Grow","damage_taken":0,"max_hp_gain":0,"max_hp_loss":0,"event_name":"Living Wall","floor":7,"gold_loss":0,"cards_upgraded":["Twin Strike"]},{"damage_healed":0,"gold_gain":0,"player_choice":"Gave Potion","damage_taken":0,"relics_obtained":["Unceasing Top"],"max_hp_gain":0,"max_hp_loss":0,"event_name":"WeMeetAgain","floor":22,"gold_loss":0},{"damage_healed":0,"gold_gain":0,"player_choice":"0 cards matched","damage_taken":0,"max_hp_gain":0,"max_hp_loss":0,"event_name":"Match and Keep!","floor":27,"gold_loss":0,"cards_obtained":[]}],"is_beta":false,"boss_relics":[{"not_picked":["Black Star","Tiny House"],"picked":"Velvet Choker"}],"items_purged_floors":[19],"is_endless":false,"potions_floor_spawned":[4,8,14,16,21,25,28,31],"killed_by":"Champ","ascension_level":2}