{"gold_per_floor":[114,114,114,114,114,114,132,132,132,148,181,18,18,62,62,191,191,206,224,2,15,15,15,56,56,83,102,102,2,2,18,18,18],"floor_reached":33,"playtime":2884,"items_purged":["Strike_R","Strike_R"],"score":377,"play_id":"f3710595-9bd7-401e-b0e2-b297ad9a5c71","local_time":"20190110153430","is_ascension_mode":true,"campfire_choices":[{"data":"Bash","floor":6.0,"key":"SMITH"},{"data":"Uppercut","floor":8.0,"key":"SMITH"},{"data":"Rage","floor":13.0,"key":"SMITH"},{"data":"True Grit","floor":15.0,"key":"SMITH"},{"data":"Armaments","floor":23.0,"key":"SMITH"},{"data":"Dual Wield","floor":25.0,"key":"SMITH"},{"data":"Offering","floor":28.0,"key":"SMITH"},{"data":"Flex","floor":30.0,"key":"SMITH"},{"floor":32.0,"key":"REST"}],"neow_cost":"NONE","seed_source_timestamp":224118439999,"circlet_count":0,"master_deck":["Strike_R","Defend_R","Defend_R","Defend_R","Bash+1","Clash","Rampage","Uppercut+1","Power Through","Feed","Rage+1","True Grit+1","Offering+1","Armaments+1","Dual Wield+1","Shrug It Off+1","Cleave","Flex+1","Headbutt"],"special_seed":0,"relics":["Black Blood","Happy Flower","Golden Idol","Sundial","Anchor","Ornamental Fan","Blood Vial","Strawberry","Pen Nib"],"potions_floor_usage":[33],"damage_taken":[{"damage":6.0,"enemies":"Cultist","floor":1.0,"turns":4.0},{"damage":0.0,"enemies":"Small Slimes","floor":7.0,"turns":2.0},{"damage":6.0,"enemies":"2 Louse","floor":10.0,"turns":3.0},{"damage":15.0,"enemies":"Lagavulin","floor":11.0,"turns":5.0},{"damage":10.0,"enemies":"3 Sentries","floor":14.0,"turns":7.0},{"damage":24.0,"enemies":"Slime Boss","floor":16.0,"turns":12.0},{"damage":6.0,"enemies":"Chosen","floor":18.0,"turns":3.0},{"damage":6.0,"enemies":"2 Thieves","floor":19.0,"turns":4.0},{"damage":10.0,"enemies":"Shelled Parasite and Fungi","floor":21.0,"turns":5.0},{"damage":46.0,"enemies":"Slavers","floor":24.0,"turns":8.0},{"damage":16.0,"enemies":"Centurion and Healer","floor":27.0,"turns":4.0},{"damage":13.0,"enemies":"3 Cultists","floor":31.0,"turns":5.0},{"damage":124,"enemies":"Collector","floor":33,"turns":5}],"seed_played":"4517960568388103329","potions_obtained":[{"floor":1.0,"key":"FearPotion"},{"floor":11.0,"key":"EssenceOfSteel"},{"floor":14.0,"key":"LiquidBronze"},{"floor":24.0,"key":"EssenceOfSteel"},{"floor":27.0,"key":"SkillPotion"}],"is_trial":false,"path_per_floor":["M","?","?","?","?","R","M","R","T","M","E","$","R","E","R","B",null,"M","M","$","M","?","R","E","R","T","M","R","$","R","M","R","B"],"character_chosen":"IRONCLAD","items_purchased":["Rage","Block Potion","Blood Vial","Dual Wield"],"campfire_rested":1,"item_purchase_floors":[12,12,20,20],"current_hp_per_floor":[72,65,70,70,70,70,76,76,76,76,67,67,67,66,66,51,77,81,88,88,88,88,88,62,62,62,58,58,58,58,60,90,0],"gold":18,"neow_bonus":"RANDOM_COMMON_RELIC","is_prod":false,"is_daily":false,"chose_seed":false,"campfire_upgraded":8,"win_rate":0,"timestamp":1547102070,"path_taken":["M","?","?","?","?","R","M","R","T","M","E","$","R","E","R","BOSS","M","M","$","M","?","R","E","R","T","?","R","$","R","M","R","BOSS"],"build_version":"2019-01-03v4","purchased_purges":2,"victory":false,"max_hp_per_floor":[80,80,85,85,79,79,79,79,79,79,79,79,79,82,82,85,85,85,88,88,88,88,88,98,98,98,98,98,98,98,101,101,101],"card_choices":[{"not_picked":["Dual Wield","Headbutt"],"picked":"Clash","floor":1.0},{"not_picked":["Hemokinesis","Metallicize"],"picked":"Uppercut","floor":7.0},{"not_picked":["Havoc","Spot Weakness"],"picked":"Power Through","floor":10.0},{"not_picked":["Havoc","Sword Boomerang"],"picked":"Feed","floor":11.0},{"not_picked":["Warcry","Clothesline"],"picked":"True Grit","floor":14.0},{"not_picked":["Feed","Exhume"],"picked":"Offering","floor":16.0},{"not_picked":["Iron Wave+1","Disarm"],"picked":"Armaments","floor":18.0},{"not_picked":["Havoc","Heavy Blade+1","Sword Boomerang"],"picked":"SKIP","floor":19.0},{"not_picked":["Entrench","Anger+1"],"picked":"Shrug It Off+1","floor":21.0},{"not_picked":["Clothesline","Iron Wave"],"picked":"Flex","floor":24.0},{"not_picked":["Pommel Strike+1","Hemokinesis","Shrug It Off"],"picked":"SKIP","floor":27.0},{"not_picked":["Searing Blow","Fire Breathing"],"picked":"Headbutt","floor":31.0}],"player_experience":331894,"relics_obtained":[{"floor":9.0,"key":"Sundial"},{"floor":11.0,"key":"Anchor"},{"floor":14.0,"key":"Ornamental Fan"},{"floor":24.0,"key":"Strawberry"},{"floor":26.0,"key":"Pen Nib"}],"event_choices":[{"cards_removed":["Defend_R"],"damage_healed":0.0,"max_hp_gain":0.0,"max_hp_loss":0.0,"gold_gain":0.0,"event_name":"Golden Wing","player_choice":"Card Removal","floor":2.0,"gold_loss":0.0,"damage_taken":7.0},{"damage_healed":0.0,"max_hp_gain":5.0,"max_hp_loss":0.0,"gold_gain":0.0,"event_name":"Big Fish","player_choice":"Donut","floor":3.0,"gold_loss":0.0,"damage_taken":0.0},{"damage_healed":0.0,"max_hp_gain":0.0,"max_hp_loss":0.0,"gold_gain":0.0,"cards_transformed":["Strike_R"],"event_name":"Living Wall","player_choice":"Change","floor":4.0,"gold_loss":0.0,"damage_taken":0.0,"cards_obtained":["Rampage"]},{"damage_healed":0.0,"max_hp_gain":0.0,"max_hp_loss":6.0,"gold_gain":0.0,"event_name":"Golden Idol","player_choice":"Lose Max HP","floor":5.0,"gold_loss":0.0,"damage_taken":0.0,"relics_obtained":["Golden Idol"]},{"damage_healed":0.0,"max_hp_gain":0.0,"max_hp_loss":0.0,"gold_gain":0.0,"cards_transformed":["Strike_R"],"event_name":"Transmorgrifier","player_choice":"Transformed","floor":22.0,"gold_loss":0.0,"damage_taken":0.0,"cards_obtained":["Cleave"]}],"is_beta":false,"boss_relics":[{"not_picked":["Ectoplasm","Coffee Dripper"],"picked":"Black Blood"}],"items_purged_floors":[12,29],"is_endless":false,"potions_floor_spawned":[1,11,14,24,27],"killed_by":"Collector","ascension_level":6}