{"gold_per_floor":[111,123,73,73,148,179,179,179,179,127,127,139,139,158,158,235,235,253,264,2,17,17],"floor_reached":22,"playtime":856,"items_purged":["Pain"],"score":304,"play_id":"7b1104da-e445-478a-af91-c455ee42beb5","local_time":"20190208232609","is_ascension_mode":true,"campfire_choices":[{"floor":7,"key":"REST"},{"data":"True Grit","floor":11,"key":"SMITH"},{"data":"Bash","floor":13,"key":"SMITH"},{"data":"Perfected Strike","floor":15,"key":"SMITH"}],"neow_cost":"NONE","seed_source_timestamp":2536431881653136,"circlet_count":0,"master_deck":["AscendersBane","Strike_R","Strike_R","Strike_R","Strike_R","Defend_R","Defend_R","Defend_R","Bash+1","Perfected Strike+1","Clash","Dropkick","True Grit+1","Evolve","Shrug It Off","Fiend Fire","Injury","Writhe","Perfected Strike","Clothesline","Perfected Strike","Dual Wield","Shrug It Off"],"relics":["Runic Dome","Meat on the Bone","Anchor","Calling Bell","Ancient Tea Set","Question Card","Calipers"],"potions_floor_usage":[19,20,21],"damage_taken":[{"damage":0,"enemies":"2 Louse","floor":1,"turns":3},{"damage":4,"enemies":"Jaw Worm","floor":2,"turns":3},{"damage":45,"enemies":"3 Sentries","floor":6,"turns":10},{"damage":0,"enemies":"Small Slimes","floor":12,"turns":2},{"damage":1,"enemies":"Looter","floor":14,"turns":2},{"damage":28,"enemies":"The Guardian","floor":16,"turns":12},{"damage":30,"enemies":"3 Byrds","floor":18,"turns":8},{"damage":8,"enemies":"2 Thieves","floor":19,"turns":3},{"damage":36,"enemies":"Chosen and Byrds","floor":21,"turns":7},{"damage":26,"enemies":"Colosseum Slavers","floor":22,"turns":3}],"seed_played":"3494738263443376755","potions_obtained":[{"floor":1,"key":"FearPotion"},{"floor":12,"key":"Fire Potion"},{"floor":18,"key":"SpeedPotion"}],"is_trial":false,"path_per_floor":["M","M","?","?","?","E","R","?","T","$","R","M","R","M","R","B",null,"M","M","$","M","?"],"character_chosen":"IRONCLAD","items_purchased":["True Grit","Fruit Juice","Perfected Strike","Dual Wield"],"campfire_rested":1,"item_purchase_floors":[10,20,20,20],"current_hp_per_floor":[72,68,68,61,50,5,29,29,29,29,29,41,41,52,52,36,69,51,43,48,24,0],"gold":17,"neow_bonus":"BOSS_RELIC","is_prod":false,"is_daily":false,"chose_seed":false,"campfire_upgraded":3,"win_rate":0,"timestamp":1549635969,"path_taken":["M","M","?","?","?","E","R","?","T","?","R","M","R","M","R","BOSS","M","M","$","M","?"],"build_version":"2019-01-23","purchased_purges":1,"victory":false,"max_hp_per_floor":[80,80,80,80,80,80,80,80,80,80,80,80,80,80,80,80,80,80,80,85,85,85],"card_choices":[{"not_picked":["Shockwave","Pommel Strike"],"picked":"Perfected Strike","floor":1},{"not_picked":["Seeing Red","Sentinel"],"picked":"Clash","floor":2},{"not_picked":["Blood for Blood","Reckless Charge"],"picked":"Dropkick","floor":6},{"not_picked":["Twin Strike","Thunderclap"],"picked":"Evolve","floor":12},{"not_picked":["Anger","Heavy Blade"],"picked":"Shrug It Off","floor":14},{"not_picked":["Brutality","Berserk"],"picked":"Fiend Fire","floor":16},{"not_picked":["True Grit","Thunderclap","Power Through"],"picked":"Perfected Strike","floor":18},{"not_picked":["Headbutt","Warcry","Sever Soul"],"picked":"Clothesline","floor":19},{"not_picked":["Anger","Clothesline","Havoc"],"picked":"Shrug It Off","floor":21}],"player_experience":575666,"relics_obtained":[{"floor":6,"key":"Meat on the Bone"},{"floor":9,"key":"Anchor"},{"floor":17,"key":"Ancient Tea Set"},{"floor":17,"key":"Question Card"},{"floor":17,"key":"Calipers"}],"event_choices":[{"cards_removed":["Strike_R"],"damage_healed":0,"gold_gain":0,"player_choice":"Card Removal","damage_taken":0,"max_hp_gain":0,"max_hp_loss":0,"event_name":"The Cleric","floor":3,"gold_loss":50},{"cards_removed":["Defend_R"],"damage_healed":0,"gold_gain":0,"player_choice":"Card Removal","damage_taken":7,"max_hp_gain":0,"max_hp_loss":0,"event_name":"Golden Wing","floor":4,"gold_loss":0},{"damage_healed":0,"gold_gain":75,"player_choice":"Gather Gold","damage_taken":11,"max_hp_gain":0,"max_hp_loss":0,"event_name":"World of Goop","floor":5,"gold_loss":0},{"damage_healed":0,"gold_gain":0,"player_choice":"Ignored","damage_taken":0,"max_hp_gain":0,"max_hp_loss":0,"event_name":"Golden Idol","floor":8,"gold_loss":0},{"damage_healed":0,"gold_gain":0,"player_choice":"Fight","damage_taken":0,"max_hp_gain":0,"max_hp_loss":0,"event_name":"Colosseum","floor":22,"gold_loss":0}],"is_beta":false,"boss_relics":[{"not_picked":["Astrolabe","Coffee Dripper"],"picked":"Calling Bell"}],"items_purged_floors":[20],"is_endless":false,"potions_floor_spawned":[1,12,18],"killed_by":"Colosseum Slavers","ascension_level":13}