{"gold_per_floor":[118,43,43,54,73,73,223,234,311,311,113,132,157,32,32,106,106,122,122,122,142,156,156,169,84,131,165,165,115,115,115,115,115],"floor_reached":33,"playtime":1408,"items_purged":["Clumsy","Doubt","Strike_R"],"score":504,"play_id":"feb22252-fb5d-4e04-92c1-382b66754917","local_time":"20181218124127","is_ascension_mode":true,"campfire_choices":[{"data":"Bash","floor":6,"key":"SMITH"},{"data":"Limit Break","floor":10,"key":"SMITH"},{"floor":15,"key":"REST"},{"floor":23,"key":"REST"},{"floor":28,"key":"REST"},{"floor":30,"key":"RECALL"},{"data":"Heavy Blade","floor":32,"key":"SMITH"}],"neow_cost":"CURSE","seed_source_timestamp":176662715268187,"circlet_count":0,"master_deck":["AscendersBane","Strike_R+1","Strike_R+1","Defend_R+1","Defend_R+1","Defend_R+1","Defend_R+1","Bash+1","Limit Break+1","Infernal Blade","Shrug It Off+1","Cleave","Spot Weakness","Offering","Heavy Blade+1","Whirlwind+1","Shockwave","Cleave+1"],"relics":["Burning Blood","The Courier","Happy Flower","Centennial Puzzle","War Paint","Velvet Choker","MutagenicStrength","Meat on the Bone","Smiling Mask","Pocketwatch"],"potions_floor_usage":[13,27,27],"damage_taken":[{"damage":0,"enemies":"Jaw Worm","floor":1,"turns":1},{"damage":11,"enemies":"Cultist","floor":4,"turns":4},{"damage":0,"enemies":"2 Louse","floor":5,"turns":3},{"damage":32,"enemies":"Exordium Thugs","floor":8,"turns":7},{"damage":6,"enemies":"Blue Slaver","floor":12,"turns":5},{"damage":31,"enemies":"Lagavulin","floor":13,"turns":4},{"damage":23,"enemies":"The Guardian","floor":16,"turns":8},{"damage":7,"enemies":"Chosen","floor":18,"turns":2},{"damage":11,"enemies":"Shell Parasite","floor":21,"turns":4},{"damage":40,"enemies":"Snake Plant","floor":22,"turns":4},{"damage":24,"enemies":"Shelled Parasite and Fungi","floor":24,"turns":3},{"damage":20,"enemies":"Gremlin Leader","floor":27,"turns":4},{"damage":80,"enemies":"Automaton","floor":33,"turns":6}],"seed_played":"7050808091016017125","potions_obtained":[{"floor":1,"key":"Dexterity Potion"},{"floor":3,"key":"PowerPotion"},{"floor":22,"key":"Dexterity Potion"},{"floor":27,"key":"GamblersBrew"}],"is_trial":false,"path_per_floor":["M","$","?","M","M","R","?","M","T","R","$","M","E","$","R","B",null,"M","?","?","M","M","R","M","?","T","E","R","$","R","?","R","B"],"character_chosen":"IRONCLAD","items_purchased":["Happy Flower","War Paint"],"campfire_rested":3,"item_purchase_floors":[11,14],"current_hp_per_floor":[74,74,74,69,75,75,75,49,49,49,49,49,24,24,46,29,64,63,63,63,58,24,46,28,28,28,26,48,48,48,48,48,0],"gold":115,"neow_bonus":"TRANSFORM_TWO_CARDS","is_prod":false,"is_daily":false,"chose_seed":false,"campfire_upgraded":3,"win_rate":0,"timestamp":1545104487,"path_taken":["M","$","?","?","M","R","?","M","T","R","$","M","E","?","R","BOSS","M","?","?","M","M","R","M","?","T","E","R","$","R","?","R","BOSS"],"build_version":"2018-12-13","purchased_purges":3,"victory":false,"max_hp_per_floor":[75,75,75,75,75,75,75,75,75,75,75,75,75,75,75,75,75,75,75,75,75,75,75,75,75,75,75,75,75,75,75,75,75],"card_choices":[{"not_picked":["True Grit","Wild Strike"],"picked":"Shrug It Off","floor":1},{"not_picked":["Warcry","Combust","Wild Strike"],"picked":"SKIP","floor":4},{"not_picked":["Wild Strike","Shrug It Off"],"picked":"Cleave","floor":5},{"not_picked":["Shrug It Off","Headbutt"],"picked":"Spot Weakness","floor":8},{"not_picked":["Iron Wave","Sword Boomerang"],"picked":"Offering","floor":12},{"not_picked":["True Grit","Bludgeon"],"picked":"Heavy Blade","floor":13},{"not_picked":["Armaments","Wild Strike","Sentinel"],"picked":"SKIP","floor":18},{"not_picked":["Flex","Dark Embrace"],"picked":"Whirlwind+1","floor":21},{"not_picked":["Havoc+1","Dropkick"],"picked":"Shockwave","floor":22},{"not_picked":["Carnage+1","Iron Wave"],"picked":"Cleave+1","floor":24},{"not_picked":["Brutality","Searing Blow","Wild Strike"],"picked":"SKIP","floor":27}],"player_experience":2566992,"relics_obtained":[{"floor":9,"key":"The Courier"},{"floor":13,"key":"Centennial Puzzle"},{"floor":26,"key":"Smiling Mask"},{"floor":27,"key":"Pocketwatch"}],"event_choices":[{"damage_healed":0,"gold_gain":0,"player_choice":"Got Potions","damage_taken":0,"max_hp_gain":0,"max_hp_loss":0,"event_name":"Lab","floor":3,"gold_loss":0},{"damage_healed":0,"gold_gain":150,"player_choice":"AGREE","damage_taken":0,"max_hp_gain":0,"max_hp_loss":0,"event_name":"Liars Game","floor":7,"gold_loss":0,"cards_obtained":["Doubt"]},{"damage_healed":0,"gold_gain":0,"player_choice":"Ignored","damage_taken":0,"max_hp_gain":0,"max_hp_loss":0,"event_name":"Ghosts","floor":19,"gold_loss":0},{"damage_healed":0,"gold_gain":0,"player_choice":"Inject Mutagens","damage_taken":0,"relics_obtained":["MutagenicStrength"],"max_hp_gain":0,"max_hp_loss":0,"event_name":"Drug Dealer","floor":20,"gold_loss":0},{"damage_healed":0,"gold_gain":0,"player_choice":"Obtained Relic","damage_taken":0,"relics_obtained":["Meat on the Bone"],"max_hp_gain":0,"max_hp_loss":0,"event_name":"Addict","floor":25,"gold_loss":85},{"damage_healed":0,"gold_gain":0,"player_choice":"Simplicity","damage_taken":0,"max_hp_gain":0,"max_hp_loss":0,"event_name":"Back to Basics","floor":31,"gold_loss":0,"cards_upgraded":["Strike_R","Strike_R","Defend_R","Defend_R","Defend_R"]}],"is_beta":true,"boss_relics":[{"not_picked":["Fusion Hammer","Eternal Feather"],"picked":"Velvet Choker"}],"items_purged_floors":[2,11,29],"is_endless":false,"potions_floor_spawned":[1,22,27],"killed_by":"Automaton","ascension_level":15}