{"gold_per_floor":[111,21,96,106,23,56,56,67,67,97,110,130,130,156,156,231,231,246,263,263,2,2,2,27,27,53,53],"floor_reached":27,"playtime":1029,"items_purged":["Shame"],"score":548,"play_id":"8b871f7c-0a37-4784-8db3-8c74aa6d0327","local_time":"20190602140226","is_ascension_mode":true,"campfire_choices":[{"data":"Double Tap","floor":7.0,"key":"SMITH"},{"data":"Inflame","floor":15.0,"key":"SMITH"},{"floor":23.0,"key":"REST"}],"neow_cost":"NONE","seed_source_timestamp":0,"circlet_count":0,"master_deck":["AscendersBane","Strike_R","Strike_R","Strike_R","Strike_R","Strike_R","Defend_R","Defend_R","Defend_R","Defend_R","Bash","Pommel Strike","Feel No Pain","Double Tap+1","Heavy Blade","Pummel","Carnage","Juggernaut","Inflame+1","Flex","Juggernaut","Twin Strike","Flex","Infernal Blade","Bandage Up","Sword Boomerang","Sword Boomerang","Metallicize+1"],"special_seed":0,"relics":["Burning Blood","NeowsBlessing","Du-Vu Doll","Sundial","Ice Cream","Vajra","The Courier","Oddly Smooth Stone","Sozu","Mummified Hand","Pantograph","Boot"],"potions_floor_usage":[],"damage_taken":[{"damage":0.0,"enemies":"Jaw Worm","floor":1.0,"turns":1.0},{"damage":0.0,"enemies":"Cultist","floor":4.0,"turns":1.0},{"damage":0.0,"enemies":"Lagavulin","floor":6.0,"turns":1.0},{"damage":0.0,"enemies":"Small Slimes","floor":8.0,"turns":2.0},{"damage":11.0,"enemies":"3 Sentries","floor":10.0,"turns":8.0},{"damage":0.0,"enemies":"2 Fungi Beasts","floor":11.0,"turns":2.0},{"damage":2.0,"enemies":"3 Louse","floor":12.0,"turns":2.0},{"damage":8.0,"enemies":"Gremlin Nob","floor":14.0,"turns":3.0},{"damage":49.0,"enemies":"The Guardian","floor":16.0,"turns":10.0},{"damage":32.0,"enemies":"3 Byrds","floor":18.0,"turns":5.0},{"damage":15.0,"enemies":"Chosen","floor":19.0,"turns":4.0},{"damage":49.0,"enemies":"Slavers","floor":24.0,"turns":5.0},{"damage":18,"enemies":"Gremlin Leader","floor":27,"turns":2}],"seed_played":"-7467254768860386374","potions_obtained":[{"floor":8.0,"key":"Block Potion"},{"floor":10.0,"key":"Explosive Potion"},{"floor":12.0,"key":"Ancient Potion"}],"is_trial":false,"path_per_floor":["M","$","?","M","?","E","R","M","T","E","M","M","?","E","R","B",null,"M","M","?","$","?","R","E","?","T","E"],"character_chosen":"IRONCLAD","items_purchased":["Feel No Pain","Infernal Blade","Bandage Up","Sword Boomerang","Sword Boomerang"],"campfire_rested":1,"item_purchase_floors":[2,21,21,21,21],"current_hp_per_floor":[74,74,63,69,69,75,75,75,75,70,75,75,70,68,68,25,63,37,28,28,28,28,50,11,11,11,0],"gold":53,"neow_bonus":"THREE_ENEMY_KILL","is_prod":false,"is_daily":false,"chose_seed":false,"campfire_upgraded":2,"win_rate":0,"timestamp":1559473346,"path_taken":["M","$","?","M","?","E","R","M","T","E","M","?","?","E","R","BOSS","M","M","?","$","?","R","E","?","T","E"],"build_version":"2019-01-23","purchased_purges":1,"victory":false,"max_hp_per_floor":[75,75,75,75,75,75,75,75,75,75,75,75,75,75,75,75,75,75,75,75,75,75,75,75,75,75,75],"card_choices":[{"not_picked":["Cleave","Clash"],"picked":"Pommel Strike","floor":1.0},{"not_picked":["Headbutt","Heavy Blade"],"picked":"Double Tap","floor":4.0},{"not_picked":["Sword Boomerang","Cleave"],"picked":"Heavy Blade","floor":6.0},{"not_picked":["Thunderclap","Flex"],"picked":"Pummel","floor":8.0},{"not_picked":["Fire Breathing","Clash"],"picked":"Carnage","floor":10.0},{"not_picked":["Twin Strike","Dual Wield"],"picked":"Juggernaut","floor":11.0},{"not_picked":["Anger","Clash"],"picked":"Inflame","floor":12.0},{"not_picked":["Anger","Sever Soul"],"picked":"Flex","floor":14.0},{"not_picked":["Impervious","Double Tap"],"picked":"Juggernaut","floor":16.0},{"not_picked":["Warcry","Havoc"],"picked":"Twin Strike","floor":18.0},{"not_picked":["Havoc","Twin Strike"],"picked":"Flex","floor":19.0},{"not_picked":["Reaper","Burning Pact"],"picked":"Metallicize+1","floor":24.0}],"player_experience":1434817,"relics_obtained":[{"floor":6.0,"key":"Sundial"},{"floor":9.0,"key":"Ice Cream"},{"floor":10.0,"key":"Vajra"},{"floor":14.0,"key":"Oddly Smooth Stone"},{"floor":24.0,"key":"Pantograph"},{"floor":26.0,"key":"Boot"}],"event_choices":[{"damage_healed":0.0,"max_hp_gain":0.0,"max_hp_loss":0.0,"gold_gain":75.0,"event_name":"World of Goop","player_choice":"Gather Gold","floor":3.0,"gold_loss":0.0,"damage_taken":11.0},{"damage_healed":0.0,"max_hp_gain":0.0,"max_hp_loss":0.0,"gold_gain":0.0,"event_name":"WeMeetAgain","player_choice":"Paid Gold","floor":5.0,"gold_loss":83.0,"damage_taken":0.0,"relics_obtained":["Du-Vu Doll"]},{"damage_healed":0.0,"max_hp_gain":0.0,"max_hp_loss":0.0,"gold_gain":0.0,"event_name":"Scrap Ooze","player_choice":"Success","floor":13.0,"gold_loss":0.0,"damage_taken":5.0,"relics_obtained":["The Courier"]},{"damage_healed":0.0,"max_hp_gain":0.0,"max_hp_loss":0.0,"gold_gain":0.0,"event_name":"Addict","player_choice":"Stole Relic","floor":20.0,"gold_loss":0.0,"damage_taken":0.0,"relics_obtained":["Mummified Hand"],"cards_obtained":["Shame"]},{"damage_healed":0.0,"max_hp_gain":0.0,"max_hp_loss":0.0,"gold_gain":0.0,"event_name":"Beggar","player_choice":"Ignored","floor":22.0,"gold_loss":0.0,"damage_taken":0.0},{"damage_healed":0.0,"max_hp_gain":0.0,"max_hp_loss":0.0,"gold_gain":0.0,"event_name":"Vampires","player_choice":"Ignored","floor":25.0,"gold_loss":0.0,"damage_taken":0.0}],"is_beta":false,"boss_relics":[{"not_picked":["Runic Pyramid","Empty Cage"],"picked":"Sozu"}],"items_purged_floors":[21],"is_endless":false,"potions_floor_spawned":[8,10,12,24],"killed_by":"Gremlin Leader","ascension_level":20}