{"gold_per_floor":[117,135,148,148,95,95,121,121,121,121,134,163,163,181,181,257,257,271,271,284,209,223,223,236,236,236,252,152,182,182,195,195,271,271,291,391,71,88,102,127,127,157,182,182,182,195,195,195,195,195],"floor_reached":50,"playtime":4725,"items_purged":["Strike_G","Strike_G","Defend_G"],"score":1055,"play_id":"67b6a5df-ae67-438d-9f05-4f16fbd04bfd","local_time":"20190524091655","is_ascension_mode":true,"campfire_choices":[{"data":"Neutralize","floor":6.0,"key":"SMITH"},{"floor":10.0,"key":"REST"},{"floor":13.0,"key":"REST"},{"data":"Caltrops","floor":15.0,"key":"SMITH"},{"data":"Leg Sweep","floor":23.0,"key":"SMITH"},{"data":"Well Laid Plans","floor":30.0,"key":"SMITH"},{"floor":32.0,"key":"REST"},{"data":"Footwork","floor":41.0,"key":"SMITH"},{"floor":44,"key":"RECALL"},{"data":"Leg Sweep","floor":47,"key":"SMITH"},{"data":"After Image","floor":49,"key":"SMITH"}],"neow_cost":"NONE","seed_source_timestamp":432288744233003,"circlet_count":0,"master_deck":["AscendersBane","Defend_G+1","Defend_G+1","Defend_G","Strike_G+1","Survivor+1","Corpse Explosion","Leg Sweep+1","Bane","Caltrops+1","Dagger Spray+1","Slice+1","Well Laid Plans+1","Dagger Spray+1","After Image+1","Flying Knee+1","Dagger Spray+1","Skewer+1","Leg Sweep+1","Footwork+1","Die Die Die+1","Acrobatics+1","Bullet Time+1","Calculated Gamble+1","Magnetism","Predator+1","Calculated Gamble+1","Acrobatics+1"],"special_seed":0,"relics":["Ring of the Snake","Molten Egg 2","Bag of Preparation","Happy Flower","Snecko Eye","MutagenicStrength","Matryoshka","Toxic Egg 2","Empty Cage","Incense Burner","War Paint","Bottled Flame","Pen Nib"],"potions_floor_usage":[46],"damage_taken":[{"damage":0.0,"enemies":"2 Louse","floor":1.0,"turns":2.0},{"damage":1.0,"enemies":"Jaw Worm","floor":2.0,"turns":6.0},{"damage":1.0,"enemies":"Small Slimes","floor":3.0,"turns":4.0},{"damage":24.0,"enemies":"Gremlin Nob","floor":7.0,"turns":4.0},{"damage":0.0,"enemies":"2 Fungi Beasts","floor":11.0,"turns":2.0},{"damage":10.0,"enemies":"3 Sentries","floor":12.0,"turns":2.0},{"damage":6.0,"enemies":"Gremlin Gang","floor":14.0,"turns":3.0},{"damage":6.0,"enemies":"Hexaghost","floor":16.0,"turns":9.0},{"damage":0.0,"enemies":"3 Byrds","floor":18.0,"turns":2.0},{"damage":0.0,"enemies":"2 Thieves","floor":20.0,"turns":2.0},{"damage":0.0,"enemies":"3 Cultists","floor":22.0,"turns":2.0},{"damage":0.0,"enemies":"Centurion and Healer","floor":24.0,"turns":3.0},{"damage":0.0,"enemies":"Cultist and Chosen","floor":27.0,"turns":3.0},{"damage":3.0,"enemies":"Gremlin Leader","floor":29.0,"turns":7.0},{"damage":13.0,"enemies":"Snake Plant","floor":31.0,"turns":5.0},{"damage":38.0,"enemies":"Collector","floor":33.0,"turns":13.0},{"damage":4.0,"enemies":"Orb Walker","floor":35.0,"turns":3.0},{"damage":0.0,"enemies":"Mind Bloom Boss Battle","floor":36.0,"turns":7.0},{"damage":0.0,"enemies":"3 Shapes","floor":38.0,"turns":1.0},{"damage":0.0,"enemies":"Sphere and 2 Shapes","floor":39.0,"turns":2.0},{"damage":3.0,"enemies":"Nemesis","floor":40.0,"turns":9.0},{"damage":0.0,"enemies":"Reptomancer","floor":42.0,"turns":4.0},{"damage":0,"enemies":"Maw","floor":46,"turns":6},{"damage":60,"enemies":"Donu and Deca","floor":50,"turns":5}],"seed_played":"2755486682915141237","potions_obtained":[{"floor":3.0,"key":"Swift Potion"},{"floor":7.0,"key":"SpeedPotion"},{"floor":11.0,"key":"Strength Potion"},{"floor":27.0,"key":"Swift Potion"},{"floor":29.0,"key":"SkillPotion"},{"floor":36.0,"key":"Strength Potion"},{"floor":40.0,"key":"FearPotion"}],"is_trial":false,"path_per_floor":["M","M","M","?","$","R","E","?","T","R","M","E","R","M","R","B",null,"M","?","M","$","M","R","M","?","T","M","$","E","R","M","R","B",null,"M","?","$","M","M","E","R","E","T","R","?","M","R","?","R","B"],"character_chosen":"THE_SILENT","items_purchased":["Fire Potion","Magnetism"],"campfire_rested":3,"item_purchase_floors":[5,37],"current_hp_per_floor":[59,58,57,37,37,37,13,6,6,25,25,15,34,28,28,22,55,55,55,55,55,55,55,55,55,55,55,55,52,52,39,58,20,55,51,51,51,51,51,48,48,48,48,48,48,48,48,48,48,0],"gold":195,"neow_bonus":"ONE_RANDOM_RARE_CARD","is_prod":false,"is_daily":false,"chose_seed":false,"campfire_upgraded":7,"win_rate":0,"timestamp":1558657015,"path_taken":["M","M","M","?","$","R","E","?","T","R","M","E","R","M","R","BOSS","M","?","M","?","M","R","M","?","T","M","$","E","R","M","R","BOSS","M","?","$","M","M","E","R","E","T","R","?","M","R","?","R","BOSS"],"build_version":"2019-05-22","purchased_purges":3,"victory":false,"max_hp_per_floor":[66,66,66,66,66,66,66,66,66,66,66,66,66,66,66,66,66,66,66,66,66,66,66,66,66,66,66,66,66,66,66,66,66,66,66,66,66,66,66,66,66,66,66,66,66,66,66,63,63,63],"card_choices":[{"not_picked":["Slice","Finisher"],"picked":"Leg Sweep","floor":1.0},{"not_picked":["Expertise","Dodge and Roll"],"picked":"Bane","floor":2.0},{"not_picked":["Well Laid Plans","Tools of the Trade"],"picked":"Caltrops","floor":3.0},{"not_picked":["All Out Attack","Poisoned Stab"],"picked":"Dagger Spray","floor":7.0},{"not_picked":["Dodge and Roll","Concentrate"],"picked":"Slice+1","floor":11.0},{"not_picked":["Deflect","Accuracy"],"picked":"Well Laid Plans","floor":12.0},{"not_picked":["Predator+1","Deadly Poison"],"picked":"Dagger Spray+1","floor":14.0},{"not_picked":["Malaise","Grand Finale+1"],"picked":"After Image","floor":16.0},{"not_picked":["Quick Slash+1","Poisoned Stab+1"],"picked":"Flying Knee+1","floor":18.0},{"not_picked":["Backstab+1","Dagger Spray+1","Dodge and Roll"],"picked":"SKIP","floor":20.0},{"not_picked":["Backstab+1","Dodge and Roll"],"picked":"Dagger Spray+1","floor":20.0},{"not_picked":["Dodge and Roll","Dagger Spray+1"],"picked":"Skewer+1","floor":22.0},{"not_picked":["Prepared","Heel Hook+1"],"picked":"Leg Sweep","floor":24.0},{"not_picked":["Flying Knee+1","Underhanded Strike+1"],"picked":"Footwork","floor":27.0},{"not_picked":["PiercingWail","All Out Attack+1"],"picked":"Die Die Die+1","floor":29.0},{"not_picked":["Leg Sweep+1","Prepared+1"],"picked":"Acrobatics+1","floor":31.0},{"not_picked":["Unload+1","Phantasmal Killer+1"],"picked":"Bullet Time+1","floor":33.0},{"not_picked":["Poisoned Stab+1","Cloak And Dagger+1"],"picked":"Calculated Gamble+1","floor":35.0},{"not_picked":["Slice+1","Cloak And Dagger+1"],"picked":"Predator+1","floor":38.0},{"not_picked":["Deadly Poison+1","Finisher+1","Heel Hook+1"],"picked":"SKIP","floor":39.0},{"not_picked":["Dagger Throw+1","Outmaneuver+1"],"picked":"Calculated Gamble+1","floor":40.0},{"not_picked":["Caltrops","Backstab+1"],"picked":"Acrobatics+1","floor":42.0},{"not_picked":["Slice+1","Cloak And Dagger+1","Deadly Poison+1"],"picked":"SKIP","floor":46}],"player_experience":3325822,"relics_obtained":[{"floor":7.0,"key":"Molten Egg 2"},{"floor":9.0,"key":"Bag of Preparation"},{"floor":12.0,"key":"Happy Flower"},{"floor":26.0,"key":"Matryoshka"},{"floor":29.0,"key":"Toxic Egg 2"},{"floor":36.0,"key":"Incense Burner"},{"floor":40.0,"key":"War Paint"},{"floor":42.0,"key":"Bottled Flame"},{"floor":43,"key":"Pen Nib"}],"event_choices":[{"damage_healed":0.0,"max_hp_gain":0.0,"max_hp_loss":0.0,"gold_gain":0.0,"event_name":"Shining Light","player_choice":"Entered Light","floor":4.0,"gold_loss":0.0,"damage_taken":20.0,"cards_upgraded":["Strike_G","Defend_G"]},{"cards_removed":["Strike_G"],"damage_healed":0.0,"max_hp_gain":0.0,"max_hp_loss":0.0,"gold_gain":0.0,"event_name":"Golden Wing","player_choice":"Card Removal","floor":8.0,"gold_loss":0.0,"damage_taken":7.0},{"damage_healed":0.0,"max_hp_gain":0.0,"max_hp_loss":0.0,"gold_gain":0.0,"event_name":"Ghosts","player_choice":"Ignored","floor":19.0,"gold_loss":0.0,"damage_taken":0.0},{"damage_healed":0.0,"max_hp_gain":0.0,"max_hp_loss":0.0,"gold_gain":0.0,"event_name":"Drug Dealer","player_choice":"Inject Mutagens","floor":25.0,"gold_loss":0.0,"damage_taken":0.0,"relics_obtained":["MutagenicStrength"]},{"damage_healed":0.0,"max_hp_gain":0.0,"max_hp_loss":0.0,"gold_gain":0.0,"event_name":"MindBloom","player_choice":"Fight","floor":36.0,"gold_loss":0.0,"damage_taken":0.0},{"cards_removed":["Neutralize"],"damage_healed":0,"gold_gain":0,"player_choice":"Removed Attack","damage_taken":0,"max_hp_gain":0,"max_hp_loss":0,"event_name":"Falling","floor":45,"gold_loss":0},{"damage_healed":0,"gold_gain":0,"player_choice":"Max HP","damage_taken":0,"max_hp_gain":0,"max_hp_loss":3,"event_name":"Winding Halls","floor":48,"gold_loss":0}],"is_beta":true,"boss_relics":[{"not_picked":["Fusion Hammer","WristBlade"],"picked":"Snecko Eye"},{"not_picked":["Calling Bell","Eternal Feather"],"picked":"Empty Cage"}],"items_purged_floors":[21,28,37],"is_endless":false,"potions_floor_spawned":[3,7,11,18,27,29,36,40,42],"killed_by":"Donu and Deca","ascension_level":18}