{"gold_per_floor":[114,127,26,37,56,56,73,93,93,111,111,127,143,162,162,259,259,270,133,143,143],"floor_reached":21,"playtime":1270,"items_purged":["Strike_B","Strike_B"],"score":179,"play_id":"d06aa70b-5e53-42d5-bf67-7a10e22f7c5c","local_time":"20181202230901","is_ascension_mode":false,"campfire_choices":[{"data":"Sunder","floor":6,"key":"SMITH"},{"data":"Doom and Gloom","floor":11,"key":"SMITH"},{"floor":15,"key":"REST"}],"neow_cost":"NONE","seed_source_timestamp":33141527826485,"circlet_count":0,"master_deck":["Defend_B","Defend_B","Defend_B","Zap","Dualcast","Darkness","Sunder+1","Steam","Doom and Gloom+1","FTL","Reprogram","Conserve Battery","Go for the Eyes","Echo Form","Self Repair","Buffer","Reprogram+1","Cold Snap+1","White Noise+1","Redo","Darkness","Chill+1"],"relics":["Cracked Core","NeowsBlessing","Shuriken","Astrolabe"],"potions_floor_usage":[8,16,16,16],"damage_taken":[{"damage":0,"enemies":"Cultist","floor":1,"turns":1},{"damage":0,"enemies":"Small Slimes","floor":2,"turns":1},{"damage":0,"enemies":"2 Louse","floor":4,"turns":1},{"damage":15,"enemies":"Gremlin Gang","floor":5,"turns":3},{"damage":8,"enemies":"Blue Slaver","floor":7,"turns":3},{"damage":1,"enemies":"Exordium Wildlife","floor":8,"turns":3},{"damage":0,"enemies":"3 Louse","floor":10,"turns":3},{"damage":1,"enemies":"2 Fungi Beasts","floor":12,"turns":2},{"damage":0,"enemies":"Blue Slaver","floor":13,"turns":2},{"damage":16,"enemies":"3 Louse","floor":14,"turns":3},{"damage":23,"enemies":"Slime Boss","floor":16,"turns":7},{"damage":27,"enemies":"Chosen","floor":18,"turns":6},{"damage":15,"enemies":"Shell Parasite","floor":20,"turns":5},{"damage":51,"enemies":"3 Cultists","floor":21,"turns":4}],"seed_played":"-4197315086058036482","potions_obtained":[{"floor":1,"key":"Dexterity Potion"},{"floor":4,"key":"LiquidBronze"},{"floor":5,"key":"LiquidBronze"},{"floor":10,"key":"Ancient Potion"},{"floor":13,"key":"Block Potion"}],"is_trial":false,"path_per_floor":["M","M","$","M","M","R","M","M","T","M","R","M","M","M","R","B",null,"M","$","M","M"],"character_chosen":"DEFECT","items_purchased":["Steam","Darkness"],"campfire_rested":1,"item_purchase_floors":[3,19],"current_hp_per_floor":[75,75,75,75,60,60,52,51,51,51,51,50,50,34,56,33,75,55,55,47,0],"gold":143,"neow_bonus":"THREE_ENEMY_KILL","is_prod":false,"is_daily":false,"chose_seed":false,"campfire_upgraded":2,"win_rate":0.0,"timestamp":1543759741,"path_taken":["M","M","$","M","?","R","M","M","T","M","R","M","?","M","R","BOSS","M","$","M","M"],"build_version":"2018-11-15","purchased_purges":2,"victory":false,"max_hp_per_floor":[75,75,75,75,75,75,75,75,75,75,75,75,75,75,75,75,75,75,75,75,75],"card_choices":[{"not_picked":["Storm","Rebound"],"picked":"Darkness","floor":1},{"not_picked":["Defragment","Redo"],"picked":"Sunder","floor":2},{"not_picked":["Steam Power","Defragment"],"picked":"Doom and Gloom","floor":4},{"not_picked":["Ball Lightning","Leap"],"picked":"FTL","floor":5},{"not_picked":["Force Field","Capacitor","Turbo"],"picked":"SKIP","floor":7},{"not_picked":["Sunder","Steam"],"picked":"Reprogram","floor":8},{"not_picked":["Steam","Gash"],"picked":"Conserve Battery","floor":10},{"not_picked":["Conserve Battery","Heatsinks"],"picked":"Go for the Eyes","floor":12},{"not_picked":["FTL","Barrage"],"picked":"Echo Form","floor":13},{"not_picked":["Steam","Aggregate"],"picked":"Self Repair","floor":14},{"not_picked":["Creative AI","Biased Cognition"],"picked":"Buffer","floor":16},{"not_picked":["Steam","Coolheaded"],"picked":"Redo","floor":18},{"not_picked":["Coolheaded","Conserve Battery"],"picked":"Chill+1","floor":20}],"player_experience":68902,"relics_obtained":[{"floor":9,"key":"Shuriken"}],"event_choices":[],"is_beta":false,"boss_relics":[{"not_picked":["White Beast Statue","Fusion Hammer"],"picked":"Astrolabe"}],"items_purged_floors":[3,19],"is_endless":false,"potions_floor_spawned":[1,4,5,10,13],"killed_by":"3 Cultists","ascension_level":0}