{"gold_per_floor":[216,239,255,12,28,28,57,57,83,99,130,130,161,172,172,251,251,261,186,186,13,31,31,49,67,67,86,86,186,101,101,101,172,172,188,288,288,288,4,4,32,32,32,32,48,79,97,116,116,116,116,116,36,63,63],"floor_reached":56,"playtime":4466,"items_purged":["Strike_G","Strike_G"],"score":2235,"play_id":"0b31ece4-5b61-46ed-8650-f0ff504442e4","local_time":"20190517100634","is_ascension_mode":true,"campfire_choices":[{"data":"Footwork","floor":6.0,"key":"SMITH"},{"floor":8.0,"key":"REST"},{"data":"Cloak And Dagger","floor":12.0,"key":"SMITH"},{"data":"Neutralize","floor":15.0,"key":"SMITH"},{"data":"Well Laid Plans","floor":23.0,"key":"SMITH"},{"data":"After Image","floor":28.0,"key":"SMITH"},{"data":"Footwork","floor":32,"key":"SMITH"},{"data":"A Thousand Cuts","floor":40,"key":"SMITH"},{"data":"Noxious Fumes","floor":42,"key":"SMITH"},{"data":"PiercingWail","floor":44,"key":"SMITH"},{"floor":49,"key":"RECALL"},{"data":"Finisher","floor":52,"key":"SMITH"}],"neow_cost":"NONE","seed_source_timestamp":1786202488391244,"circlet_count":0,"master_deck":["AscendersBane","Defend_G","Defend_G","Defend_G+1","Defend_G","Defend_G","Strike_G","Survivor","Neutralize+1","Backflip","Cloak And Dagger+1","Footwork+1","Footwork+1","Cloak And Dagger+1","Finisher+1","Deflect","After Image+1","Well Laid Plans+1","Flash of Steel","Die Die Die","Dodge and Roll","Noxious Fumes+1","Footwork","Cloak And Dagger+1","A Thousand Cuts+1","Prepared+1","PiercingWail+1","Escape Plan","Well Laid Plans+1","Blur","PiercingWail+1"],"special_seed":0,"relics":["Ring of the Serpent","Bronze Scales","Pen Nib","Darkstone Periapt","Art of War","Pear","War Paint","Singing Bowl","Thread and Needle","Kunai","Bag of Marbles","Sozu","The Specimen","Boot","Juzu Bracelet","The Courier","Pantograph"],"potions_floor_usage":[29,29,55],"damage_taken":[{"damage":16.0,"enemies":"Cultist","floor":1.0,"turns":6.0},{"damage":1.0,"enemies":"Small Slimes","floor":3.0,"turns":4.0},{"damage":0.0,"enemies":"Jaw Worm","floor":5.0,"turns":4.0},{"damage":16.0,"enemies":"3 Sentries","floor":7.0,"turns":11.0},{"damage":0.0,"enemies":"Lots of Slimes","floor":10.0,"turns":5.0},{"damage":13.0,"enemies":"Gremlin Nob","floor":11.0,"turns":6.0},{"damage":0.0,"enemies":"Lagavulin","floor":13.0,"turns":10.0},{"damage":0.0,"enemies":"Blue Slaver","floor":14.0,"turns":4.0},{"damage":4.0,"enemies":"The Guardian","floor":16.0,"turns":18.0},{"damage":0.0,"enemies":"Shell Parasite","floor":18.0,"turns":7.0},{"damage":9.0,"enemies":"Chosen","floor":22.0,"turns":6.0},{"damage":4.0,"enemies":"Shelled Parasite and Fungi","floor":24.0,"turns":6.0},{"damage":2.0,"enemies":"3 Cultists","floor":25.0,"turns":5.0},{"damage":2.0,"enemies":"Snake Plant","floor":27.0,"turns":5.0},{"damage":9,"enemies":"Colosseum Slavers","floor":29,"turns":6},{"damage":6,"enemies":"Colosseum Nobs","floor":29,"turns":8},{"damage":0,"enemies":"Collector","floor":33,"turns":13},{"damage":0,"enemies":"3 Shapes","floor":35,"turns":4},{"damage":0,"enemies":"Mind Bloom Boss Battle","floor":36,"turns":8},{"damage":0,"enemies":"Nemesis","floor":41,"turns":8},{"damage":0,"enemies":"Orb Walker","floor":45,"turns":4},{"damage":0,"enemies":"Reptomancer","floor":46,"turns":7},{"damage":3,"enemies":"3 Darklings","floor":47,"turns":5},{"damage":0,"enemies":"Writhing Mass","floor":48,"turns":8},{"damage":0,"enemies":"Donu and Deca","floor":50,"turns":10},{"damage":21,"enemies":"Shield and Spear","floor":54,"turns":11},{"damage":4,"enemies":"The Heart","floor":55,"turns":12}],"seed_played":"1425970244885683918","potions_obtained":[{"floor":3.0,"key":"SpeedPotion"},{"floor":7.0,"key":"SpeedPotion"},{"floor":11.0,"key":"Weak Potion"},{"floor":22.0,"key":"Poison Potion"},{"floor":24.0,"key":"Dexterity Potion"},{"floor":27.0,"key":"PowerPotion"},{"floor":33,"key":"Weak Potion"}],"is_trial":false,"path_per_floor":["M","T","M","$","M","R","E","R","T","M","E","R","E","M","R","B",null,"M","?","?","$","M","R","M","M","T","M","R","?","?","?","R","B",null,"M","?","?","?","$","R","E","R","T","R","M","E","M","M","R","B",null,"R","$","E","B",null],"character_chosen":"THE_SILENT","items_purchased":["SteroidPotion","Pen Nib","Cloak And Dagger","Well Laid Plans","Flash of Steel","Boot","PiercingWail"],"campfire_rested":1,"item_purchase_floors":[4,4,4,21,21,39,39],"current_hp_per_floor":[43,43,42,42,42,42,26,45,45,45,42,42,42,42,42,38,67,67,67,67,67,58,58,54,52,52,50,50,35,35,35,35,35,66,66,68,68,70,70,70,70,70,70,70,72,72,71,71,71,71,81,81,81,60,80],"gold":63,"neow_bonus":"HUNDRED_GOLD","is_prod":false,"is_daily":false,"chose_seed":false,"campfire_upgraded":10,"win_rate":0,"timestamp":1558055194,"path_taken":["M","?","M","$","M","R","E","R","T","M","E","R","E","M","R","BOSS","M","?","?","$","M","R","M","?","T","M","R","?","?","?","R","BOSS","M","?","?","?","$","R","E","R","T","R","M","E","M","M","R","BOSS","R","$","E","BOSS"],"build_version":"2019-05-07","purchased_purges":2,"victory":true,"max_hp_per_floor":[66,66,66,66,66,66,66,66,66,66,76,76,76,76,76,76,76,76,76,76,76,76,76,76,76,76,76,76,76,76,76,76,76,76,76,78,78,80,80,80,80,80,80,80,82,82,84,84,84,84,84,84,84,84,84],"card_choices":[{"not_picked":["Prepared","Eviscerate","Accuracy"],"picked":"SKIP","floor":1.0},{"not_picked":["Accuracy","Acrobatics"],"picked":"Backflip","floor":3.0},{"not_picked":["Blade Dance","Outmaneuver"],"picked":"Footwork","floor":5.0},{"not_picked":["Bullet Time","Dash"],"picked":"Footwork","floor":7.0},{"not_picked":["PiercingWail","Dash"],"picked":"Cloak And Dagger","floor":10.0},{"not_picked":["Cloak And Dagger","Prepared"],"picked":"Finisher","floor":11.0},{"not_picked":["Slice","Prepared","Sucker Punch"],"picked":"SKIP","floor":13.0},{"not_picked":["Poisoned Stab","Concentrate"],"picked":"Deflect","floor":14.0},{"not_picked":["Storm of Steel","Wraith Form v2"],"picked":"After Image","floor":16.0},{"not_picked":["Slice","Sucker Punch+1","Dagger Spray"],"picked":"SKIP","floor":18.0},{"not_picked":["Eviscerate","Bane"],"picked":"Die Die Die","floor":22.0},{"not_picked":["Concentrate","Deflect"],"picked":"Dodge and Roll","floor":24.0},{"not_picked":["Concentrate","Sucker Punch"],"picked":"Noxious Fumes","floor":25.0},{"not_picked":["Acrobatics","Well Laid Plans"],"picked":"Footwork","floor":27.0},{"not_picked":["PiercingWail","Prepared"],"picked":"Cloak And Dagger","floor":29},{"not_picked":["Die Die Die","Phantasmal Killer"],"picked":"A Thousand Cuts","floor":33},{"not_picked":["Acrobatics","Cloak And Dagger"],"picked":"Prepared+1","floor":35},{"not_picked":["Blade Dance","Poisoned Stab","All Out Attack+1"],"picked":"Singing Bowl","floor":36},{"not_picked":["Forethought","Jack Of All Trades","Mind Blast"],"picked":"Singing Bowl","floor":38},{"not_picked":["Outmaneuver","Deflect+1"],"picked":"Escape Plan","floor":41},{"not_picked":["Dodge and Roll","Reflex","Backstab"],"picked":"Singing Bowl","floor":45},{"not_picked":["Distraction","Riddle With Holes"],"picked":"Well Laid Plans+1","floor":46},{"not_picked":["Venomology","Blade Dance","Setup+1"],"picked":"Singing Bowl","floor":47},{"not_picked":["Distraction+1","Underhanded Strike"],"picked":"Blur","floor":48},{"not_picked":["Caltrops","Masterful Stab+1"],"picked":"PiercingWail+1","floor":54}],"player_experience":3270094,"relics_obtained":[{"floor":2.0,"key":"Bronze Scales"},{"floor":7.0,"key":"Darkstone Periapt"},{"floor":9.0,"key":"Art of War"},{"floor":11.0,"key":"Pear"},{"floor":13.0,"key":"War Paint"},{"floor":26.0,"key":"Singing Bowl"},{"floor":29,"key":"Thread and Needle"},{"floor":29,"key":"Kunai"},{"floor":36,"key":"The Specimen"},{"floor":41,"key":"Juzu Bracelet"},{"floor":46,"key":"The Courier"},{"floor":54,"key":"Pantograph"}],"event_choices":[{"cards_removed":["Strike_G"],"damage_healed":0.0,"max_hp_gain":0.0,"max_hp_loss":0.0,"gold_gain":0.0,"event_name":"Beggar","player_choice":"Gave Gold","floor":19.0,"gold_loss":75.0,"damage_taken":0.0},{"cards_removed":["Strike_G"],"damage_healed":0.0,"max_hp_gain":0.0,"max_hp_loss":0.0,"gold_gain":0.0,"event_name":"Bonfire Elementals","player_choice":"Offered Basic","floor":20.0,"gold_loss":0.0,"damage_taken":0.0},{"damage_healed":0,"gold_gain":0,"player_choice":"Fight","damage_taken":0,"max_hp_gain":0,"max_hp_loss":0,"event_name":"Colosseum","floor":29,"gold_loss":0},{"damage_healed":0,"gold_gain":0,"player_choice":"Fought Nobs","damage_taken":0,"max_hp_gain":0,"max_hp_loss":0,"event_name":"Colosseum","floor":29,"gold_loss":0},{"damage_healed":0,"gold_gain":0,"player_choice":"Obtained Relic","damage_taken":0,"relics_obtained":["Bag of Marbles"],"max_hp_gain":0,"max_hp_loss":0,"event_name":"Addict","floor":30,"gold_loss":85},{"damage_healed":0,"gold_gain":0,"player_choice":"Forge","damage_taken":0,"max_hp_gain":0,"max_hp_loss":0,"event_name":"Accursed Blacksmith","floor":31,"gold_loss":0,"cards_upgraded":["Cloak And Dagger"]},{"damage_healed":0,"gold_gain":0,"player_choice":"Fight","damage_taken":0,"max_hp_gain":0,"max_hp_loss":0,"event_name":"MindBloom","floor":36,"gold_loss":0},{"damage_healed":0,"gold_gain":0,"player_choice":"Ignored","damage_taken":0,"max_hp_gain":0,"max_hp_loss":0,"event_name":"Tomb of Lord Red Mask","floor":37,"gold_loss":0},{"damage_healed":0,"gold_gain":0,"player_choice":"Memory 1","damage_taken":0,"max_hp_gain":0,"max_hp_loss":0,"event_name":"SensoryStone","floor":38,"gold_loss":0}],"is_beta":true,"boss_relics":[{"not_picked":["Ectoplasm","Busted Crown"],"picked":"Ring of the Serpent"},{"not_picked":["Empty Cage","Pandora\u0027s Box"],"picked":"Sozu"}],"items_purged_floors":[39,53],"is_endless":false,"potions_floor_spawned":[3,7,11,16,22,24,25,27,33,35,41,48],"ascension_level":17}