{"gold_per_floor":[117,42,42,0,15,15,40,40,64,64,64,77,111,126,126,197,197,215,234,284,10,10,10,36,36,61,103,115,185,211,235,247,330,342,367,379,407,429,99,99,127,127,127,127,87,87,118,132,132,132,132,132,75,107,107],"floor_reached":55,"playtime":3868,"items_purged":["Strike_B","Defend_B"],"score":1645,"play_id":"50c0a4fa-12d0-4469-af5a-67d51007779a","local_time":"20190414185036","is_ascension_mode":true,"campfire_choices":[{"floor":6.0,"key":"REST"},{"floor":8.0,"key":"REST"},{"floor":10.0,"key":"REST"},{"data":"Sunder","floor":15.0,"key":"SMITH"},{"floor":23.0,"key":"REST"},{"floor":28.0,"key":"REST"},{"floor":32.0,"key":"REST"},{"data":"Buffer","floor":40.0,"key":"SMITH"},{"data":"Hologram","floor":42.0,"key":"SMITH"},{"data":"Thunder Strike","floor":44.0,"key":"SMITH"},{"floor":49.0,"key":"RECALL"},{"data":"Biased Cognition","floor":52.0,"key":"SMITH"}],"neow_cost":"PERCENT_DAMAGE","seed_source_timestamp":179645181869480,"circlet_count":0,"master_deck":["AscendersBane","Defend_B","Zap+1","Dualcast+1","Ball Lightning","White Noise","All For One","Conserve Battery","Thunder Strike+1","Sunder+1","Creative AI","Undo","Steam","Loop","Sweeping Beam","Sweeping Beam","Hologram+1","Conserve Battery","Glacier","White Noise+1","Core Surge","Buffer+1","Biased Cognition+1","Capacitor","Skim"],"special_seed":0,"relics":["Cracked Core","Mummified Hand","Juzu Bracelet","Matryoshka","White Beast Statue","PreservedInsect","Bag of Preparation","MawBank","Blood Vial","Strawberry","Tiny Chest","Snecko Eye","Potion Belt","Mercury Hourglass","Kunai","Omamori","Du-Vu Doll"],"potions_floor_usage":[55,55,55],"damage_taken":[{"damage":3.0,"enemies":"Small Slimes","floor":1.0,"turns":6.0},{"damage":3.0,"enemies":"2 Louse","floor":5.0,"turns":2.0},{"damage":30.0,"enemies":"3 Sentries","floor":7.0,"turns":7.0},{"damage":0.0,"enemies":"Jaw Worm","floor":12.0,"turns":3.0},{"damage":11.0,"enemies":"Lagavulin","floor":13.0,"turns":6.0},{"damage":0.0,"enemies":"Blue Slaver","floor":14.0,"turns":2.0},{"damage":0.0,"enemies":"Slime Boss","floor":16.0,"turns":4.0},{"damage":24.0,"enemies":"Chosen","floor":18.0,"turns":4.0},{"damage":22.0,"enemies":"Shell Parasite","floor":19.0,"turns":4.0},{"damage":30.0,"enemies":"Book of Stabbing","floor":24.0,"turns":5.0},{"damage":3.0,"enemies":"Slavers","floor":27.0,"turns":3.0},{"damage":19.0,"enemies":"Book of Stabbing","floor":29.0,"turns":5.0},{"damage":5.0,"enemies":"Snecko","floor":30.0,"turns":6.0},{"damage":6.0,"enemies":"Chosen and Byrds","floor":31.0,"turns":8.0},{"damage":5.0,"enemies":"Automaton","floor":33.0,"turns":8.0},{"damage":2.0,"enemies":"3 Shapes","floor":35.0,"turns":2.0},{"damage":0.0,"enemies":"3 Darklings","floor":37.0,"turns":6.0},{"damage":14.0,"enemies":"Writhing Mass","floor":38.0,"turns":6.0},{"damage":0.0,"enemies":"Reptomancer","floor":41.0,"turns":6.0},{"damage":0.0,"enemies":"Giant Head","floor":47.0,"turns":6.0},{"damage":16.0,"enemies":"Sphere and 2 Shapes","floor":48.0,"turns":4.0},{"damage":0.0,"enemies":"Time Eater","floor":50.0,"turns":8.0},{"damage":11.0,"enemies":"Shield and Spear","floor":54.0,"turns":4.0},{"damage":68,"enemies":"The Heart","floor":55,"turns":3}],"seed_played":"2054629769176613456","potions_obtained":[{"floor":7.0,"key":"Block Potion"},{"floor":13.0,"key":"FocusPotion"},{"floor":14.0,"key":"PowerPotion"},{"floor":16.0,"key":"Explosive Potion"},{"floor":18.0,"key":"AttackPotion"},{"floor":19.0,"key":"FocusPotion"},{"floor":24.0,"key":"Energy Potion"},{"floor":27.0,"key":"SkillPotion"},{"floor":29.0,"key":"Block Potion"},{"floor":30.0,"key":"GamblersBrew"},{"floor":31.0,"key":"Poison Potion"},{"floor":33.0,"key":"Weak Potion"},{"floor":35.0,"key":"Dexterity Potion"},{"floor":37.0,"key":"GamblersBrew"},{"floor":38.0,"key":"EssenceOfSteel"},{"floor":41.0,"key":"SteroidPotion"},{"floor":45.0,"key":"Fruit Juice"},{"floor":45.0,"key":"Strength Potion"},{"floor":54.0,"key":"SkillPotion"}],"is_trial":false,"path_per_floor":["M","?","?","?","M","R","E","R","T","R","?","M","E","M","R","B",null,"M","M","?","$","?","R","E","$","T","E","R","E","M","M","R","B",null,"M","?","M","M","$","R","E","R","T","R","?","?","E","M","R","B",null,"R","$","E","B"],"character_chosen":"DEFECT","items_purchased":["PreservedInsect","Loop","Potion Belt","LiquidBronze","PowerPotion"],"campfire_rested":6,"item_purchase_floors":[21,21,39,39,53],"current_hp_per_floor":[43,43,22,22,19,40,10,31,31,52,52,52,41,41,41,41,64,40,18,18,18,18,39,9,9,9,15,38,21,18,14,37,34,67,67,67,69,57,57,57,59,59,59,59,64,64,66,52,52,54,73,73,73,64,0],"gold":107,"neow_bonus":"REMOVE_TWO","is_prod":false,"is_daily":false,"chose_seed":false,"campfire_upgraded":5,"win_rate":0,"timestamp":1555235436,"path_taken":["M","?","?","?","?","R","E","R","T","R","?","M","E","M","R","BOSS","M","M","?","?","?","R","E","$","T","E","R","E","M","M","R","BOSS","M","?","M","M","$","R","E","R","T","R","?","?","E","M","R","BOSS","R","$","E","BOSS"],"build_version":"2019-04-04","purchased_purges":2,"victory":false,"max_hp_per_floor":[71,71,71,71,71,71,71,71,71,71,71,71,71,71,71,71,71,71,71,71,71,71,71,71,71,71,78,78,78,78,78,78,78,78,78,78,78,78,78,78,78,78,78,78,83,79,79,79,79,79,79,79,79,79,79],"card_choices":[{"not_picked":["Compile Driver","Streamline"],"picked":"Ball Lightning","floor":1.0},{"not_picked":["FTL","Barrage"],"picked":"White Noise","floor":5.0},{"not_picked":["Steam Power","Rebound"],"picked":"All For One","floor":7.0},{"not_picked":["Genetic Algorithm","Stack"],"picked":"Conserve Battery","floor":12.0},{"not_picked":["Leap","Fusion"],"picked":"Thunder Strike","floor":13.0},{"not_picked":["Sweeping Beam","Fusion"],"picked":"Sunder","floor":14.0},{"not_picked":["Biased Cognition","Electrodynamics"],"picked":"Creative AI","floor":16.0},{"not_picked":["Turbo","Compile Driver"],"picked":"Undo","floor":18.0},{"not_picked":["Darkness","Rip and Tear"],"picked":"Steam","floor":19.0},{"not_picked":["Compile Driver","Turbo"],"picked":"Hologram","floor":24.0},{"not_picked":["Ball Lightning","Redo"],"picked":"Conserve Battery","floor":27.0},{"not_picked":["Blizzard","Beam Cell+1"],"picked":"Glacier","floor":29.0},{"not_picked":["Cold Snap","Streamline"],"picked":"White Noise+1","floor":30.0},{"not_picked":["Redo","Hologram"],"picked":"Core Surge","floor":31.0},{"not_picked":["Rainbow","Hyperbeam"],"picked":"Buffer","floor":33.0},{"not_picked":["Stack","Go for the Eyes","Melter"],"picked":"SKIP","floor":35.0},{"not_picked":["Turbo","Lockon","Go for the Eyes"],"picked":"SKIP","floor":37.0},{"not_picked":["Self Repair","Sweeping Beam","Coolheaded"],"picked":"SKIP","floor":38.0},{"not_picked":["Streamline+1","Steam"],"picked":"Biased Cognition","floor":41.0},{"not_picked":["Auto Shields+1","Ball Lightning"],"picked":"Capacitor","floor":47.0},{"not_picked":["Blizzard","Stack"],"picked":"Skim","floor":48.0},{"not_picked":["FTL","Sweeping Beam","Coolheaded"],"picked":"SKIP","floor":54.0}],"player_experience":2931129,"relics_obtained":[{"floor":7.0,"key":"Mummified Hand"},{"floor":9.0,"key":"Juzu Bracelet"},{"floor":13.0,"key":"Matryoshka"},{"floor":24.0,"key":"Bag of Preparation"},{"floor":26.0,"key":"MawBank"},{"floor":26.0,"key":"Blood Vial"},{"floor":27.0,"key":"Strawberry"},{"floor":29.0,"key":"Tiny Chest"},{"floor":41.0,"key":"Mercury Hourglass"},{"floor":43.0,"key":"Kunai"},{"floor":47.0,"key":"Omamori"},{"floor":54.0,"key":"Du-Vu Doll"}],"event_choices":[{"cards_removed":["Strike_B"],"damage_healed":0.0,"max_hp_gain":0.0,"max_hp_loss":0.0,"gold_gain":0.0,"event_name":"The Cleric","player_choice":"Card Removal","floor":2.0,"gold_loss":75.0,"damage_taken":0.0},{"damage_healed":0.0,"max_hp_gain":0.0,"max_hp_loss":0.0,"gold_gain":0.0,"event_name":"Shining Light","player_choice":"Entered Light","floor":3.0,"gold_loss":0.0,"damage_taken":21.0,"cards_upgraded":["Dualcast","Zap"]},{"damage_healed":0.0,"max_hp_gain":0.0,"max_hp_loss":0.0,"gold_gain":0.0,"event_name":"World of Goop","player_choice":"Left Gold","floor":4.0,"gold_loss":42.0,"damage_taken":0.0},{"damage_healed":0.0,"max_hp_gain":0.0,"max_hp_loss":0.0,"gold_gain":0.0,"event_name":"Liars Game","player_choice":"Ignored","floor":11.0,"gold_loss":0.0,"damage_taken":0.0},{"damage_healed":0.0,"max_hp_gain":0.0,"max_hp_loss":0.0,"gold_gain":50.0,"event_name":"Golden Shrine","player_choice":"Pray","floor":20.0,"gold_loss":0.0,"damage_taken":0.0},{"damage_healed":0.0,"max_hp_gain":0.0,"max_hp_loss":0.0,"gold_gain":0.0,"cards_transformed":["Defend_B","Defend_B"],"event_name":"Drug Dealer","player_choice":"Became Test Subject","floor":22.0,"gold_loss":0.0,"damage_taken":0.0,"cards_obtained":["Sweeping Beam","Sweeping Beam"]},{"damage_healed":0.0,"max_hp_gain":0.0,"max_hp_loss":0.0,"gold_gain":0.0,"event_name":"Tomb of Lord Red Mask","player_choice":"Ignored","floor":36.0,"gold_loss":0.0,"damage_taken":0.0},{"damage_healed":0.0,"max_hp_gain":0.0,"max_hp_loss":0.0,"gold_gain":0.0,"event_name":"The Woman in Blue","player_choice":"Bought 3 Potions","floor":45.0,"gold_loss":0.0,"damage_taken":0.0},{"damage_healed":0.0,"max_hp_gain":0.0,"max_hp_loss":4.0,"gold_gain":0.0,"event_name":"Winding Halls","player_choice":"Max HP","floor":46.0,"gold_loss":0.0,"damage_taken":0.0}],"is_beta":true,"boss_relics":[{"not_picked":["Runic Dome","Black Star"],"picked":"White Beast Statue"},{"not_picked":["Coffee Dripper","Sozu"],"picked":"Snecko Eye"}],"items_purged_floors":[21,39],"is_endless":false,"potions_floor_spawned":[7,13,14,16,18,19,24,27,29,30,31,33,35,37,38,41,47,48,54],"killed_by":"The Heart","ascension_level":17}