{"gold_per_floor":[119,119,137,154,174,174,99,99,99,109,109,134,184,200,200,277,277,288,50,50,70,86,86,113,38,38,38,49,49,49,67,67,146,146,157,170,189,201,201,201,27,60,138,138,5,5,0,17,17,17],"floor_reached":51,"playtime":2880,"items_purged":["Strike_B"],"score":1140,"play_id":"3e1e76cd-8990-42cb-903b-29dc6e111225","local_time":"20181206104213","is_ascension_mode":true,"campfire_choices":[{"data":"Madness","floor":6.0,"key":"SMITH"},{"data":"Zap","floor":8.0,"key":"SMITH"},{"data":"Dualcast","floor":11.0,"key":"SMITH"},{"data":"Static Discharge","floor":15.0,"key":"SMITH"},{"data":"Static Discharge","floor":23.0,"key":"SMITH"},{"floor":27.0,"key":"REST"},{"floor":32.0,"key":"REST"},{"data":"Buffer","floor":40.0,"key":"SMITH"},{"data":"Thinking Ahead","floor":44.0,"key":"SMITH"},{"data":"Thunder Strike","floor":49,"key":"SMITH"}],"neow_cost":"TEN_PERCENT_HP_LOSS","seed_source_timestamp":208724537800145,"circlet_count":0,"master_deck":["AscendersBane","Strike_B","Defend_B","Defend_B","Defend_B","Defend_B","Zap+1","Dualcast+1","Madness+1","Impatience","Go for the Eyes","Electrodynamics","Static Discharge+1","FTL","Gash","Echo Form","Leap","Ghostly","Ghostly","Ghostly","Static Discharge+1","Storm","Buffer+1","FTL+1","Thinking Ahead+1","Gash","Thunder Strike+1","Reprogram+1"],"special_seed":0,"relics":["FrozenCore","Ginger","Odd Mushroom","Singing Bowl","Emotion Chip","Ornamental Fan","Nuclear Battery","Prayer Wheel","Pear","Red Mask"],"potions_floor_usage":[50,50],"damage_taken":[{"damage":0.0,"enemies":"Small Slimes","floor":1.0,"turns":3.0},{"damage":0.0,"enemies":"Cultist","floor":3.0,"turns":3.0},{"damage":3.0,"enemies":"2 Louse","floor":4.0,"turns":2.0},{"damage":1.0,"enemies":"2 Fungi Beasts","floor":5.0,"turns":2.0},{"damage":0.0,"enemies":"Large Slime","floor":10.0,"turns":4.0},{"damage":15.0,"enemies":"The Mushroom Lair","floor":12.0,"turns":4.0},{"damage":0.0,"enemies":"Lots of Slimes","floor":14.0,"turns":1.0},{"damage":13.0,"enemies":"Hexaghost","floor":16.0,"turns":8.0},{"damage":11.0,"enemies":"Shell Parasite","floor":18.0,"turns":5.0},{"damage":8.0,"enemies":"2 Thieves","floor":21.0,"turns":4.0},{"damage":14.0,"enemies":"Cultist and Chosen","floor":22.0,"turns":7.0},{"damage":11.0,"enemies":"Book of Stabbing","floor":24.0,"turns":7.0},{"damage":6.0,"enemies":"Shelled Parasite and Fungi","floor":28.0,"turns":7.0},{"damage":1.0,"enemies":"Snake Plant","floor":31.0,"turns":7.0},{"damage":3.0,"enemies":"Collector","floor":33.0,"turns":10.0},{"damage":0.0,"enemies":"3 Shapes","floor":35.0,"turns":5.0},{"damage":6.0,"enemies":"3 Darklings","floor":36.0,"turns":5.0},{"damage":26.0,"enemies":"Transient","floor":37.0,"turns":5.0},{"damage":4.0,"enemies":"4 Shapes","floor":38.0,"turns":4.0},{"damage":11.0,"enemies":"Nemesis","floor":42.0,"turns":8.0},{"damage":13,"enemies":"Writhing Mass","floor":48,"turns":5},{"damage":13,"enemies":"Time Eater","floor":50,"turns":9}],"seed_played":"5532488402183716108","potions_obtained":[{"floor":1.0,"key":"EssenceOfSteel"},{"floor":4.0,"key":"EssenceOfSteel"},{"floor":12.0,"key":"SkillPotion"},{"floor":14.0,"key":"Fire Potion"},{"floor":18.0,"key":"EssenceOfSteel"},{"floor":28.0,"key":"FocusPotion"},{"floor":31.0,"key":"Weak Potion"},{"floor":37.0,"key":"SkillPotion"},{"floor":38.0,"key":"Strength Potion"},{"floor":42.0,"key":"Poison Potion"}],"is_trial":false,"path_per_floor":["M","?","M","M","M","R","?","R","T","M","R","?","?","M","R","B",null,"M","$","?","M","M","R","E","$","T","R","M","?","?","M","R","B",null,"M","M","M","M","?","R","$","E","T","R","$","?","?","M","R","B",null],"character_chosen":"DEFECT","items_purchased":["Singing Bowl","Thinking Ahead","Thunder Strike","Dexterity Potion"],"campfire_rested":2,"item_purchase_floors":[19,41,45,45],"current_hp_per_floor":[64,64,64,61,60,60,60,60,60,60,60,45,45,45,45,32,56,45,45,32,26,12,12,3,3,3,13,9,9,9,10,22,19,35,37,31,7,3,36,36,36,25,35,35,35,35,35,24,24,11],"gold":17,"neow_bonus":"RANDOM_COLORLESS_2","is_prod":false,"is_daily":false,"chose_seed":false,"campfire_upgraded":8,"win_rate":0,"timestamp":1544060533,"path_taken":["M","?","M","?","M","R","?","R","T","M","R","?","?","?","R","BOSS","M","$","?","M","M","R","E","$","T","R","M","?","?","M","R","BOSS","M","M","?","M","?","R","$","E","T","R","?","?","?","M","R","BOSS"],"build_version":"2018-12-05","purchased_purges":1,"victory":true,"max_hp_per_floor":[64,64,64,64,64,64,64,64,64,64,64,64,64,64,64,64,64,64,64,32,34,34,34,36,36,36,36,38,38,38,40,40,40,40,42,42,44,44,36,36,36,36,46,46,46,46,46,48,48,48],"card_choices":[{"not_picked":["Barrage","Cold Snap"],"picked":"Go for the Eyes","floor":1.0},{"not_picked":["Undo","Tempest"],"picked":"Static Discharge","floor":3.0},{"not_picked":["Streamline","Hologram"],"picked":"FTL","floor":4.0},{"not_picked":["Chaos","Redo","Turbo"],"picked":"SKIP","floor":5.0},{"not_picked":["Leap","Hello World"],"picked":"Gash","floor":10.0},{"not_picked":["Stack","Electrodynamics","Lockon"],"picked":"SKIP","floor":14.0},{"not_picked":["Machine Learning","Hyperbeam"],"picked":"Echo Form","floor":16.0},{"not_picked":["Rebound","Lockon"],"picked":"Leap","floor":18.0},{"not_picked":["Genetic Algorithm+1","Storm+1","Doom and Gloom"],"picked":"Singing Bowl","floor":21.0},{"not_picked":["Redo","Rebound"],"picked":"Static Discharge","floor":22.0},{"not_picked":["Consume","Hello World","Turbo"],"picked":"Singing Bowl","floor":24.0},{"not_picked":["Steam","Melter","Leap"],"picked":"Singing Bowl","floor":28.0},{"not_picked":["Sweeping Beam","Compile Driver","Leap"],"picked":"Singing Bowl","floor":31.0},{"not_picked":["Rainbow","Hyperbeam"],"picked":"Buffer","floor":33.0},{"not_picked":["Cold Snap","Compile Driver","Beam Cell+1"],"picked":"Singing Bowl","floor":35.0},{"not_picked":["Beam Cell","Heatsinks+1"],"picked":"Redo+1","floor":36.0},{"not_picked":["Glacier","Blizzard","Gash"],"picked":"Singing Bowl","floor":37.0},{"not_picked":["Amplify","Cold Snap+1"],"picked":"FTL+1","floor":38.0},{"not_picked":["Self Repair","Auto Shields"],"picked":"Gash","floor":42.0},{"not_picked":["Ball Lightning","Darkness","Compile Driver+1"],"picked":"Singing Bowl","floor":48},{"not_picked":["Redo","Storm"],"picked":"Reprogram+1","floor":48}],"player_experience":2520146,"relics_obtained":[{"floor":9.0,"key":"Ginger"},{"floor":12.0,"key":"Odd Mushroom"},{"floor":24.0,"key":"Emotion Chip"},{"floor":26.0,"key":"Ornamental Fan"},{"floor":42.0,"key":"Prayer Wheel"},{"floor":43.0,"key":"Pear"}],"event_choices":[{"damage_healed":0.0,"max_hp_gain":0.0,"max_hp_loss":0.0,"gold_gain":0.0,"event_name":"Match and Keep!","player_choice":"1 cards matched","floor":2.0,"gold_loss":0.0,"damage_taken":0.0,"cards_obtained":["Electrodynamics"]},{"cards_removed":["Strike_B"],"damage_healed":0.0,"max_hp_gain":0.0,"max_hp_loss":0.0,"gold_gain":0.0,"event_name":"The Cleric","player_choice":"Card Removal","floor":7.0,"gold_loss":75.0,"damage_taken":0.0},{"damage_healed":0.0,"max_hp_gain":0.0,"max_hp_loss":0.0,"gold_gain":0.0,"event_name":"Mushrooms","player_choice":"Fought Mushrooms","floor":12.0,"gold_loss":0.0,"damage_taken":0.0},{"damage_healed":0.0,"max_hp_gain":0.0,"max_hp_loss":0.0,"gold_gain":50.0,"event_name":"Golden Shrine","player_choice":"Pray","floor":13.0,"gold_loss":0.0,"damage_taken":0.0},{"damage_healed":0.0,"max_hp_gain":0.0,"max_hp_loss":32.0,"gold_gain":0.0,"event_name":"Ghosts","player_choice":"Became a Ghost","floor":20.0,"gold_loss":0.0,"damage_taken":0.0,"cards_obtained":["Ghostly","Ghostly","Ghostly"]},{"damage_healed":0.0,"max_hp_gain":0.0,"max_hp_loss":0.0,"gold_gain":0.0,"event_name":"Cursed Tome","player_choice":"Ignored","floor":29.0,"gold_loss":0.0,"damage_taken":0.0},{"damage_healed":0.0,"max_hp_gain":0.0,"max_hp_loss":0.0,"gold_gain":0.0,"cards_transformed":["Strike_B"],"event_name":"Transmorgrifier","player_choice":"Transformed","floor":30.0,"gold_loss":0.0,"damage_taken":0.0,"cards_obtained":["Storm"]},{"damage_healed":36.0,"max_hp_gain":0.0,"max_hp_loss":8.0,"gold_gain":0.0,"event_name":"The Moai Head","player_choice":"Heal","floor":39.0,"gold_loss":0.0,"damage_taken":0.0},{"cards_removed":["Redo"],"damage_healed":0.0,"max_hp_gain":0.0,"max_hp_loss":0.0,"gold_gain":0.0,"event_name":"Falling","player_choice":"Removed Skill","floor":46.0,"gold_loss":0.0,"damage_taken":0.0},{"damage_healed":0.0,"max_hp_gain":0.0,"max_hp_loss":0.0,"gold_gain":0.0,"event_name":"Tomb of Lord Red Mask","player_choice":"Paid","floor":47.0,"gold_loss":5.0,"damage_taken":0.0,"relics_obtained":["Red Mask"]}],"is_beta":true,"boss_relics":[{"not_picked":["Fusion Hammer","Velvet Choker"],"picked":"FrozenCore"},{"not_picked":["White Beast Statue","Pandora\u0027s Box"],"picked":"Nuclear Battery"}],"items_purged_floors":[25],"is_endless":false,"potions_floor_spawned":[1,4,12,14,18,28,31,37,38,42],"ascension_level":15}