{"gold_per_floor":[117,117,117,134,134,134,146,146,173,199,199,210,31,43,43,119,119,136,149,149,149,159,159,159],"floor_reached":24,"playtime":1242,"items_purged":[],"score":353,"play_id":"d09df7bc-c859-42ee-975b-87856819c856","local_time":"20190519171735","is_ascension_mode":true,"campfire_choices":[{"data":"Pommel Strike","floor":6,"key":"SMITH"},{"data":"Infernal Blade","floor":8,"key":"SMITH"},{"data":"Havoc","floor":11,"key":"SMITH"},{"floor":15,"key":"REST"},{"floor":23,"key":"REST"}],"neow_cost":"NONE","seed_source_timestamp":108701727693805,"circlet_count":0,"master_deck":["AscendersBane","Strike_R","Strike_R","Strike_R","Strike_R","Strike_R","Defend_R","Defend_R","Defend_R","Defend_R","Bash","Pommel Strike+1","Havoc+1","Infernal Blade+1","Shrug It Off","Shrug It Off","Apotheosis","Corruption","Limit Break","Shrug It Off","Warcry","Flame Barrier","Havoc"],"relics":["Burning Blood","Dream Catcher","Bag of Preparation","Ancient Tea Set","Happy Flower","Runic Cube"],"potions_floor_usage":[12,16,19,22],"damage_taken":[{"damage":9,"enemies":"2 Louse","floor":1,"turns":3},{"damage":0,"enemies":"Small Slimes","floor":4,"turns":3},{"damage":7,"enemies":"Jaw Worm","floor":7,"turns":3},{"damage":16,"enemies":"Gremlin Nob","floor":10,"turns":3},{"damage":0,"enemies":"Lots of Slimes","floor":12,"turns":3},{"damage":15,"enemies":"2 Fungi Beasts","floor":14,"turns":3},{"damage":49,"enemies":"The Guardian","floor":16,"turns":9},{"damage":16,"enemies":"Spheric Guardian","floor":18,"turns":6},{"damage":35,"enemies":"3 Byrds","floor":19,"turns":6},{"damage":3,"enemies":"Snecko","floor":22,"turns":5},{"damage":23,"enemies":"Gremlin Leader","floor":24,"turns":4}],"seed_played":"1577615074296999738","potions_obtained":[{"floor":4,"key":"PowerPotion"},{"floor":12,"key":"Fruit Juice"},{"floor":16,"key":"Poison Potion"},{"floor":18,"key":"SteroidPotion"},{"floor":19,"key":"SkillPotion"}],"is_trial":false,"path_per_floor":["M","?","$","M","?","R","M","R","T","E","R","M","$","M","R","B",null,"M","M","?","?","M","R","E"],"character_chosen":"IRONCLAD","items_purchased":["Apotheosis"],"campfire_rested":2,"item_purchase_floors":[13],"current_hp_per_floor":[65,65,65,71,66,66,65,65,65,55,55,66,66,57,80,37,69,59,30,30,18,21,45,22],"gold":159,"neow_bonus":"RANDOM_COMMON_RELIC","is_prod":false,"is_daily":false,"chose_seed":false,"campfire_upgraded":3,"win_rate":0,"timestamp":1558275455,"path_taken":["M","?","$","M","?","R","M","R","T","E","R","M","$","M","R","BOSS","M","M","?","?","M","R","E"],"build_version":"2019-01-23","purchased_purges":0,"victory":false,"max_hp_per_floor":[75,75,75,75,75,75,75,75,75,75,75,80,80,80,80,80,80,80,80,80,80,80,80,80],"card_choices":[{"not_picked":["True Grit","Cleave"],"picked":"Pommel Strike","floor":1},{"not_picked":["Thunderclap","Twin Strike"],"picked":"Havoc","floor":4},{"not_picked":["Clothesline","Juggernaut"],"picked":"Infernal Blade","floor":7},{"not_picked":["Disarm","Warcry"],"picked":"Shrug It Off","floor":10},{"not_picked":["True Grit","Clash"],"picked":"Shrug It Off","floor":12},{"not_picked":["Body Slam","Clash","Hemokinesis"],"picked":"SKIP","floor":14},{"not_picked":["Dual Wield","Exhume"],"picked":"Corruption","floor":15},{"not_picked":["Juggernaut","Demon Form"],"picked":"Limit Break","floor":16},{"not_picked":["Pummel","Rage"],"picked":"Shrug It Off","floor":18},{"not_picked":["Wild Strike","True Grit"],"picked":"Warcry","floor":19},{"not_picked":["Clash+1","Iron Wave"],"picked":"Flame Barrier","floor":22},{"not_picked":["True Grit","Thunderclap+1"],"picked":"Havoc","floor":23}],"player_experience":1371499,"relics_obtained":[{"floor":9,"key":"Ancient Tea Set"},{"floor":10,"key":"Happy Flower"}],"event_choices":[{"damage_healed":0,"gold_gain":0,"player_choice":"Leave","damage_taken":0,"max_hp_gain":0,"max_hp_loss":0,"event_name":"The Cleric","floor":2,"gold_loss":0},{"damage_healed":0,"gold_gain":0,"player_choice":"Success","damage_taken":5,"relics_obtained":["Bag of Preparation"],"max_hp_gain":0,"max_hp_loss":0,"event_name":"Scrap Ooze","floor":5,"gold_loss":0},{"damage_healed":0,"gold_gain":0,"player_choice":"Ignored","damage_taken":0,"max_hp_gain":0,"max_hp_loss":0,"event_name":"Vampires","floor":20,"gold_loss":0},{"damage_healed":0,"gold_gain":0,"player_choice":"Damaged","damage_taken":12,"max_hp_gain":0,"max_hp_loss":0,"event_name":"Wheel of Change","floor":21,"gold_loss":0}],"is_beta":false,"boss_relics":[{"not_picked":["Coffee Dripper","Calling Bell"],"picked":"Runic Cube"}],"items_purged_floors":[],"is_endless":false,"potions_floor_spawned":[4,12,16,18,19],"killed_by":"Gremlin Leader","ascension_level":16}