{"gold_per_floor":[111,125,10,10,29,29,62,62,62,62,62,62,62,82,82,175,175,200,219,235,249,272,272,295,295,295,295,326,92,17,32,32,128,128,141,141,161,184,36,36,79,79,79,94,94,94,112,112,112,112],"floor_reached":51,"playtime":5217,"items_purged":["Strike_G","Strike_G"],"score":1264,"play_id":"c3be147d-d4f8-4479-a911-d91e0a80aa35","local_time":"20181126102104","is_ascension_mode":true,"campfire_choices":[{"data":"Forethought","floor":6,"key":"SMITH"},{"data":"Noxious Fumes","floor":8,"key":"SMITH"},{"data":"Neutralize","floor":10,"key":"SMITH"},{"floor":13,"key":"REST"},{"data":"Backflip","floor":15,"key":"SMITH"},{"data":"Footwork","floor":23,"key":"SMITH"},{"floor":25,"key":"REST"},{"data":"Backflip","floor":27,"key":"SMITH"},{"floor":32,"key":"REST"},{"data":"Burst","floor":40,"key":"SMITH"},{"data":"Backflip","floor":42,"key":"SMITH"},{"floor":46,"key":"REST"},{"data":"Concentrate","floor":49,"key":"SMITH"}],"neow_cost":"TEN_PERCENT_HP_LOSS","seed_source_timestamp":1001213445334031,"circlet_count":0,"master_deck":["AscendersBane","Defend_G","Defend_G+1","Defend_G","Defend_G","Defend_G","Strike_G+1","Survivor","Neutralize+1","Sadistic Nature","Forethought+1","Backflip+1","Bouncing Flask","Blur","Flechettes","Noxious Fumes+1","Backflip+1","Corpse Explosion","Footwork+1","Backflip+1","Dodge and Roll","Heel Hook+1","Madness","Outmaneuver","Leg Sweep+1","Burst+1","Concentrate+1"],"relics":["Ring of the Serpent","Golden Idol","Torii","Bottled Flame","FaceOfCleric","Runic Pyramid","Omamori","Bottled Tornado","StoneCalendar","Blue Candle","Ice Cream"],"potions_floor_usage":[7,28,28,33,44,50],"damage_taken":[{"damage":4,"enemies":"Cultist","floor":1,"turns":5},{"damage":4,"enemies":"Jaw Worm","floor":2,"turns":7},{"damage":0,"enemies":"Small Slimes","floor":5,"turns":5},{"damage":32,"enemies":"3 Sentries","floor":7,"turns":9},{"damage":2,"enemies":"Gremlin Gang","floor":14,"turns":8},{"damage":1,"enemies":"The Guardian","floor":16,"turns":9},{"damage":0,"enemies":"Shell Parasite","floor":18,"turns":6},{"damage":4,"enemies":"3 Byrds","floor":19,"turns":4},{"damage":9,"enemies":"Centurion and Healer","floor":20,"turns":7},{"damage":3,"enemies":"Sentry and Sphere","floor":21,"turns":7},{"damage":0,"enemies":"Snake Plant","floor":22,"turns":6},{"damage":2,"enemies":"Shelled Parasite and Fungi","floor":24,"turns":8},{"damage":29,"enemies":"Slavers","floor":28,"turns":9},{"damage":19,"enemies":"Centurion and Healer","floor":31,"turns":6},{"damage":0,"enemies":"Automaton","floor":33,"turns":15},{"damage":0,"enemies":"Orb Walker","floor":35,"turns":5},{"damage":17,"enemies":"3 Shapes","floor":37,"turns":7},{"damage":0,"enemies":"Maw","floor":38,"turns":8},{"damage":0,"enemies":"Giant Head","floor":41,"turns":11},{"damage":1,"enemies":"Spire Growth","floor":44,"turns":7},{"damage":0,"enemies":"3 Darklings","floor":47,"turns":5},{"damage":15,"enemies":"Awakened One","floor":50,"turns":19}],"seed_played":"9220038252121460763","potions_obtained":[{"floor":1,"key":"Regen Potion"},{"floor":2,"key":"SpeedPotion"},{"floor":7,"key":"FairyPotion"},{"floor":21,"key":"GhostInAJar"},{"floor":31,"key":"LiquidBronze"},{"floor":33,"key":"LiquidBronze"},{"floor":35,"key":"SteroidPotion"},{"floor":38,"key":"FearPotion"},{"floor":44,"key":"Fruit Juice"}],"is_trial":false,"path_per_floor":["M","M","$","?","M","R","E","R","T","R","?","?","R","M","R","B",null,"M","M","M","M","M","R","M","R","T","R","E","$","?","M","R","B",null,"M","?","M","M","$","R","E","R","T","M","?","R","M","?","R","B",null],"character_chosen":"THE_SILENT","items_purchased":["Blur","Flechettes","Madness","SpeedPotion","Outmaneuver","Dexterity Potion"],"campfire_rested":4,"item_purchase_floors":[3,3,29,29,29,39],"current_hp_per_floor":[55,51,51,51,51,51,34,34,34,34,18,18,34,33,33,33,50,51,48,40,38,39,39,38,56,56,56,28,28,28,10,29,30,56,57,57,41,42,42,42,43,43,43,48,48,70,71,71,71,57],"gold":112,"neow_bonus":"RANDOM_COLORLESS_2","is_prod":false,"is_daily":false,"chose_seed":true,"campfire_upgraded":9,"win_rate":0,"timestamp":1543195264,"path_taken":["M","M","$","?","M","R","E","R","T","R","?","?","R","M","R","BOSS","M","M","M","?","M","R","M","R","T","R","E","$","?","M","R","BOSS","M","?","?","M","$","R","E","R","T","M","?","R","M","?","R","BOSS"],"build_version":"2018-11-15","purchased_purges":2,"victory":true,"max_hp_per_floor":[60,60,60,54,54,54,54,54,54,54,54,54,54,55,55,56,56,57,58,59,60,61,61,62,62,62,62,63,63,63,64,64,65,65,66,66,67,68,68,68,69,69,69,75,75,75,76,76,76,77],"card_choices":[{"not_picked":["Poisoned Stab","Blade Dance"],"picked":"Backflip","floor":1},{"not_picked":["Skewer","Accuracy"],"picked":"Bouncing Flask","floor":2},{"not_picked":["Predator","Unload"],"picked":"Noxious Fumes","floor":5},{"not_picked":["Poisoned Stab","Riddle With Holes"],"picked":"Backflip","floor":7},{"not_picked":["Finisher","Quick Slash","Blade Dance"],"picked":"SKIP","floor":14},{"not_picked":["Venomology","Die Die Die"],"picked":"Corpse Explosion","floor":16},{"not_picked":["Dodge and Roll","Deadly Poison+1"],"picked":"Footwork","floor":18},{"not_picked":["Poisoned Stab","Dagger Spray"],"picked":"Backflip","floor":19},{"not_picked":["Poisoned Stab","Blade Dance","Choke+1"],"picked":"SKIP","floor":20},{"not_picked":["Blade Dance+1","Poisoned Stab"],"picked":"Dodge and Roll","floor":21},{"not_picked":["Slice","Eviscerate","Poisoned Stab+1"],"picked":"SKIP","floor":22},{"not_picked":["Flechettes","Unload","Distraction"],"picked":"SKIP","floor":24},{"not_picked":["Deflect","PiercingWail"],"picked":"Heel Hook+1","floor":28},{"not_picked":["Backflip","Concentrate"],"picked":"Leg Sweep+1","floor":31},{"not_picked":["Adrenaline","Unload"],"picked":"Burst","floor":33},{"not_picked":["Riddle With Holes","Poisoned Stab","Bouncing Flask"],"picked":"SKIP","floor":35},{"not_picked":["Noxious Fumes","Flying Knee","Terror"],"picked":"SKIP","floor":37},{"not_picked":["Terror","Distraction","Flying Knee+1"],"picked":"SKIP","floor":38},{"not_picked":["Masterful Stab","Poisoned Stab","Blade Dance"],"picked":"SKIP","floor":41},{"not_picked":["Dash+1","Poisoned Stab","Cloak And Dagger"],"picked":"SKIP","floor":44},{"not_picked":["Well Laid Plans","Slice"],"picked":"Concentrate","floor":47}],"player_experience":2453567,"relics_obtained":[{"floor":7,"key":"Torii"},{"floor":9,"key":"Bottled Flame"},{"floor":26,"key":"Omamori"},{"floor":28,"key":"Bottled Tornado"},{"floor":41,"key":"Blue Candle"},{"floor":43,"key":"Ice Cream"}],"event_choices":[{"damage_healed":0,"gold_gain":0,"player_choice":"Lose Max HP","damage_taken":0,"relics_obtained":["Golden Idol"],"max_hp_gain":0,"max_hp_loss":6,"event_name":"Golden Idol","floor":4,"gold_loss":0},{"damage_healed":0,"gold_gain":0,"player_choice":"Entered Light","damage_taken":16,"max_hp_gain":0,"max_hp_loss":0,"event_name":"Shining Light","floor":11,"gold_loss":0,"cards_upgraded":["Defend_G","Strike_G"]},{"damage_healed":0,"gold_gain":0,"player_choice":"Trade","damage_taken":0,"relics_obtained":["FaceOfCleric"],"max_hp_gain":0,"max_hp_loss":0,"event_name":"FaceTrader","floor":12,"gold_loss":0},{"cards_removed":["Strike_G"],"damage_healed":0,"gold_gain":0,"player_choice":"Gave Gold","damage_taken":0,"max_hp_gain":0,"max_hp_loss":0,"event_name":"Beggar","floor":30,"gold_loss":75},{"damage_healed":0,"gold_gain":0,"player_choice":"Gave Potion","damage_taken":0,"relics_obtained":["StoneCalendar"],"max_hp_gain":0,"max_hp_loss":0,"event_name":"WeMeetAgain","floor":36,"gold_loss":0},{"damage_healed":0,"gold_gain":0,"player_choice":"Memory 1","damage_taken":0,"max_hp_gain":0,"max_hp_loss":0,"event_name":"SensoryStone","floor":45,"gold_loss":0},{"cards_removed":["Strike_G"],"damage_healed":0,"gold_gain":0,"player_choice":"Purged","damage_taken":0,"max_hp_gain":0,"max_hp_loss":0,"event_name":"Purifier","floor":48,"gold_loss":0}],"is_beta":true,"boss_relics":[{"not_picked":["Lizard Tail","Astrolabe"],"picked":"Runic Pyramid"},{"not_picked":["Philosopher\u0027s Stone","Orrery"],"picked":"Ring of the Serpent"}],"items_purged_floors":[29,39],"is_endless":false,"potions_floor_spawned":[1,2,7,19,21,31,33,35,38,44],"ascension_level":15}