{"gold_per_floor":[115,135,135,149,48,76,76,76,128,128,128,128,19,49,49,149,149,165,165,165,90,90,90,55,55,55,55,85,105,105],"floor_reached":30,"playtime":1054,"items_purged":["Decay"],"score":325,"play_id":"3e3a2cc0-2f2d-4531-b9d1-9542cdbd5309","local_time":"20181230211722","is_ascension_mode":true,"campfire_choices":[{"data":"Bash","floor":8,"key":"SMITH"},{"data":"Sword Boomerang","floor":12,"key":"SMITH"},{"floor":15,"key":"REST"},{"floor":23,"key":"REST"},{"data":"Infernal Blade","floor":25,"key":"SMITH"},{"floor":27,"key":"RECALL"}],"neow_cost":"NONE","seed_source_timestamp":690392920748671,"circlet_count":0,"master_deck":["Defend_R","Defend_R","Defend_R+1","Bash+1","Sword Boomerang+1","Headbutt","Thunderclap","Twin Strike","Power Through","Spot Weakness","Rage","Dual Wield","Demon Form+1","Bloodletting+1","Pummel+1","Clothesline","Bite","Bite","Bite","Bite","RitualDagger","Infernal Blade+1","Battle Trance","Ghostly Armor"],"relics":["Burning Blood","NeowsBlessing","Juzu Bracelet","Blue Candle","Astrolabe","Mercury Hourglass","Red Skull"],"potions_floor_usage":[14,14,16],"damage_taken":[{"damage":0,"enemies":"2 Louse","floor":1,"turns":1},{"damage":0,"enemies":"Cultist","floor":2,"turns":1},{"damage":0,"enemies":"Small Slimes","floor":4,"turns":1},{"damage":32,"enemies":"Gremlin Nob","floor":6,"turns":4},{"damage":36,"enemies":"Lagavulin","floor":14,"turns":6},{"damage":48,"enemies":"Slime Boss","floor":16,"turns":13},{"damage":38,"enemies":"3 Byrds","floor":18,"turns":4},{"damage":56,"enemies":"Gremlin Leader","floor":28,"turns":9},{"damage":9,"enemies":"Shell Parasite","floor":29,"turns":3},{"damage":22,"enemies":"Colosseum Slavers","floor":30,"turns":1}],"seed_played":"-4325359680135058137","potions_obtained":[{"floor":4,"key":"Ancient Potion"},{"floor":6,"key":"Regen Potion"},{"floor":14,"key":"Poison Potion"}],"is_trial":false,"path_per_floor":["M","M","?","M","$","E","?","R","T","?","?","R","$","E","R","B",null,"M","?","?","?","?","R","$","R","T","R","E","M","?"],"character_chosen":"IRONCLAD","items_purchased":["Twin Strike","Spot Weakness","Rage","Infernal Blade"],"campfire_rested":2,"item_purchase_floors":[5,13,13,24],"current_hp_per_floor":[80,80,80,80,80,54,59,59,59,42,42,42,42,26,51,9,85,53,53,47,47,37,56,56,56,56,56,16,17,0],"gold":105,"neow_bonus":"THREE_ENEMY_KILL","is_prod":false,"is_daily":false,"chose_seed":false,"campfire_upgraded":3,"win_rate":0,"timestamp":1546172242,"path_taken":["M","M","?","M","?","E","?","R","T","?","?","R","?","E","R","BOSS","M","?","?","?","?","R","$","R","T","R","E","M","?"],"build_version":"2018-12-20","purchased_purges":1,"victory":false,"max_hp_per_floor":[80,80,80,80,80,80,85,85,85,85,85,85,85,85,85,85,85,85,59,59,59,64,64,64,64,64,64,64,64,64],"card_choices":[{"not_picked":["Flex","Combust"],"picked":"Sword Boomerang","floor":1},{"not_picked":["Clash","Flame Barrier"],"picked":"Headbutt","floor":2},{"not_picked":["Combust","Iron Wave"],"picked":"Thunderclap","floor":4},{"not_picked":["Clash","Twin Strike"],"picked":"Power Through","floor":6},{"not_picked":["Power Through","Anger"],"picked":"Dual Wield","floor":14},{"not_picked":["Berserk","Bludgeon"],"picked":"Barricade","floor":16},{"not_picked":["Thunderclap+1","Flame Barrier"],"picked":"Clothesline","floor":18},{"not_picked":["Combust+1","Anger"],"picked":"Battle Trance","floor":28},{"not_picked":["Combust+1","Wild Strike"],"picked":"Ghostly Armor","floor":29}],"player_experience":279887,"relics_obtained":[{"floor":6,"key":"Juzu Bracelet"},{"floor":14,"key":"Blue Candle"},{"floor":26,"key":"Mercury Hourglass"},{"floor":28,"key":"Red Skull"}],"event_choices":[{"damage_healed":0,"gold_gain":0,"player_choice":"Cursed","damage_taken":0,"max_hp_gain":0,"max_hp_loss":0,"event_name":"Wheel of Change","floor":3,"gold_loss":0,"cards_obtained":["Decay"]},{"damage_healed":0,"gold_gain":0,"player_choice":"Donut","damage_taken":0,"max_hp_gain":5,"max_hp_loss":0,"event_name":"Big Fish","floor":7,"gold_loss":0},{"damage_healed":0,"gold_gain":0,"player_choice":"Entered Light","damage_taken":17,"max_hp_gain":0,"max_hp_loss":0,"event_name":"Shining Light","floor":10,"gold_loss":0,"cards_upgraded":["Defend_R","Strike_R"]},{"damage_healed":0,"gold_gain":0,"player_choice":"0 cards matched","damage_taken":0,"max_hp_gain":0,"max_hp_loss":0,"event_name":"Match and Keep!","floor":11,"gold_loss":0,"cards_obtained":[]},{"damage_healed":0,"gold_gain":0,"player_choice":"Became a vampire","damage_taken":0,"max_hp_gain":0,"max_hp_loss":26,"event_name":"Vampires","floor":19,"gold_loss":0,"cards_obtained":["Bite","Bite","Bite","Bite","Bite"]},{"damage_healed":0,"gold_gain":0,"player_choice":"Joined the Cult","damage_taken":6,"max_hp_gain":0,"max_hp_loss":0,"event_name":"Nest","floor":20,"gold_loss":0,"cards_obtained":["RitualDagger"]},{"cards_removed":["Bite"],"damage_healed":0,"gold_gain":0,"player_choice":"Gave Gold","damage_taken":0,"max_hp_gain":0,"max_hp_loss":0,"event_name":"Beggar","floor":21,"gold_loss":75},{"damage_healed":0,"gold_gain":0,"player_choice":"Shed Blood","damage_taken":15,"max_hp_gain":5,"max_hp_loss":0,"event_name":"Forgotten Altar","floor":22,"gold_loss":0},{"damage_healed":0,"gold_gain":0,"player_choice":"Fight","damage_taken":0,"max_hp_gain":0,"max_hp_loss":0,"event_name":"Colosseum","floor":30,"gold_loss":0}],"is_beta":false,"boss_relics":[{"not_picked":["Philosopher\u0027s Stone","Orrery"],"picked":"Astrolabe"}],"items_purged_floors":[5],"is_endless":false,"potions_floor_spawned":[4,6,14],"killed_by":"Colosseum Slavers","ascension_level":4}