{"gold_per_floor":[119,119,131,147,158,183,195,195,248,248,248,267,281,25,25,98,98,113,19,19,19,19,19,32,32,57,57,57,76,76,76],"floor_reached":31,"playtime":1758,"items_purged":[],"score":495,"play_id":"94291e43-d037-4f8e-bd12-e2c4323baffb","local_time":"20190529191538","is_ascension_mode":true,"campfire_choices":[{"floor":8.0,"key":"REST"},{"data":"Disarm","floor":10.0,"key":"SMITH"},{"data":"Dark Embrace","floor":15.0,"key":"SMITH"},{"floor":23,"key":"REST"},{"floor":27,"key":"REST"},{"floor":30,"key":"REST"}],"neow_cost":"NONE","seed_source_timestamp":274688263210480,"circlet_count":0,"master_deck":["AscendersBane","Defend_R","Defend_R","Defend_R","Defend_R","Bash","Shrug It Off","Ghostly Armor","Disarm+1","Carnage","Battle Trance","Spot Weakness","Flex","Dark Embrace+1","Shrug It Off","Anger","Swift Strike","Limit Break","Seeing Red","Seeing Red","Headbutt","Spot Weakness","Pummel","Warcry","Bandage Up","Writhe","Twin Strike+1","Bite+1","Bite+1","Bite+1","Bite+1","Bite+1","Pommel Strike+1"],"special_seed":0,"relics":["Burning Blood","NeowsBlessing","FaceOfCleric","Pantograph","Art of War","Calipers","Orrery","Molten Egg 2","Orichalcum"],"potions_floor_usage":[16,16],"damage_taken":[{"damage":0.0,"enemies":"Jaw Worm","floor":1.0,"turns":1.0},{"damage":0.0,"enemies":"Cultist","floor":3.0,"turns":1.0},{"damage":0.0,"enemies":"2 Louse","floor":4.0,"turns":1.0},{"damage":5.0,"enemies":"2 Fungi Beasts","floor":5.0,"turns":6.0},{"damage":50.0,"enemies":"3 Sentries","floor":6.0,"turns":10.0},{"damage":5.0,"enemies":"Large Slime","floor":7.0,"turns":5.0},{"damage":9.0,"enemies":"3 Louse","floor":12.0,"turns":4.0},{"damage":15.0,"enemies":"Lots of Slimes","floor":13.0,"turns":6.0},{"damage":60,"enemies":"Slime Boss","floor":16,"turns":12},{"damage":25,"enemies":"Spheric Guardian","floor":18,"turns":4},{"damage":35,"enemies":"Colosseum Slavers","floor":21,"turns":6},{"damage":21,"enemies":"Chosen","floor":24,"turns":6},{"damage":60,"enemies":"Shelled Parasite and Fungi","floor":29,"turns":5},{"damage":68,"enemies":"Gremlin Leader","floor":31,"turns":6}],"seed_played":"2904279526265070806","potions_obtained":[{"floor":3.0,"key":"Dexterity Potion"},{"floor":6.0,"key":"Weak Potion"},{"floor":13.0,"key":"FearPotion"}],"is_trial":false,"path_per_floor":["M","?","M","M","M","E","M","R","T","R","T","M","M","$","R","B",null,"M","$","?","?","?","R","M","?","T","R","?","M","R","E"],"character_chosen":"IRONCLAD","items_purchased":["PowerPotion","Shrug It Off","Anger","Swift Strike","Bandage Up"],"campfire_rested":4,"item_purchase_floors":[14,14,14,14,19],"current_hp_per_floor":[74,74,76,77,78,35,37,61,61,61,61,59,51,51,51,23,68,50,50,50,26,26,51,37,37,37,55,55,21,39,0],"gold":76,"neow_bonus":"THREE_ENEMY_KILL","is_prod":false,"is_daily":false,"chose_seed":false,"campfire_upgraded":2,"win_rate":0,"timestamp":1559146538,"path_taken":["M","?","?","?","M","E","M","R","T","R","?","M","M","$","R","BOSS","M","$","?","?","?","R","M","?","T","R","?","M","R","E"],"build_version":"2019-01-23","purchased_purges":0,"victory":false,"max_hp_per_floor":[75,75,76,77,78,79,80,80,80,80,80,81,82,82,82,83,83,84,84,84,85,85,85,86,60,60,60,60,61,61,61],"card_choices":[{"not_picked":["Uppercut","Flex"],"picked":"Shrug It Off","floor":1.0},{"not_picked":["Thunderclap","Perfected Strike"],"picked":"Ghostly Armor","floor":3.0},{"not_picked":["Headbutt","Flex"],"picked":"Disarm","floor":4.0},{"not_picked":["Armaments","Fire Breathing"],"picked":"Carnage","floor":5.0},{"not_picked":["Sentinel","Cleave"],"picked":"Battle Trance","floor":6.0},{"not_picked":["Perfected Strike","Combust"],"picked":"Spot Weakness","floor":7.0},{"not_picked":["Reckless Charge","Twin Strike"],"picked":"Flex","floor":12.0},{"not_picked":["Spot Weakness","Heavy Blade"],"picked":"Dark Embrace","floor":13.0},{"not_picked":["Brutality","Offering"],"picked":"Limit Break","floor":16},{"not_picked":["Iron Wave","Heavy Blade"],"picked":"Seeing Red","floor":17},{"not_picked":["Havoc","Sword Boomerang"],"picked":"Seeing Red","floor":17},{"not_picked":["Cleave","Anger"],"picked":"Headbutt","floor":17},{"not_picked":["Combust","Carnage"],"picked":"Spot Weakness","floor":17},{"not_picked":["Armaments","Body Slam"],"picked":"Pummel","floor":17},{"not_picked":["Searing Blow+1","Heavy Blade"],"picked":"Warcry","floor":18},{"not_picked":["Power Through","Cleave+1"],"picked":"Twin Strike+1","floor":24},{"not_picked":["Rupture","Rampage+1"],"picked":"Pommel Strike+1","floor":29}],"player_experience":1428301,"relics_obtained":[{"floor":6.0,"key":"Pantograph"},{"floor":9.0,"key":"Art of War"},{"floor":11.0,"key":"Calipers"},{"floor":26,"key":"Orichalcum"}],"event_choices":[{"damage_healed":0.0,"max_hp_gain":0.0,"max_hp_loss":0.0,"gold_gain":0.0,"event_name":"FaceTrader","player_choice":"Trade","floor":2.0,"gold_loss":0.0,"damage_taken":0.0,"relics_obtained":["FaceOfCleric"]},{"damage_healed":0,"gold_gain":0,"player_choice":"Opened","damage_taken":0,"relics_obtained":["Molten Egg 2"],"max_hp_gain":0,"max_hp_loss":0,"event_name":"The Mausoleum","floor":20,"gold_loss":0,"cards_obtained":["Writhe"]},{"damage_healed":0,"gold_gain":0,"player_choice":"Fight","damage_taken":0,"max_hp_gain":0,"max_hp_loss":0,"event_name":"Colosseum","floor":21,"gold_loss":0},{"damage_healed":0,"gold_gain":0,"player_choice":"Fled From Nobs","damage_taken":0,"max_hp_gain":0,"max_hp_loss":0,"event_name":"Colosseum","floor":21,"gold_loss":0},{"damage_healed":0,"gold_gain":0,"player_choice":"Ignored","damage_taken":0,"max_hp_gain":0,"max_hp_loss":0,"event_name":"Ghosts","floor":22,"gold_loss":0},{"damage_healed":0,"gold_gain":0,"player_choice":"Became a vampire","damage_taken":0,"max_hp_gain":0,"max_hp_loss":26,"event_name":"Vampires","floor":25,"gold_loss":0,"cards_obtained":["Bite","Bite","Bite","Bite","Bite"]},{"damage_healed":0,"gold_gain":0,"player_choice":"Ignored","damage_taken":0,"max_hp_gain":0,"max_hp_loss":0,"event_name":"Beggar","floor":28,"gold_loss":0}],"is_beta":false,"boss_relics":[{"not_picked":["Mark of Pain","Lizard Tail"],"picked":"Orrery"}],"items_purged_floors":[],"is_endless":false,"potions_floor_spawned":[3,6,13,21],"killed_by":"Gremlin Leader","ascension_level":20}