{"gold_per_floor":[359,369,387,400,400,400,440,440,440,484,504,504,504],"floor_reached":13,"playtime":266,"items_purged":[],"score":190,"play_id":"aa5b2a96-64bf-455a-ae49-1e60d30f7a8a","local_time":"20190501015455","is_ascension_mode":true,"campfire_choices":[{"data":"Lockon","floor":6.0,"key":"SMITH"},{"floor":8.0,"key":"REST"}],"neow_cost":"PERCENT_DAMAGE","seed_source_timestamp":859932870478400,"circlet_count":0,"master_deck":["AscendersBane","Strike_B+1","Strike_B","Strike_B+1","Strike_B","Defend_B","Defend_B","Defend_B","Defend_B","Zap","Dualcast","Rebound","Ball Lightning","Lockon+1","Glacier","Conserve Battery","Creative AI","Hologram"],"special_seed":0,"relics":["Cracked Core","Golden Idol","Whetstone","Turnip"],"potions_floor_usage":[10],"damage_taken":[{"damage":3.0,"enemies":"Small Slimes","floor":1.0,"turns":3.0},{"damage":0.0,"enemies":"2 Louse","floor":2.0,"turns":1.0},{"damage":0.0,"enemies":"Cultist","floor":3.0,"turns":3.0},{"damage":11.0,"enemies":"2 Fungi Beasts","floor":4.0,"turns":3.0},{"damage":14.0,"enemies":"Lagavulin","floor":7.0,"turns":5.0},{"damage":25,"enemies":"Gremlin Nob","floor":10,"turns":4},{"damage":11,"enemies":"Looter","floor":11,"turns":2},{"damage":0,"enemies":"Exordium Thugs","floor":13,"turns":1}],"seed_played":"-5365566262771439634","potions_obtained":[{"floor":2.0,"key":"Swift Potion"},{"floor":3.0,"key":"Ancient Potion"},{"floor":4.0,"key":"Fire Potion"}],"is_trial":false,"path_per_floor":["M","M","M","M","?","R","E","R","T","E","M","?","M"],"character_chosen":"DEFECT","items_purchased":[],"campfire_rested":1,"item_purchase_floors":[],"current_hp_per_floor":[43,43,43,32,32,32,18,37,37,12,1,1,1],"gold":504,"neow_bonus":"TWO_FIFTY_GOLD","is_prod":false,"is_daily":false,"chose_seed":false,"campfire_upgraded":1,"win_rate":0,"timestamp":1556643295,"path_taken":["M","M","M","M","?","R","E","R","T","E","M","?","?"],"build_version":"2019-01-23","purchased_purges":0,"victory":false,"max_hp_per_floor":[71,71,71,71,64,64,64,64,64,64,64,64,64],"card_choices":[{"not_picked":["Conserve Battery","Go for the Eyes"],"picked":"Rebound","floor":1.0},{"not_picked":["Go for the Eyes","Reinforced Body"],"picked":"Ball Lightning","floor":2.0},{"not_picked":["Chaos","Stack"],"picked":"Lockon","floor":3.0},{"not_picked":["Stack","Redo"],"picked":"Glacier","floor":4.0},{"not_picked":["Doom and Gloom","Storm"],"picked":"Conserve Battery","floor":7.0},{"not_picked":["Leap","Darkness"],"picked":"Creative AI","floor":10},{"not_picked":["Streamline","Stack"],"picked":"Hologram","floor":11}],"player_experience":4882724,"relics_obtained":[{"floor":7.0,"key":"Whetstone"},{"floor":10,"key":"Turnip"}],"event_choices":[{"damage_healed":0.0,"max_hp_gain":0.0,"max_hp_loss":7.0,"gold_gain":0.0,"event_name":"Golden Idol","player_choice":"Lose Max HP","floor":5.0,"gold_loss":0.0,"damage_taken":0.0,"relics_obtained":["Golden Idol"]},{"damage_healed":0,"gold_gain":0,"player_choice":"0 cards matched","damage_taken":0,"max_hp_gain":0,"max_hp_loss":0,"event_name":"Match and Keep!","floor":12,"gold_loss":0,"cards_obtained":[]}],"is_beta":false,"boss_relics":[],"items_purged_floors":[],"is_endless":false,"potions_floor_spawned":[2,3,4],"killed_by":"Exordium Thugs","ascension_level":20}