{"gold_per_floor":[110,110,127,127,145,145,171,183,222,269,294,322,367,0,0,73,73,90,100,150,50,61,61,89,89],"floor_reached":25,"playtime":734,"items_purged":["Defend_B","Zap"],"score":482,"play_id":"ad6e759e-44b9-40b2-9962-c8c2f36c26ee","local_time":"20190330002201","is_ascension_mode":true,"campfire_choices":[{"floor":6,"key":"REST"},{"floor":8,"key":"REST"},{"data":"Beam Cell","floor":15,"key":"SMITH"},{"floor":23,"key":"REST"}],"neow_cost":"PERCENT_DAMAGE","seed_source_timestamp":1384067845105400,"circlet_count":0,"master_deck":["AscendersBane","Dualcast","Ball Lightning+1","Chill","Ball Lightning+1","Reinforced Body","Beam Cell+1","Biased Cognition","Mayhem","Force Field","Rainbow","Rip and Tear","Doom and Gloom","Backflip","Body Slam"],"relics":["Cracked Core","Regal Pillow","MawBank","Ancient Tea Set","Whetstone","Potion Belt","PrismaticShard","Pandora\u0027s Box","Bird Faced Urn"],"potions_floor_usage":[7,13,16,22,24],"damage_taken":[{"damage":7,"enemies":"Jaw Worm","floor":1,"turns":4},{"damage":0,"enemies":"Cultist","floor":3,"turns":3},{"damage":0,"enemies":"Small Slimes","floor":5,"turns":2},{"damage":6,"enemies":"Gremlin Nob","floor":7,"turns":3},{"damage":25,"enemies":"Lagavulin","floor":10,"turns":7},{"damage":0,"enemies":"2 Fungi Beasts","floor":11,"turns":3},{"damage":0,"enemies":"3 Louse","floor":12,"turns":3},{"damage":11,"enemies":"Gremlin Nob","floor":13,"turns":4},{"damage":18,"enemies":"Slime Boss","floor":16,"turns":6},{"damage":16,"enemies":"Chosen","floor":18,"turns":4},{"damage":9,"enemies":"Shell Parasite","floor":19,"turns":4},{"damage":13,"enemies":"Centurion and Healer","floor":22,"turns":7},{"damage":52,"enemies":"Slavers","floor":24,"turns":6},{"damage":22,"enemies":"Snake Plant","floor":25,"turns":2}],"seed_played":"3602584375062656839","potions_obtained":[{"floor":3,"key":"SpeedPotion"},{"floor":5,"key":"SteroidPotion"},{"floor":10,"key":"FocusPotion"},{"floor":13,"key":"SteroidPotion"},{"floor":16,"key":"Swift Potion"},{"floor":22,"key":"Regen Potion"},{"floor":24,"key":"Explosive Potion"}],"is_trial":false,"path_per_floor":["M","?","M","?","M","R","E","R","T","E","M","M","E","$","R","B",null,"M","M","?","$","M","R","E","M"],"character_chosen":"DEFECT","items_purchased":["Biased Cognition","PrismaticShard"],"campfire_rested":3,"item_purchase_floors":[14,14],"current_hp_per_floor":[39,39,39,4,4,40,34,70,70,45,45,45,34,34,34,16,57,41,32,32,32,19,55,18,0],"gold":89,"neow_bonus":"REMOVE_TWO","is_prod":false,"is_daily":false,"chose_seed":false,"campfire_upgraded":1,"win_rate":0,"timestamp":1553872921,"path_taken":["M","?","?","?","M","R","E","R","T","E","M","M","E","$","R","BOSS","M","M","?","$","M","R","E","M"],"build_version":"2019-01-23","purchased_purges":2,"victory":false,"max_hp_per_floor":[71,71,71,71,71,71,71,71,71,71,71,71,71,71,71,71,71,71,71,71,71,71,71,71,71],"card_choices":[{"not_picked":["Go for the Eyes","Rip and Tear"],"picked":"Ball Lightning","floor":1},{"not_picked":["Sweeping Beam","Steam"],"picked":"Chill","floor":3},{"not_picked":["Streamline","Redo"],"picked":"Ball Lightning","floor":5},{"not_picked":["Melter","Steam","Gash"],"picked":"SKIP","floor":7},{"not_picked":["Gash","Reprogram","Redo"],"picked":"SKIP","floor":10},{"not_picked":["Barrage","Darkness"],"picked":"Reinforced Body","floor":11},{"not_picked":["Heatsinks","Redo"],"picked":"Beam Cell","floor":12},{"not_picked":["Reprogram","Redo","Compile Driver"],"picked":"SKIP","floor":13},{"not_picked":["Seek","Unload"],"picked":"Mayhem","floor":16},{"not_picked":["Iron Wave","Dagger Spray"],"picked":"Backflip","floor":18},{"not_picked":["Rebound","Setup"],"picked":"Body Slam","floor":19},{"not_picked":["Tempest","Sweeping Beam","Thunderclap"],"picked":"SKIP","floor":22},{"not_picked":["Redo","Hyperbeam","Shrug It Off"],"picked":"SKIP","floor":24}],"player_experience":4660769,"relics_obtained":[{"floor":7,"key":"MawBank"},{"floor":9,"key":"Ancient Tea Set"},{"floor":10,"key":"Whetstone"},{"floor":13,"key":"Potion Belt"},{"floor":24,"key":"Bird Faced Urn"}],"event_choices":[{"cards_removed":["Strike_B"],"damage_healed":0,"gold_gain":0,"player_choice":"Purged","damage_taken":0,"max_hp_gain":0,"max_hp_loss":0,"event_name":"Purifier","floor":2,"gold_loss":0},{"damage_healed":0,"gold_gain":0,"player_choice":"Success","damage_taken":35,"relics_obtained":["Regal Pillow"],"max_hp_gain":0,"max_hp_loss":0,"event_name":"Scrap Ooze","floor":4,"gold_loss":0},{"damage_healed":0,"gold_gain":50,"player_choice":"Stole From Cult","damage_taken":0,"max_hp_gain":0,"max_hp_loss":0,"event_name":"Nest","floor":20,"gold_loss":0}],"is_beta":false,"boss_relics":[{"not_picked":["Eternal Feather","Snecko Eye"],"picked":"Pandora\u0027s Box"}],"items_purged_floors":[14,21],"is_endless":false,"potions_floor_spawned":[3,5,10,12,13,16,22,24],"killed_by":"Snake Plant","ascension_level":20}