{"gold_per_floor":[111,111,121,132,151,164,184,202,225,237,262,274,350,344,356,368],"floor_reached":16,"playtime":1010,"items_purged":[],"score":98,"play_id":"89a337eb-f89d-44e7-9685-e08d1c737805","local_time":"20181202215115","is_ascension_mode":false,"campfire_choices":[{"floor":10,"key":"REST"},{"floor":15,"key":"REST"}],"neow_cost":"NONE","seed_source_timestamp":28735988861555,"circlet_count":0,"master_deck":["Defend_G","Defend_G","Defend_G","Defend_G","Defend_G","Strike_G","Strike_G","Strike_G","Strike_G","Survivor","Neutralize","Riddle With Holes","PiercingWail","Outmaneuver","Dagger Throw","Heel Hook","Dagger Throw","Sucker Punch","Finisher"],"relics":["Ring of the Snake","NeowsBlessing","MawBank","Blood Vial"],"potions_floor_usage":[13,16,16,16],"damage_taken":[{"damage":0,"enemies":"Small Slimes","floor":1,"turns":1},{"damage":0,"enemies":"Cultist","floor":3,"turns":1},{"damage":0,"enemies":"Jaw Worm","floor":4,"turns":1},{"damage":8,"enemies":"Large Slime","floor":5,"turns":9},{"damage":16,"enemies":"Exordium Thugs","floor":6,"turns":6},{"damage":11,"enemies":"Lots of Slimes","floor":7,"turns":4},{"damage":6,"enemies":"Exordium Wildlife","floor":8,"turns":5},{"damage":6,"enemies":"3 Louse","floor":11,"turns":3},{"damage":22,"enemies":"3 Sentries","floor":13,"turns":6},{"damage":11,"enemies":"Exordium Thugs","floor":14,"turns":4},{"damage":39,"enemies":"Hexaghost","floor":16,"turns":9}],"seed_played":"4623034645369133691","potions_obtained":[{"floor":5,"key":"FearPotion"},{"floor":7,"key":"AttackPotion"},{"floor":13,"key":"SteroidPotion"},{"floor":14,"key":"GhostInAJar"}],"is_trial":false,"path_per_floor":["M","?","M","M","M","M","M","M","T","R","M","?","?","M","R","B"],"character_chosen":"THE_SILENT","items_purchased":[],"campfire_rested":2,"item_purchase_floors":[],"current_hp_per_floor":[70,70,70,70,62,46,35,29,29,50,44,44,22,13,34,0],"gold":368,"neow_bonus":"THREE_ENEMY_KILL","is_prod":false,"is_daily":false,"chose_seed":false,"campfire_upgraded":0,"win_rate":0.0,"timestamp":1543755075,"path_taken":["M","?","?","M","M","M","M","M","T","R","M","?","?","M","R","BOSS"],"build_version":"2018-11-15","purchased_purges":0,"victory":false,"max_hp_per_floor":[70,70,70,70,70,70,70,70,70,70,70,70,70,70,70,70],"card_choices":[{"not_picked":["Sucker Punch","Backflip","Catalyst"],"picked":"SKIP","floor":1},{"not_picked":["Dagger Throw","Leg Sweep"],"picked":"PiercingWail","floor":3},{"not_picked":["Backflip","Deflect","Slice"],"picked":"SKIP","floor":4},{"not_picked":["Bane","Dagger Throw"],"picked":"Outmaneuver","floor":5},{"not_picked":["Venomology","Outmaneuver"],"picked":"Dagger Throw","floor":6},{"not_picked":["Bane","Slice"],"picked":"Heel Hook","floor":7},{"not_picked":["Dagger Spray","Quick Slash"],"picked":"Dagger Throw","floor":8},{"not_picked":["Acrobatics","Bane","Deadly Poison"],"picked":"SKIP","floor":11},{"not_picked":["Dodge and Roll","Skewer"],"picked":"Sucker Punch","floor":13},{"not_picked":["Calculated Gamble","After Image"],"picked":"Finisher","floor":14}],"player_experience":67892,"relics_obtained":[{"floor":9,"key":"MawBank"},{"floor":13,"key":"Blood Vial"}],"event_choices":[{"damage_healed":0,"gold_gain":0,"cards_transformed":["Strike_G"],"player_choice":"Transformed","damage_taken":0,"max_hp_gain":0,"max_hp_loss":0,"event_name":"Transmorgrifier","floor":2,"gold_loss":0,"cards_obtained":["Riddle With Holes"]},{"damage_healed":0,"gold_gain":0,"player_choice":"Ignored","damage_taken":0,"max_hp_gain":0,"max_hp_loss":0,"event_name":"Golden Idol","floor":12,"gold_loss":0},{"damage_healed":0,"gold_gain":0,"player_choice":"Searched \u00271\u0027 times","damage_taken":0,"max_hp_gain":0,"max_hp_loss":0,"event_name":"Dead Adventurer","floor":13,"gold_loss":0}],"is_beta":false,"boss_relics":[],"items_purged_floors":[],"is_endless":false,"potions_floor_spawned":[5,7,13,14],"killed_by":"Hexaghost","ascension_level":0}