{"gold_per_floor":[116,116,127,127,145,145,169,169,192,216,216,216,241,274,274,274],"floor_reached":16,"playtime":603,"items_purged":[],"score":179,"play_id":"f8391663-2bda-45e0-8d1b-5d9cf2ee5c85","local_time":"20181128230111","is_ascension_mode":true,"campfire_choices":[{"data":"Fire Breathing","floor":6,"key":"SMITH"},{"data":"Bash","floor":8,"key":"SMITH"},{"data":"Shockwave","floor":12,"key":"SMITH"},{"data":"Shrug It Off","floor":15,"key":"SMITH"}],"neow_cost":"NONE","seed_source_timestamp":186235805279871,"circlet_count":0,"master_deck":["AscendersBane","Strike_R+1","Strike_R","Strike_R","Strike_R+1","Defend_R","Defend_R","Defend_R","Defend_R","Bash+1","Fire Breathing+1","Shrug It Off+1","Shockwave+1","Spot Weakness","Shrug It Off","Cleave"],"relics":["Burning Blood","Omamori","Golden Idol","Whetstone","Bronze Scales","Lantern"],"potions_floor_usage":[7,16],"damage_taken":[{"damage":0,"enemies":"Small Slimes","floor":1,"turns":3},{"damage":0,"enemies":"2 Louse","floor":3,"turns":4},{"damage":1,"enemies":"Jaw Worm","floor":5,"turns":6},{"damage":4,"enemies":"Exordium Thugs","floor":7,"turns":7},{"damage":4,"enemies":"Looter","floor":10,"turns":4},{"damage":2,"enemies":"Exordium Wildlife","floor":13,"turns":4},{"damage":25,"enemies":"Gremlin Nob","floor":14,"turns":5},{"damage":26,"enemies":"The Guardian","floor":16,"turns":9}],"seed_played":"-49639681234012501","potions_obtained":[{"floor":1,"key":"Explosive Potion"},{"floor":3,"key":"Explosive Potion"},{"floor":14,"key":"AttackPotion"}],"is_trial":false,"path_per_floor":["M","?","M","?","M","R","M","R","T","M","?","R","M","E","R","B"],"character_chosen":"IRONCLAD","items_purchased":[],"campfire_rested":0,"item_purchase_floors":[],"current_hp_per_floor":[74,74,75,49,54,54,56,56,56,58,40,40,44,25,25,0],"gold":274,"neow_bonus":"RANDOM_COMMON_RELIC","is_prod":false,"is_daily":false,"chose_seed":false,"campfire_upgraded":4,"win_rate":0,"timestamp":1543413671,"path_taken":["M","?","M","?","M","R","M","R","T","M","?","R","?","E","R","BOSS"],"build_version":"2018-11-15","purchased_purges":0,"victory":false,"max_hp_per_floor":[75,75,75,75,75,75,75,75,75,75,75,75,75,75,75,75],"card_choices":[{"not_picked":["Rage","Infernal Blade"],"picked":"Fire Breathing","floor":1},{"not_picked":["True Grit","Searing Blow"],"picked":"Shrug It Off","floor":3},{"not_picked":["Thunderclap","Cleave"],"picked":"Shockwave","floor":5},{"not_picked":["Thunderclap","Sword Boomerang"],"picked":"Spot Weakness","floor":7},{"not_picked":["Twin Strike","Rupture"],"picked":"Shrug It Off","floor":10},{"not_picked":["Rupture","Armaments"],"picked":"Cleave","floor":13},{"not_picked":["Clash","Armaments","Power Through"],"picked":"SKIP","floor":14}],"player_experience":2466329,"relics_obtained":[{"floor":9,"key":"Whetstone"},{"floor":14,"key":"Lantern"}],"event_choices":[{"cards_removed":["Strike_R"],"damage_healed":0,"gold_gain":0,"player_choice":"Forget","damage_taken":0,"max_hp_gain":0,"max_hp_loss":0,"event_name":"Living Wall","floor":2,"gold_loss":0},{"damage_healed":0,"gold_gain":0,"player_choice":"Take Damage","damage_taken":26,"relics_obtained":["Golden Idol"],"max_hp_gain":0,"max_hp_loss":0,"event_name":"Golden Idol","floor":4,"gold_loss":0},{"damage_healed":0,"gold_gain":0,"player_choice":"Success","damage_taken":18,"relics_obtained":["Bronze Scales"],"max_hp_gain":0,"max_hp_loss":0,"event_name":"Scrap Ooze","floor":11,"gold_loss":0}],"is_beta":true,"boss_relics":[],"items_purged_floors":[],"is_endless":false,"potions_floor_spawned":[1,3,14],"killed_by":"The Guardian","ascension_level":15}