{"gold_per_floor":[118,129,146,165,165,193,205,250,287,299,325,118,130,157,157,254,254,271,271,288,107,118,118,151,151,151,151,166,0,0,0,0,103,103,114,124,224,224,127,127,153,153,153,153],"floor_reached":44,"playtime":2287,"items_purged":["Strike_B","Strike_B","Decay"],"score":687,"play_id":"291ee3ed-6e2f-43d9-91eb-fa95bfa211ea","local_time":"20190424160311","is_ascension_mode":true,"campfire_choices":[{"data":"Go for the Eyes","floor":7,"key":"SMITH"},{"floor":10,"key":"REST"},{"data":"Loop","floor":15,"key":"SMITH"},{"data":"Defragment","floor":23,"key":"SMITH"},{"data":"Loop","floor":25,"key":"SMITH"},{"data":"Consume","floor":27,"key":"SMITH"},{"floor":32,"key":"REST"},{"floor":40,"key":"REST"}],"neow_cost":"NONE","seed_source_timestamp":59593421117534,"circlet_count":0,"master_deck":["Strike_B","Defend_B","Defend_B","Defend_B","Zap+1","Dualcast+1","Sweeping Beam","Leap+1","Go for the Eyes+1","Loop+1","Melter","Reinforced Body","Doom and Gloom","Consume+1","Glacier","Loop+1","Barrage","Electrodynamics","Ball Lightning+1","Conserve Battery","Defragment+1","Ball Lightning","Rebound","Turbo+1","Hologram","Buffer"],"relics":["Cracked Core","MawBank","War Paint","Strawberry","DataDisk","Snecko Eye","Ornamental Fan","Smiling Mask","Sozu","Shovel","Molten Egg 2","Cables","Letter Opener"],"potions_floor_usage":[6,6,14,18,41],"damage_taken":[{"damage":0,"enemies":"Cultist","floor":1,"turns":3},{"damage":6,"enemies":"2 Louse","floor":2,"turns":2},{"damage":0,"enemies":"Small Slimes","floor":3,"turns":3},{"damage":1,"enemies":"2 Fungi Beasts","floor":4,"turns":3},{"damage":24,"enemies":"3 Sentries","floor":6,"turns":4},{"damage":15,"enemies":"Lagavulin","floor":8,"turns":6},{"damage":6,"enemies":"Looter","floor":11,"turns":3},{"damage":0,"enemies":"Exordium Wildlife","floor":13,"turns":3},{"damage":8,"enemies":"3 Sentries","floor":14,"turns":8},{"damage":2,"enemies":"The Guardian","floor":16,"turns":9},{"damage":5,"enemies":"Spheric Guardian","floor":18,"turns":4},{"damage":18,"enemies":"2 Thieves","floor":20,"turns":3},{"damage":7,"enemies":"Chosen and Byrds","floor":22,"turns":4},{"damage":6,"enemies":"Book of Stabbing","floor":24,"turns":6},{"damage":13,"enemies":"Centurion and Healer","floor":28,"turns":4},{"damage":34,"enemies":"Collector","floor":33,"turns":12},{"damage":0,"enemies":"3 Shapes","floor":35,"turns":3},{"damage":30,"enemies":"3 Darklings","floor":36,"turns":7},{"damage":0,"enemies":"Mind Bloom Boss Battle","floor":37,"turns":4},{"damage":29,"enemies":"Giant Head","floor":41,"turns":9},{"damage":38,"enemies":"Nemesis","floor":44,"turns":7}],"seed_played":"4043082674760218308","potions_obtained":[{"floor":1,"key":"Strength Potion"},{"floor":4,"key":"SteroidPotion"},{"floor":8,"key":"AttackPotion"},{"floor":14,"key":"PowerPotion"},{"floor":16,"key":"Block Potion"},{"floor":22,"key":"Fire Potion"},{"floor":24,"key":"SteroidPotion"},{"floor":33,"key":"PowerPotion"}],"is_trial":false,"path_per_floor":["M","M","M","M","?","E","R","E","T","R","M","$","M","E","R","B",null,"M","?","M","$","M","R","E","R","T","R","M","?","$","?","R","B",null,"M","M","?","?","$","R","E","T","T","E"],"character_chosen":"DEFECT","items_purchased":["Glacier","Loop","Defragment","Hologram"],"campfire_rested":3,"item_purchase_floors":[12,12,21,39],"current_hp_per_floor":[68,62,62,61,61,37,37,22,29,53,47,47,47,39,39,37,71,66,66,48,48,41,41,35,35,35,35,22,22,22,22,46,12,65,65,35,35,35,35,59,30,30,30,0],"gold":153,"neow_bonus":"UPGRADE_CARD","is_prod":false,"is_daily":false,"chose_seed":false,"campfire_upgraded":5,"win_rate":0,"timestamp":1556114591,"path_taken":["M","?","M","?","?","E","R","E","T","R","M","$","?","E","R","BOSS","M","?","M","$","?","R","E","R","T","R","M","?","$","?","R","BOSS","M","M","?","?","$","R","E","?","T","E"],"build_version":"2019-01-23","purchased_purges":3,"victory":false,"max_hp_per_floor":[75,75,75,75,75,75,75,75,82,82,82,82,82,82,82,82,82,82,82,82,82,82,82,82,82,82,82,82,82,82,82,82,82,82,82,82,82,82,82,82,82,82,82,82],"card_choices":[{"not_picked":["Hello World","Barrage"],"picked":"Sweeping Beam","floor":1},{"not_picked":["Auto Shields","Recycle","Leap"],"picked":"SKIP","floor":2},{"not_picked":["Auto Shields","Recycle"],"picked":"Leap","floor":2},{"not_picked":["Turbo","Compile Driver"],"picked":"Go for the Eyes","floor":3},{"not_picked":["Steam","Go for the Eyes"],"picked":"Loop","floor":4},{"not_picked":["Cold Snap","Sunder"],"picked":"Reinforced Body","floor":6},{"not_picked":["FTL","Streamline"],"picked":"Doom and Gloom","floor":8},{"not_picked":["Storm","Coolheaded"],"picked":"Consume","floor":11},{"not_picked":["Glacier","Chaos","Fission"],"picked":"SKIP","floor":13},{"not_picked":["Gash","Reinforced Body"],"picked":"Barrage","floor":14},{"not_picked":["Meteor Strike","Machine Learning"],"picked":"Electrodynamics","floor":16},{"not_picked":["Recycle","Coolheaded"],"picked":"Ball Lightning+1","floor":18},{"not_picked":["Steam Power","Glacier"],"picked":"Conserve Battery","floor":20},{"not_picked":["Beam Cell","Sweeping Beam"],"picked":"Ball Lightning","floor":22},{"not_picked":["Go for the Eyes","Compile Driver"],"picked":"Rebound","floor":24},{"not_picked":["Skim","Scrape+1","All For One"],"picked":"SKIP","floor":28},{"not_picked":["Ball Lightning","Leap+1","Melter+1"],"picked":"SKIP","floor":35},{"not_picked":["Compile Driver","Stack","Aggregate"],"picked":"SKIP","floor":36},{"not_picked":["Hello World","Conserve Battery+1"],"picked":"Turbo+1","floor":37},{"not_picked":["Rebound+1","Compile Driver+1"],"picked":"Buffer","floor":41}],"player_experience":486808,"relics_obtained":[{"floor":6,"key":"MawBank"},{"floor":8,"key":"War Paint"},{"floor":9,"key":"Strawberry"},{"floor":14,"key":"DataDisk"},{"floor":24,"key":"Smiling Mask"},{"floor":37,"key":"Shovel"},{"floor":41,"key":"Molten Egg 2"},{"floor":42,"key":"Cables"},{"floor":43,"key":"Letter Opener"}],"event_choices":[{"damage_healed":0,"gold_gain":0,"cards_transformed":["Strike_B"],"player_choice":"Transformed","damage_taken":0,"max_hp_gain":0,"max_hp_loss":0,"event_name":"Transmorgrifier","floor":5,"gold_loss":0,"cards_obtained":["Melter"]},{"damage_healed":0,"gold_gain":0,"player_choice":"Gave Potion","damage_taken":0,"relics_obtained":["Ornamental Fan"],"max_hp_gain":0,"max_hp_loss":0,"event_name":"WeMeetAgain","floor":19,"gold_loss":0},{"damage_healed":0,"gold_gain":0,"player_choice":"Paid Fearfully","damage_taken":0,"max_hp_gain":0,"max_hp_loss":0,"event_name":"Masked Bandits","floor":29,"gold_loss":166},{"damage_healed":0,"gold_gain":0,"player_choice":"Smashed Altar","damage_taken":0,"max_hp_gain":0,"max_hp_loss":0,"event_name":"Forgotten Altar","floor":31,"gold_loss":0,"cards_obtained":["Decay"]},{"damage_healed":0,"gold_gain":0,"player_choice":"Fight","damage_taken":0,"max_hp_gain":0,"max_hp_loss":0,"event_name":"MindBloom","floor":37,"gold_loss":0},{"cards_removed":["Defend_B"],"damage_healed":0,"gold_gain":0,"player_choice":"Removed Skill","damage_taken":0,"max_hp_gain":0,"max_hp_loss":0,"event_name":"Falling","floor":38,"gold_loss":0}],"is_beta":false,"boss_relics":[{"not_picked":["White Beast Statue","Empty Cage"],"picked":"Snecko Eye"},{"not_picked":["Busted Crown","Orrery"],"picked":"Sozu"}],"items_purged_floors":[12,21,39],"is_endless":false,"potions_floor_spawned":[1,4,8,14,16,22,24,33,35],"killed_by":"Nemesis","ascension_level":9}