{"gold_per_floor":[19,19,19,30,45,45,45,60,107,107,137,137,149,149,149,149],"floor_reached":16,"playtime":656,"items_purged":[],"score":170,"play_id":"b0190d47-4d19-42fc-b959-a99cec38079a","local_time":"20190208150455","is_ascension_mode":true,"campfire_choices":[{"data":"Neutralize","floor":6,"key":"SMITH"},{"data":"Footwork","floor":10,"key":"SMITH"},{"data":"Madness","floor":15,"key":"SMITH"}],"neow_cost":"NO_GOLD","seed_source_timestamp":2506557929405675,"circlet_count":0,"master_deck":["AscendersBane","Defend_G","Defend_G","Defend_G","Defend_G","Defend_G","Strike_G","Strike_G","Survivor","Neutralize+1","Infinite Blades","Infinite Blades","Cloak And Dagger","Flechettes","Deadly Poison","Footwork+1","Masterful Stab","Prepared","Madness+1"],"relics":["Ring of the Snake","Strawberry","Orichalcum"],"potions_floor_usage":[11],"damage_taken":[{"damage":3,"enemies":"2 Louse","floor":1,"turns":4},{"damage":1,"enemies":"Small Slimes","floor":4,"turns":5},{"damage":8,"enemies":"Jaw Worm","floor":5,"turns":5},{"damage":1,"enemies":"Looter","floor":8,"turns":4},{"damage":16,"enemies":"Gremlin Nob","floor":11,"turns":5},{"damage":2,"enemies":"Red Slaver","floor":13,"turns":4},{"damage":34,"enemies":"Hexaghost","floor":16,"turns":14}],"seed_played":"8858727271277090635","potions_obtained":[{"floor":1,"key":"AttackPotion"},{"floor":5,"key":"Energy Potion"},{"floor":13,"key":"Ancient Potion"}],"is_trial":false,"path_per_floor":["M","?","?","M","M","R","$","M","T","R","E","?","M","?","R","B"],"character_chosen":"THE_SILENT","items_purchased":[],"campfire_rested":0,"item_purchase_floors":[],"current_hp_per_floor":[56,56,61,60,52,52,52,51,58,58,42,35,33,33,33,0],"gold":149,"neow_bonus":"TRANSFORM_TWO_CARDS","is_prod":false,"is_daily":false,"chose_seed":false,"campfire_upgraded":3,"win_rate":0,"timestamp":1549605895,"path_taken":["M","?","?","M","M","R","$","?","T","R","E","?","M","?","R","BOSS"],"build_version":"2019-01-23","purchased_purges":0,"victory":false,"max_hp_per_floor":[66,66,71,71,71,71,71,71,78,78,78,78,78,78,78,78],"card_choices":[{"not_picked":["Leg Sweep","Slice"],"picked":"Cloak And Dagger","floor":1},{"not_picked":["Acrobatics","Bane"],"picked":"Flechettes","floor":4},{"not_picked":["Cloak And Dagger","Dodge and Roll"],"picked":"Deadly Poison","floor":5},{"not_picked":["Quick Slash","Blade Dance"],"picked":"Footwork","floor":8},{"not_picked":["Setup","Skewer"],"picked":"Masterful Stab","floor":11},{"not_picked":["Caltrops","Slice"],"picked":"Prepared","floor":13}],"player_experience":569136,"relics_obtained":[{"floor":9,"key":"Strawberry"},{"floor":11,"key":"Orichalcum"}],"event_choices":[{"damage_healed":0,"gold_gain":0,"player_choice":"Ignored","damage_taken":0,"max_hp_gain":0,"max_hp_loss":0,"event_name":"Liars Game","floor":2,"gold_loss":0},{"damage_healed":0,"gold_gain":0,"player_choice":"Donut","damage_taken":0,"max_hp_gain":5,"max_hp_loss":0,"event_name":"Big Fish","floor":3,"gold_loss":0},{"cards_removed":["Strike_G"],"damage_healed":0,"gold_gain":0,"player_choice":"Card Removal","damage_taken":7,"max_hp_gain":0,"max_hp_loss":0,"event_name":"Golden Wing","floor":12,"gold_loss":0},{"damage_healed":0,"gold_gain":0,"player_choice":"1 cards matched","damage_taken":0,"max_hp_gain":0,"max_hp_loss":0,"event_name":"Match and Keep!","floor":14,"gold_loss":0,"cards_obtained":["Madness"]}],"is_beta":false,"boss_relics":[],"items_purged_floors":[],"is_endless":false,"potions_floor_spawned":[1,5,8,13],"killed_by":"Hexaghost","ascension_level":14}