{"gold_per_floor":[109,109,34,34,5,5,18,53,76,76,96,117,117,142,142,233,233,258,258,238,219,242,276,288,300,312,324,350,362,390,421,433,445],"floor_reached":33,"playtime":2317,"items_purged":[],"score":494,"play_id":"3c486ce4-e921-44af-8e48-4de8718eba62","local_time":"20190412134040","is_ascension_mode":true,"campfire_choices":[{"data":"Outmaneuver","floor":6.0,"key":"SMITH"},{"data":"Well Laid Plans","floor":10.0,"key":"SMITH"},{"data":"Neutralize","floor":13.0,"key":"SMITH"},{"data":"Noxious Fumes","floor":15.0,"key":"SMITH"},{"data":"Bullet Time","floor":24.0,"key":"SMITH"},{"data":"Footwork","floor":27.0,"key":"SMITH"},{"floor":29.0,"key":"REST"},{"data":"Well Laid Plans","floor":32.0,"key":"SMITH"}],"neow_cost":"NONE","seed_source_timestamp":3759889892415860,"circlet_count":0,"master_deck":["AscendersBane","Defend_G","Defend_G","Defend_G","Defend_G","Defend_G","Strike_G","Strike_G","Strike_G","Strike_G","Survivor","Neutralize+1","Predator","Outmaneuver+1","Dodge and Roll","Well Laid Plans+1","Noxious Fumes+1","Well Laid Plans+1","Bullet Time+1","Footwork+1","Backflip","PiercingWail","RitualDagger","After Image","Outmaneuver+1","Backflip"],"special_seed":0,"relics":["Ring of the Snake","Blood Vial","Golden Idol","Bag of Marbles","Orrery","MawBank","Turnip"],"potions_floor_usage":[33],"damage_taken":[{"damage":3.0,"enemies":"Jaw Worm","floor":1.0,"turns":4.0},{"damage":0.0,"enemies":"2 Louse","floor":7.0,"turns":3.0},{"damage":23.0,"enemies":"Gremlin Nob","floor":8.0,"turns":4.0},{"damage":1.0,"enemies":"Small Slimes","floor":11.0,"turns":6.0},{"damage":0.0,"enemies":"Looter","floor":12.0,"turns":4.0},{"damage":9.0,"enemies":"Red Slaver","floor":14.0,"turns":5.0},{"damage":32.0,"enemies":"The Guardian","floor":16.0,"turns":11.0},{"damage":6.0,"enemies":"Spheric Guardian","floor":18.0,"turns":9.0},{"damage":0.0,"enemies":"2 Thieves","floor":21.0,"turns":4.0},{"damage":26.0,"enemies":"Cultist and Chosen","floor":22.0,"turns":10.0},{"damage":14.0,"enemies":"Book of Stabbing","floor":23.0,"turns":8.0},{"damage":2.0,"enemies":"Centurion and Healer","floor":28.0,"turns":13.0},{"damage":12.0,"enemies":"Snecko","floor":30.0,"turns":10.0},{"damage":7.0,"enemies":"Shelled Parasite and Fungi","floor":31.0,"turns":9.0},{"damage":40,"enemies":"Collector","floor":33,"turns":5}],"seed_played":"-7983878925305362244","potions_obtained":[{"floor":1.0,"key":"Explosive Potion"},{"floor":11.0,"key":"PowerPotion"},{"floor":16.0,"key":"GamblersBrew"},{"floor":20.0,"key":"Fruit Juice"},{"floor":23.0,"key":"GhostInAJar"},{"floor":28.0,"key":"Regen Potion"},{"floor":31.0,"key":"Weak Potion"}],"is_trial":false,"path_per_floor":["M","?","?","?","$","R","M","E","T","R","M","M","R","M","R","B",null,"M","?","?","M","M","E","R","$","T","R","M","R","M","M","R","B"],"character_chosen":"THE_SILENT","items_purchased":["Outmaneuver"],"campfire_rested":1,"item_purchase_floors":[5],"current_hp_per_floor":[58,58,58,63,63,63,65,42,42,42,43,45,45,38,38,8,51,47,41,46,48,24,12,12,12,12,12,12,33,38,33,33,0],"gold":445,"neow_bonus":"RANDOM_COMMON_RELIC","is_prod":false,"is_daily":false,"chose_seed":false,"campfire_upgraded":7,"win_rate":0,"timestamp":1555044040,"path_taken":["M","?","?","?","$","R","M","E","T","R","M","M","R","M","R","BOSS","M","?","?","M","M","E","R","$","T","R","M","R","M","?","R","BOSS"],"build_version":"2019-04-04","purchased_purges":0,"victory":false,"max_hp_per_floor":[66,60,60,65,65,65,65,65,65,65,65,65,65,65,65,65,65,65,65,70,70,70,70,70,70,70,70,70,70,70,70,70,70],"card_choices":[{"not_picked":["Dash","Setup"],"picked":"Predator","floor":1.0},{"not_picked":["Poisoned Stab","Outmaneuver"],"picked":"Dodge and Roll","floor":7.0},{"not_picked":["Acrobatics","Leg Sweep"],"picked":"Well Laid Plans","floor":8.0},{"not_picked":["PiercingWail","Quick Slash"],"picked":"Noxious Fumes","floor":11.0},{"not_picked":["Blade Dance","Skewer"],"picked":"Well Laid Plans","floor":12.0},{"not_picked":["Riddle With Holes","Accuracy","Blade Dance"],"picked":"SKIP","floor":14.0},{"not_picked":["Doppelganger","A Thousand Cuts"],"picked":"Bullet Time","floor":16.0},{"not_picked":["Underhanded Strike","Bouncing Flask"],"picked":"Footwork","floor":17.0},{"not_picked":["Tactician","Poisoned Stab"],"picked":"Backflip","floor":17.0},{"not_picked":["Acrobatics","Deadly Poison"],"picked":"PiercingWail","floor":17.0},{"not_picked":["Dagger Throw","Heel Hook","All Out Attack"],"picked":"SKIP","floor":18.0},{"not_picked":["Underhanded Strike","PiercingWail+1"],"picked":"After Image","floor":21.0},{"not_picked":["Bane","Blade Dance","Dodge and Roll"],"picked":"SKIP","floor":22.0},{"not_picked":["Underhanded Strike","Flying Knee+1"],"picked":"Outmaneuver+1","floor":23.0},{"not_picked":["Masterful Stab","Dagger Spray"],"picked":"Backflip","floor":28.0},{"not_picked":["Terror","Deflect","Riddle With Holes"],"picked":"SKIP","floor":30.0},{"not_picked":["Masterful Stab","Bane","Outmaneuver"],"picked":"SKIP","floor":31.0}],"player_experience":2908178,"relics_obtained":[{"floor":8.0,"key":"Bag of Marbles"},{"floor":23.0,"key":"MawBank"},{"floor":26.0,"key":"Turnip"}],"event_choices":[{"damage_healed":0.0,"max_hp_gain":0.0,"max_hp_loss":6.0,"gold_gain":0.0,"event_name":"Golden Idol","player_choice":"Lose Max HP","floor":2.0,"gold_loss":0.0,"damage_taken":0.0,"relics_obtained":["Golden Idol"]},{"cards_removed":["Strike_G"],"damage_healed":0.0,"max_hp_gain":0.0,"max_hp_loss":0.0,"gold_gain":0.0,"event_name":"The Cleric","player_choice":"Card Removal","floor":3.0,"gold_loss":75.0,"damage_taken":0.0},{"damage_healed":0.0,"max_hp_gain":5.0,"max_hp_loss":0.0,"gold_gain":0.0,"event_name":"Big Fish","player_choice":"Donut","floor":4.0,"gold_loss":0.0,"damage_taken":0.0},{"damage_healed":0.0,"max_hp_gain":0.0,"max_hp_loss":0.0,"gold_gain":0.0,"event_name":"Nest","player_choice":"Joined the Cult","floor":19.0,"gold_loss":0.0,"damage_taken":6.0,"cards_obtained":["RitualDagger"]},{"damage_healed":0.0,"max_hp_gain":0.0,"max_hp_loss":0.0,"gold_gain":0.0,"event_name":"The Woman in Blue","player_choice":"Bought 1 Potion","floor":20.0,"gold_loss":0.0,"damage_taken":0.0}],"is_beta":true,"boss_relics":[{"not_picked":["Busted Crown","Tiny House"],"picked":"Orrery"}],"items_purged_floors":[],"is_endless":false,"potions_floor_spawned":[1,11,16,23,28,31],"killed_by":"Collector","ascension_level":17}