{"gold_per_floor":[116,116,126,142,158,158,192,217,229,64,64,75,75,94,94,94],"floor_reached":16,"playtime":566,"items_purged":["Strike_R"],"score":192,"play_id":"e5c5bb20-5e4c-4633-a865-c92d67613179","local_time":"20190329160423","is_ascension_mode":true,"campfire_choices":[{"data":"Body Slam","floor":6,"key":"SMITH"},{"data":"True Grit","floor":13,"key":"SMITH"},{"data":"Bash","floor":15,"key":"SMITH"}],"neow_cost":"NONE","seed_source_timestamp":2560846018063233,"circlet_count":0,"master_deck":["AscendersBane","Strike_R","Strike_R","Strike_R","Defend_R","Defend_R","Defend_R","Defend_R","Bash+1","Cleave","Body Slam+1","Twin Strike","Pommel Strike","True Grit+1","Shrug It Off","Panacea","Battle Trance"],"relics":["Burning Blood","Lantern","MawBank","Question Card"],"potions_floor_usage":[7,16,16],"damage_taken":[{"damage":9,"enemies":"Jaw Worm","floor":1,"turns":5},{"damage":7,"enemies":"2 Louse","floor":3,"turns":2},{"damage":5,"enemies":"Small Slimes","floor":4,"turns":4},{"damage":7,"enemies":"Looter","floor":5,"turns":3},{"damage":8,"enemies":"Gremlin Nob","floor":7,"turns":3},{"damage":19,"enemies":"Large Slime","floor":8,"turns":5},{"damage":0,"enemies":"Exordium Wildlife","floor":12,"turns":3},{"damage":7,"enemies":"Exordium Thugs","floor":14,"turns":4},{"damage":47,"enemies":"Hexaghost","floor":16,"turns":11}],"seed_played":"-4337194807965140366","potions_obtained":[{"floor":3,"key":"AttackPotion"},{"floor":7,"key":"Poison Potion"},{"floor":8,"key":"FairyPotion"},{"floor":12,"key":"Poison Potion"}],"is_trial":false,"path_per_floor":["M","?","M","M","M","R","E","M","T","$","?","M","R","M","R","B"],"character_chosen":"IRONCLAD","items_purchased":["Panacea"],"campfire_rested":0,"item_purchase_floors":[10],"current_hp_per_floor":[65,58,57,58,57,57,55,42,42,42,42,48,48,47,47,0],"gold":94,"neow_bonus":"RANDOM_COMMON_RELIC","is_prod":false,"is_daily":false,"chose_seed":false,"campfire_upgraded":3,"win_rate":0,"timestamp":1553843063,"path_taken":["M","?","M","M","M","R","E","M","T","$","?","M","R","M","R","BOSS"],"build_version":"2019-03-15","purchased_purges":1,"victory":false,"max_hp_per_floor":[75,75,75,75,75,75,75,75,75,75,75,75,75,75,75,75],"card_choices":[{"not_picked":["Body Slam","Heavy Blade"],"picked":"Cleave","floor":1},{"not_picked":["Fire Breathing","Pommel Strike"],"picked":"Body Slam","floor":3},{"not_picked":["Anger","Sword Boomerang"],"picked":"Twin Strike","floor":4},{"not_picked":["Clash","Anger"],"picked":"Pommel Strike","floor":5},{"not_picked":["Pommel Strike","Warcry"],"picked":"True Grit","floor":7},{"not_picked":["Bloodletting","Heavy Blade"],"picked":"Shrug It Off","floor":8},{"not_picked":["Brutality","Flex","Sword Boomerang"],"picked":"Battle Trance","floor":12},{"not_picked":["Metallicize","Reckless Charge","Perfected Strike","Rupture"],"picked":"SKIP","floor":14}],"player_experience":2758006,"relics_obtained":[{"floor":7,"key":"MawBank"},{"floor":9,"key":"Question Card"}],"event_choices":[{"cards_removed":["Strike_R"],"damage_healed":0,"gold_gain":0,"player_choice":"Card Removal","damage_taken":7,"max_hp_gain":0,"max_hp_loss":0,"event_name":"Golden Wing","floor":2,"gold_loss":0},{"damage_healed":0,"gold_gain":0,"player_choice":"Ignored","damage_taken":0,"max_hp_gain":0,"max_hp_loss":0,"event_name":"Liars Game","floor":11,"gold_loss":0}],"is_beta":true,"boss_relics":[],"items_purged_floors":[10],"is_endless":false,"potions_floor_spawned":[3,7,8,12],"killed_by":"Hexaghost","ascension_level":17}