{"gold_per_floor":[109,109,109,284,284,327,327,340,340,415,454,454,454,477,477,571,571,592,467,467,321,346,346,360,360,430,473,494,521,521,292,292,292],"floor_reached":33,"playtime":1538,"items_purged":["Regret","Doubt"],"score":500,"play_id":"69d49b9c-c8cc-4065-9497-329a88b8cbbc","local_time":"20190509181858","is_ascension_mode":true,"campfire_choices":[{"data":"Corruption","floor":7,"key":"SMITH"},{"floor":13,"key":"REST"},{"floor":15,"key":"REST"},{"floor":23,"key":"REST"},{"data":"Warcry","floor":25,"key":"SMITH"},{"floor":30,"key":"REST"},{"floor":32,"key":"REST"}],"neow_cost":"NONE","seed_source_timestamp":2421003396889066,"circlet_count":0,"master_deck":["AscendersBane","Strike_R","Strike_R","Strike_R","Strike_R","Strike_R","Defend_R","Defend_R","Defend_R","Defend_R","Bash","Corruption+1","Pummel","Infernal Blade","Flame Barrier","Impervious","Havoc","Shrug It Off","Warcry+1","Shrug It Off","Limit Break","Corruption"],"relics":["Burning Blood","NeowsBlessing","Golden Idol","Centennial Puzzle","PreservedInsect","Blue Candle","Meat on the Bone","Mercury Hourglass","Lizard Tail","Dodecahedron","Smiling Mask","Red Skull"],"potions_floor_usage":[11,16,18,24,24,33],"damage_taken":[{"damage":0,"enemies":"Jaw Worm","floor":1,"turns":1},{"damage":0,"enemies":"Lagavulin","floor":6,"turns":1},{"damage":0,"enemies":"Small Slimes","floor":8,"turns":1},{"damage":34,"enemies":"Gremlin Nob","floor":11,"turns":4},{"damage":2,"enemies":"2 Louse","floor":14,"turns":2},{"damage":39,"enemies":"Slime Boss","floor":16,"turns":13},{"damage":35,"enemies":"Chosen","floor":18,"turns":6},{"damage":1,"enemies":"Spheric Guardian","floor":22,"turns":3},{"damage":13,"enemies":"3 Cultists","floor":24,"turns":6},{"damage":39,"enemies":"Book of Stabbing","floor":27,"turns":6},{"damage":42,"enemies":"Centurion and Healer","floor":28,"turns":8},{"damage":153,"enemies":"Champ","floor":33,"turns":13}],"seed_played":"-4407921950628402669","potions_obtained":[{"floor":6,"key":"BloodPotion"},{"floor":11,"key":"AttackPotion"},{"floor":14,"key":"Explosive Potion"},{"floor":16,"key":"Energy Potion"},{"floor":20,"key":"PowerPotion"},{"floor":28,"key":"Strength Potion"}],"is_trial":false,"path_per_floor":["M","$","?","?","?","E","R","M","T","?","E","?","R","M","R","B",null,"M","$","?","$","M","R","M","R","T","E","M","T","R","$","R","B"],"character_chosen":"IRONCLAD","items_purchased":["Shrug It Off","Warcry","Limit Break","Corruption"],"campfire_rested":5,"item_purchase_floors":[19,21,31,31],"current_hp_per_floor":[74,74,56,56,56,62,62,68,68,57,36,18,40,44,66,45,68,51,51,51,51,56,75,68,68,68,47,23,23,45,45,67,0],"gold":292,"neow_bonus":"THREE_ENEMY_KILL","is_prod":false,"is_daily":false,"chose_seed":false,"campfire_upgraded":2,"win_rate":0,"timestamp":1557415138,"path_taken":["M","$","?","?","?","E","R","?","T","?","E","?","R","M","R","BOSS","M","$","?","?","M","R","?","R","T","E","M","?","R","$","R","BOSS"],"build_version":"2019-01-23","purchased_purges":2,"victory":false,"max_hp_per_floor":[75,75,75,75,75,75,75,75,75,75,75,75,75,75,75,75,75,75,75,75,75,75,75,75,75,75,75,75,75,75,75,75,75],"card_choices":[{"not_picked":["Thunderclap","Anger","Flex"],"picked":"SKIP","floor":1},{"not_picked":["Heavy Blade","Iron Wave"],"picked":"Corruption","floor":6},{"not_picked":["Anger","Sword Boomerang"],"picked":"Pummel","floor":8},{"not_picked":["Anger","Corruption"],"picked":"Infernal Blade","floor":11},{"not_picked":["Sword Boomerang","Reaper"],"picked":"Flame Barrier","floor":14},{"not_picked":["Feed","Barricade"],"picked":"Impervious","floor":16},{"not_picked":["Power Through","Iron Wave"],"picked":"Havoc","floor":18},{"not_picked":["Clothesline","Clash","Searing Blow"],"picked":"SKIP","floor":22},{"not_picked":["True Grit","Armaments","Iron Wave"],"picked":"SKIP","floor":24},{"not_picked":["Havoc","Feed"],"picked":"Shrug It Off","floor":27},{"not_picked":["Anger","Body Slam","True Grit"],"picked":"SKIP","floor":28}],"player_experience":1319573,"relics_obtained":[{"floor":6,"key":"PreservedInsect"},{"floor":9,"key":"Blue Candle"},{"floor":11,"key":"Meat on the Bone"},{"floor":26,"key":"Dodecahedron"},{"floor":27,"key":"Smiling Mask"},{"floor":29,"key":"Red Skull"}],"event_choices":[{"damage_healed":0,"gold_gain":0,"player_choice":"Take Damage","damage_taken":18,"relics_obtained":["Golden Idol"],"max_hp_gain":0,"max_hp_loss":0,"event_name":"Golden Idol","floor":3,"gold_loss":0},{"damage_healed":0,"gold_gain":175,"player_choice":"AGREE","damage_taken":0,"max_hp_gain":0,"max_hp_loss":0,"event_name":"Liars Game","floor":4,"gold_loss":0,"cards_obtained":["Doubt"]},{"damage_healed":0,"gold_gain":0,"player_choice":"Box","damage_taken":0,"relics_obtained":["Centennial Puzzle"],"max_hp_gain":0,"max_hp_loss":0,"event_name":"Big Fish","floor":5,"gold_loss":0,"cards_obtained":["Regret"]},{"damage_healed":0,"gold_gain":75,"player_choice":"Gather Gold","damage_taken":11,"max_hp_gain":0,"max_hp_loss":0,"event_name":"World of Goop","floor":10,"gold_loss":0},{"damage_healed":0,"gold_gain":0,"player_choice":"Success","damage_taken":18,"relics_obtained":["Mercury Hourglass"],"max_hp_gain":0,"max_hp_loss":0,"event_name":"Scrap Ooze","floor":12,"gold_loss":0},{"damage_healed":0,"gold_gain":0,"player_choice":"Got Potions","damage_taken":0,"max_hp_gain":0,"max_hp_loss":0,"event_name":"Lab","floor":20,"gold_loss":0}],"is_beta":false,"boss_relics":[{"not_picked":["Eternal Feather","Pandora\u0027s Box"],"picked":"Lizard Tail"}],"items_purged_floors":[19,21],"is_endless":false,"potions_floor_spawned":[6,11,14,16,22,28],"killed_by":"Champ","ascension_level":14}