{"gold_per_floor":[109,34,84,95,106,106,66,66,66,66,66,92,111,76,76,154,154,154,154,102,115,15,15,42,57,57,15,15,15,45,57,57,131,131,150,150,50,66,31,31,61,61,61,61,72,72,72,72],"floor_reached":48,"playtime":2495,"items_purged":["Regret","Strike_G","Strike_G"],"score":952,"play_id":"157579bf-1dc8-4251-b69c-97151ab35d95","local_time":"20190527123516","is_ascension_mode":true,"campfire_choices":[{"data":"Neutralize","floor":6.0,"key":"SMITH"},{"data":"Outmaneuver","floor":8.0,"key":"SMITH"},{"data":"Cloak And Dagger","floor":10.0,"key":"SMITH"},{"data":"Cloak And Dagger","floor":15.0,"key":"SMITH"},{"data":"A Thousand Cuts","floor":23.0,"key":"SMITH"},{"floor":29.0,"key":"REST"},{"floor":32.0,"key":"REST"},{"floor":40.0,"key":"REST"},{"data":"Footwork","floor":42.0,"key":"SMITH"},{"data":"Night Terror","floor":44.0,"key":"SMITH"},{"floor":46.0,"key":"REST"}],"neow_cost":"CURSE","seed_source_timestamp":704836509192772,"circlet_count":0,"master_deck":["AscendersBane","Strike_G","Strike_G","Strike_G","Defend_G","Defend_G+1","Defend_G","Defend_G+1","Defend_G","Survivor","Neutralize+1","Cloak And Dagger+1","Outmaneuver+1","Night Terror+1","Cloak And Dagger+1","A Thousand Cuts+1","Deflect","Infinite Blades","Infinite Blades","Unload","Madness","Madness","Terror+1","Accuracy","Footwork+1","Storm of Steel+1"],"special_seed":0,"relics":["Ring of the Snake","Unceasing Top","PreservedInsect","Ancient Tea Set","Lizard Tail","Gremlin Horn","Ninja Scroll","The Courier","Red Mask","Sozu","Toxic Egg 2","Bottled Lightning"],"potions_floor_usage":[],"damage_taken":[{"damage":5.0,"enemies":"Small Slimes","floor":1.0,"turns":6.0},{"damage":4.0,"enemies":"Cultist","floor":4.0,"turns":4.0},{"damage":0.0,"enemies":"Jaw Worm","floor":5.0,"turns":6.0},{"damage":0.0,"enemies":"Looter","floor":7.0,"turns":4.0},{"damage":17.0,"enemies":"Lagavulin","floor":12.0,"turns":11.0},{"damage":4.0,"enemies":"3 Louse","floor":13.0,"turns":4.0},{"damage":19.0,"enemies":"The Guardian","floor":16.0,"turns":18.0},{"damage":0.0,"enemies":"Chosen","floor":18.0,"turns":3.0},{"damage":7.0,"enemies":"Spheric Guardian","floor":21.0,"turns":6.0},{"damage":14.0,"enemies":"Gremlin Leader","floor":24.0,"turns":6.0},{"damage":16.0,"enemies":"Centurion and Healer","floor":25.0,"turns":10.0},{"damage":0.0,"enemies":"Snake Plant","floor":28.0,"turns":1.0},{"damage":0.0,"enemies":"Masked Bandits","floor":30.0,"turns":2.0},{"damage":27.0,"enemies":"Chosen and Byrds","floor":31.0,"turns":5.0},{"damage":58.0,"enemies":"Champ","floor":33.0,"turns":13.0},{"damage":6.0,"enemies":"Orb Walker","floor":35.0,"turns":4.0},{"damage":6.0,"enemies":"3 Darklings","floor":38.0,"turns":5.0},{"damage":3.0,"enemies":"Giant Head","floor":41.0,"turns":5.0},{"damage":13.0,"enemies":"Spire Growth","floor":45.0,"turns":4.0},{"damage":4.0,"enemies":"Writhing Mass","floor":47.0,"turns":3.0},{"damage":75,"enemies":"Nemesis","floor":48,"turns":6}],"seed_played":"3829324423709413034","potions_obtained":[{"floor":1.0,"key":"Dexterity Potion"},{"floor":16.0,"key":"SmokeBomb"},{"floor":21.0,"key":"SmokeBomb"},{"floor":24.0,"key":"SkillPotion"},{"floor":31.0,"key":"SmokeBomb"},{"floor":33.0,"key":"AttackPotion"}],"is_trial":false,"path_per_floor":["M","$","?","M","M","R","M","R","T","R","?","E","M","?","R","B",null,"M","?","?","M","$","R","E","M","T","$","M","R","?","M","R","B",null,"M","?","$","M","$","R","E","R","T","R","M","R","M","E"],"character_chosen":"THE_SILENT","items_purchased":["SteroidPotion","Accuracy"],"campfire_rested":4,"item_purchase_floors":[27,39],"current_hp_per_floor":[54,54,54,50,50,50,50,50,50,50,30,13,9,25,25,6,51,51,51,51,44,44,44,30,14,14,14,14,33,33,6,25,2,50,44,32,32,26,26,45,42,42,42,42,29,48,44,0],"gold":72,"neow_bonus":"ONE_RARE_RELIC","is_prod":false,"is_daily":false,"chose_seed":false,"campfire_upgraded":7,"win_rate":0,"timestamp":1558928116,"path_taken":["M","$","?","?","M","R","M","R","T","R","?","E","M","?","R","BOSS","M","?","?","M","$","R","E","M","T","$","?","R","?","M","R","BOSS","M","?","?","M","$","R","E","R","T","R","?","R","M","E"],"build_version":"2019-05-24v2","purchased_purges":3,"victory":false,"max_hp_per_floor":[66,66,66,66,66,66,66,66,66,66,66,66,66,66,66,66,66,66,66,66,66,66,66,66,66,66,66,66,66,66,66,66,66,66,66,66,66,66,66,66,66,66,66,66,66,66,66,66],"card_choices":[{"not_picked":["Dagger Throw","Setup","Reflex"],"picked":"SKIP","floor":1.0},{"not_picked":["Underhanded Strike","Prepared"],"picked":"Cloak And Dagger","floor":4.0},{"not_picked":["Distraction","PiercingWail"],"picked":"Outmaneuver","floor":5.0},{"not_picked":["Catalyst","Prepared","Skewer"],"picked":"SKIP","floor":7.0},{"not_picked":["Bouncing Flask","Dagger Throw"],"picked":"Night Terror","floor":12.0},{"not_picked":["Quick Slash","Acrobatics"],"picked":"Cloak And Dagger","floor":13.0},{"not_picked":["Night Terror","Burst"],"picked":"A Thousand Cuts","floor":16.0},{"not_picked":["Infinite Blades","Eviscerate+1"],"picked":"Deflect","floor":21.0},{"not_picked":["Blade Dance","Deflect"],"picked":"Infinite Blades","floor":24.0},{"not_picked":["Tactician","PiercingWail","Dagger Spray+1"],"picked":"SKIP","floor":25.0},{"not_picked":["Wraith Form v2","Bouncing Flask"],"picked":"Infinite Blades","floor":30.0},{"not_picked":["Poisoned Stab+1","Choke+1","Tactician"],"picked":"SKIP","floor":31.0},{"not_picked":["Corpse Explosion","Glass Knife"],"picked":"Unload","floor":33.0},{"not_picked":["Sucker Punch","Dagger Throw","Eviscerate"],"picked":"SKIP","floor":35.0},{"not_picked":["Deadly Poison+1","Tactician+1"],"picked":"Terror+1","floor":38.0},{"not_picked":["Distraction","Flying Knee"],"picked":"Footwork","floor":41.0},{"not_picked":["Sucker Punch","Dash"],"picked":"Storm of Steel+1","floor":45.0}],"player_experience":3354416,"relics_obtained":[{"floor":9.0,"key":"PreservedInsect"},{"floor":12.0,"key":"Ancient Tea Set"},{"floor":24.0,"key":"Ninja Scroll"},{"floor":26.0,"key":"The Courier"},{"floor":30.0,"key":"Red Mask"},{"floor":41.0,"key":"Toxic Egg 2"},{"floor":43.0,"key":"Bottled Lightning"}],"event_choices":[{"damage_healed":0.0,"max_hp_gain":0.0,"max_hp_loss":0.0,"gold_gain":50.0,"event_name":"Golden Shrine","player_choice":"Pray","floor":3.0,"gold_loss":0.0,"damage_taken":0.0},{"damage_healed":0.0,"max_hp_gain":0.0,"max_hp_loss":0.0,"gold_gain":0.0,"event_name":"Shining Light","player_choice":"Entered Light","floor":11.0,"gold_loss":0.0,"damage_taken":20.0,"cards_upgraded":["Defend_G","Defend_G"]},{"damage_healed":16.0,"max_hp_gain":0.0,"max_hp_loss":0.0,"gold_gain":0.0,"event_name":"The Cleric","player_choice":"Healed","floor":14.0,"gold_loss":35.0,"damage_taken":0.0},{"damage_healed":0.0,"max_hp_gain":0.0,"max_hp_loss":0.0,"gold_gain":0.0,"event_name":"Vampires","player_choice":"Ignored","floor":19.0,"gold_loss":0.0,"damage_taken":0.0},{"damage_healed":0.0,"max_hp_gain":0.0,"max_hp_loss":0.0,"gold_gain":0.0,"event_name":"WeMeetAgain","player_choice":"Paid Gold","floor":20.0,"gold_loss":52.0,"damage_taken":0.0,"relics_obtained":["Gremlin Horn"]},{"damage_healed":0.0,"max_hp_gain":0.0,"max_hp_loss":0.0,"gold_gain":0.0,"event_name":"Masked Bandits","player_choice":"Fought Bandits","floor":30.0,"gold_loss":0.0,"damage_taken":0.0},{"damage_healed":0.0,"max_hp_gain":0.0,"max_hp_loss":0.0,"gold_gain":0.0,"event_name":"Winding Halls","player_choice":"Embrace Madness","floor":36.0,"gold_loss":0.0,"damage_taken":12.0,"cards_obtained":["Madness","Madness"]}],"is_beta":true,"boss_relics":[{"not_picked":["Ring of the Serpent","Astrolabe"],"picked":"Lizard Tail"},{"not_picked":["Fusion Hammer","Velvet Choker"],"picked":"Sozu"}],"items_purged_floors":[2,22,37],"is_endless":false,"potions_floor_spawned":[1,16,21,24,31,33,35,41,47],"killed_by":"Nemesis","ascension_level":18}