{"gold_per_floor":[115,115,131,149,149,149,175,187,187,198,198],"floor_reached":11,"playtime":483,"items_purged":[],"score":90,"play_id":"c262c277-d900-415d-9bb6-26e33a562fdd","local_time":"20181230235733","is_ascension_mode":true,"campfire_choices":[{"data":"Bash","floor":6,"key":"SMITH"}],"neow_cost":"NONE","seed_source_timestamp":700578841204039,"circlet_count":0,"master_deck":["Strike_R","Strike_R","Strike_R","Strike_R","Defend_R","Defend_R","Defend_R","Defend_R","Bash+1","Flex","Demon Form","Battle Trance","Shockwave","Dropkick","Seeing Red","Intimidate"],"relics":["Burning Blood","NeowsBlessing","Letter Opener","StoneCalendar"],"potions_floor_usage":[1,11],"damage_taken":[{"damage":0,"enemies":"2 Louse","floor":1,"turns":1},{"damage":0,"enemies":"Cultist","floor":3,"turns":1},{"damage":0,"enemies":"Small Slimes","floor":4,"turns":1},{"damage":24,"enemies":"Gremlin Nob","floor":7,"turns":4},{"damage":22,"enemies":"Blue Slaver","floor":8,"turns":3},{"damage":14,"enemies":"Exordium Wildlife","floor":10,"turns":5},{"damage":36,"enemies":"3 Sentries","floor":11,"turns":6}],"seed_played":"483235785344892814","potions_obtained":[{"floor":1,"key":"Fruit Juice"},{"floor":8,"key":"EssenceOfSteel"}],"is_trial":false,"path_per_floor":["M","?","M","M","?","R","E","M","T","M","E"],"character_chosen":"IRONCLAD","items_purchased":[],"campfire_rested":0,"item_purchase_floors":[],"current_hp_per_floor":[85,85,85,85,78,78,60,44,44,36,0],"gold":198,"neow_bonus":"THREE_ENEMY_KILL","is_prod":false,"is_daily":false,"chose_seed":false,"campfire_upgraded":1,"win_rate":0,"timestamp":1546181853,"path_taken":["M","?","?","M","?","R","E","M","T","M","E"],"build_version":"2018-12-20","purchased_purges":0,"victory":false,"max_hp_per_floor":[85,85,85,85,85,85,85,85,85,85,85],"card_choices":[{"not_picked":["Rage","Cleave"],"picked":"Flex","floor":1},{"not_picked":["Heavy Blade","Sever Soul"],"picked":"Battle Trance","floor":3},{"not_picked":["Twin Strike","Sever Soul"],"picked":"Shockwave","floor":4},{"not_picked":["Fire Breathing","Carnage"],"picked":"Dropkick","floor":7},{"not_picked":["True Grit","Anger"],"picked":"Seeing Red","floor":8},{"not_picked":["Wild Strike","Havoc"],"picked":"Intimidate","floor":10}],"player_experience":286033,"relics_obtained":[{"floor":7,"key":"Letter Opener"},{"floor":9,"key":"StoneCalendar"}],"event_choices":[{"damage_healed":0,"gold_gain":0,"player_choice":"1 cards matched","damage_taken":0,"max_hp_gain":0,"max_hp_loss":0,"event_name":"Match and Keep!","floor":2,"gold_loss":0,"cards_obtained":["Demon Form"]},{"cards_removed":["Strike_R"],"damage_healed":0,"gold_gain":0,"player_choice":"Card Removal","damage_taken":7,"max_hp_gain":0,"max_hp_loss":0,"event_name":"Golden Wing","floor":5,"gold_loss":0}],"is_beta":false,"boss_relics":[],"items_purged_floors":[],"is_endless":false,"potions_floor_spawned":[1,8],"killed_by":"3 Sentries","ascension_level":4}