{"gold_per_floor":[109,128,53,53,53,53,81,81,106,126,126,158,258,269,269,269],"floor_reached":16,"playtime":601,"items_purged":["Strike_G"],"score":184,"play_id":"55b24807-8f3e-4316-8347-0e54a0d9f8a0","local_time":"20190515214750","is_ascension_mode":true,"campfire_choices":[{"data":"Neutralize","floor":6,"key":"SMITH"},{"floor":11,"key":"REST"},{"floor":15,"key":"REST"}],"neow_cost":"NONE","seed_source_timestamp":52549485316742,"circlet_count":0,"master_deck":["AscendersBane","Defend_G","Defend_G","Defend_G","Defend_G","Defend_G","Strike_G","Strike_G","Strike_G","Strike_G","Survivor","Neutralize+1","Flying Knee","PiercingWail","Caltrops","Noxious Fumes"],"relics":["Ring of the Snake","Toxic Egg 2","Centennial Puzzle","Mummified Hand"],"potions_floor_usage":[12,12],"damage_taken":[{"damage":2,"enemies":"Jaw Worm","floor":1,"turns":5},{"damage":6,"enemies":"2 Louse","floor":2,"turns":3},{"damage":34,"enemies":"3 Sentries","floor":7,"turns":15},{"damage":0,"enemies":"Cultist","floor":10,"turns":4},{"damage":21,"enemies":"Lagavulin","floor":12,"turns":9},{"damage":3,"enemies":"Looter","floor":14,"turns":3},{"damage":60,"enemies":"Slime Boss","floor":16,"turns":10}],"seed_played":"7480271680706331602","potions_obtained":[{"floor":7,"key":"Energy Potion"},{"floor":10,"key":"Explosive Potion"}],"is_trial":false,"path_per_floor":["M","M","$","?","?","R","E","?","T","M","R","E","?","M","R","B"],"character_chosen":"THE_SILENT","items_purchased":[],"campfire_rested":2,"item_purchase_floors":[],"current_hp_per_floor":[63,57,57,62,62,62,28,28,28,28,51,30,30,27,50,0],"gold":269,"neow_bonus":"TEN_PERCENT_HP_BONUS","is_prod":false,"is_daily":false,"chose_seed":false,"campfire_upgraded":1,"win_rate":0,"timestamp":1557949670,"path_taken":["M","M","$","?","?","R","E","?","T","M","R","E","?","?","R","BOSS"],"build_version":"2019-01-23","purchased_purges":1,"victory":false,"max_hp_per_floor":[72,72,72,77,77,77,77,77,77,77,77,77,77,77,77,77],"card_choices":[{"not_picked":["Acrobatics","Blur"],"picked":"Flying Knee","floor":1},{"not_picked":["Blade Dance","Deflect"],"picked":"PiercingWail","floor":2},{"not_picked":["Underhanded Strike","Concentrate","Grand Finale"],"picked":"SKIP","floor":7},{"not_picked":["Endless Agony","Outmaneuver+1"],"picked":"Caltrops","floor":10},{"not_picked":["Endless Agony","Grand Finale","Acrobatics+1"],"picked":"SKIP","floor":12},{"not_picked":["Setup+1","Flying Knee"],"picked":"Noxious Fumes","floor":14}],"player_experience":595091,"relics_obtained":[{"floor":7,"key":"Toxic Egg 2"},{"floor":9,"key":"Centennial Puzzle"},{"floor":12,"key":"Mummified Hand"}],"event_choices":[{"damage_healed":0,"gold_gain":0,"player_choice":"Donut","damage_taken":0,"max_hp_gain":5,"max_hp_loss":0,"event_name":"Big Fish","floor":4,"gold_loss":0},{"damage_healed":0,"gold_gain":0,"player_choice":"Ignored","damage_taken":0,"max_hp_gain":0,"max_hp_loss":0,"event_name":"Liars Game","floor":5,"gold_loss":0},{"damage_healed":0,"gold_gain":0,"player_choice":"Ignored","damage_taken":0,"max_hp_gain":0,"max_hp_loss":0,"event_name":"Shining Light","floor":8,"gold_loss":0},{"damage_healed":0,"gold_gain":100,"player_choice":"Pray","damage_taken":0,"max_hp_gain":0,"max_hp_loss":0,"event_name":"Golden Shrine","floor":13,"gold_loss":0}],"is_beta":false,"boss_relics":[],"items_purged_floors":[3],"is_endless":false,"potions_floor_spawned":[7,10],"killed_by":"Slime Boss","ascension_level":14}