{"gold_per_floor":[110,110,110,125,24,24,37,56,82,108,108,136,156,171,171,248,248,265,276,287,297,312,312,342,364,422,434,462,384,396],"floor_reached":30,"playtime":1399,"items_purged":["Strike_R"],"score":452,"play_id":"bfab5840-d82c-4c45-9875-07636e96525c","local_time":"20190209092202","is_ascension_mode":true,"campfire_choices":[{"data":"Armaments","floor":6,"key":"SMITH"},{"data":"Bash","floor":15,"key":"SMITH"},{"floor":23,"key":"REST"},{"floor":27,"key":"REST"}],"neow_cost":"NONE","seed_source_timestamp":2571644145115446,"circlet_count":0,"master_deck":["AscendersBane","Strike_R","Strike_R","Defend_R+1","Defend_R","Defend_R","Defend_R","Bash+1","Battle Trance","Cleave","Armaments+1","True Grit+1","Reaper","Sword Boomerang","Warcry","Double Tap","Offering","Headbutt","Clothesline","Warcry"],"relics":["Velvet Choker","Pen Nib","Potion Belt","Lantern","Peace Pipe","Eternal Feather","MawBank","PreservedInsect"],"potions_floor_usage":[10,10,12,16,18,21,21,24],"damage_taken":[{"damage":7,"enemies":"Jaw Worm","floor":1,"turns":2},{"damage":7,"enemies":"Small Slimes","floor":4,"turns":3},{"damage":0,"enemies":"2 Louse","floor":7,"turns":2},{"damage":2,"enemies":"Lots of Slimes","floor":8,"turns":3},{"damage":14,"enemies":"Gremlin Nob","floor":10,"turns":4},{"damage":15,"enemies":"Lagavulin","floor":12,"turns":7},{"damage":0,"enemies":"3 Louse","floor":13,"turns":2},{"damage":2,"enemies":"Looter","floor":14,"turns":2},{"damage":27,"enemies":"Hexaghost","floor":16,"turns":9},{"damage":13,"enemies":"Chosen","floor":18,"turns":6},{"damage":20,"enemies":"Shell Parasite","floor":19,"turns":3},{"damage":24,"enemies":"Snecko","floor":20,"turns":5},{"damage":14,"enemies":"Shelled Parasite and Fungi","floor":21,"turns":4},{"damage":13,"enemies":"Chosen and Byrds","floor":22,"turns":5},{"damage":35,"enemies":"Gremlin Leader","floor":24,"turns":7},{"damage":37,"enemies":"3 Cultists","floor":25,"turns":5},{"damage":42,"enemies":"Shelled Parasite and Fungi","floor":28,"turns":5},{"damage":27,"enemies":"Book of Stabbing","floor":30,"turns":4}],"seed_played":"-7137924127830921397","potions_obtained":[{"floor":7,"key":"EssenceOfSteel"},{"floor":8,"key":"Swift Potion"},{"floor":10,"key":"EssenceOfSteel"},{"floor":12,"key":"PowerPotion"},{"floor":14,"key":"Regen Potion"},{"floor":16,"key":"AttackPotion"},{"floor":20,"key":"AttackPotion"},{"floor":22,"key":"Regen Potion"},{"floor":28,"key":"Energy Potion"}],"is_trial":false,"path_per_floor":["M","?","?","M","$","R","M","M","T","E","?","E","M","M","R","B",null,"M","M","M","M","M","R","E","M","T","R","M","?","E"],"character_chosen":"IRONCLAD","items_purchased":["Armaments"],"campfire_rested":2,"item_purchase_floors":[5],"current_hp_per_floor":[61,54,47,40,40,40,40,38,38,39,39,24,29,31,31,31,64,66,46,26,12,19,53,56,27,27,61,19,19,0],"gold":396,"neow_bonus":"BOSS_RELIC","is_prod":false,"is_daily":false,"chose_seed":false,"campfire_upgraded":2,"win_rate":0,"timestamp":1549671722,"path_taken":["M","?","?","M","$","R","M","M","T","E","?","E","M","M","R","BOSS","M","M","?","M","M","R","E","M","T","R","M","?","E"],"build_version":"2019-01-23","purchased_purges":1,"victory":false,"max_hp_per_floor":[75,75,75,75,75,75,75,75,75,75,75,75,75,75,75,75,75,75,75,75,75,75,75,75,75,75,75,75,75,75],"card_choices":[{"not_picked":["Pommel Strike","Evolve"],"picked":"Battle Trance","floor":1},{"not_picked":["Heavy Blade","Havoc"],"picked":"Cleave","floor":4},{"not_picked":["Havoc","Thunderclap"],"picked":"True Grit","floor":7},{"not_picked":["Fire Breathing","Shrug It Off"],"picked":"Reaper","floor":8},{"not_picked":["Feel No Pain","Anger","Heavy Blade"],"picked":"SKIP","floor":10},{"not_picked":["Dual Wield","Combust"],"picked":"Sword Boomerang","floor":12},{"not_picked":["Iron Wave","Armaments"],"picked":"Warcry","floor":13},{"not_picked":["Flex","Pommel Strike"],"picked":"Double Tap","floor":14},{"not_picked":["Barricade","Brutality"],"picked":"Offering","floor":16},{"not_picked":["Thunderclap","True Grit"],"picked":"Headbutt","floor":18},{"not_picked":["Intimidate","Clash"],"picked":"Clothesline","floor":19},{"not_picked":["True Grit","Flex"],"picked":"Warcry","floor":20},{"not_picked":["True Grit","Rupture","Brutality"],"picked":"SKIP","floor":21},{"not_picked":["Pommel Strike","Iron Wave","True Grit"],"picked":"SKIP","floor":22},{"not_picked":["Sword Boomerang","Anger","Armaments"],"picked":"SKIP","floor":24},{"not_picked":["Metallicize","Iron Wave","Thunderclap"],"picked":"SKIP","floor":25},{"not_picked":["Headbutt","Bloodletting","Anger"],"picked":"SKIP","floor":28}],"player_experience":586575,"relics_obtained":[{"floor":9,"key":"Potion Belt"},{"floor":10,"key":"Lantern"},{"floor":12,"key":"Peace Pipe"},{"floor":24,"key":"MawBank"},{"floor":26,"key":"PreservedInsect"}],"event_choices":[{"damage_healed":0,"gold_gain":0,"player_choice":"Success","damage_taken":7,"relics_obtained":["Pen Nib"],"max_hp_gain":0,"max_hp_loss":0,"event_name":"Scrap Ooze","floor":2,"gold_loss":0},{"cards_removed":["Strike_R"],"damage_healed":0,"gold_gain":0,"player_choice":"Card Removal","damage_taken":7,"max_hp_gain":0,"max_hp_loss":0,"event_name":"Golden Wing","floor":3,"gold_loss":0},{"damage_healed":0,"gold_gain":0,"player_choice":"Forge","damage_taken":0,"max_hp_gain":0,"max_hp_loss":0,"event_name":"Accursed Blacksmith","floor":11,"gold_loss":0,"cards_upgraded":["True Grit"]},{"cards_removed":["Strike_R"],"damage_healed":0,"gold_gain":0,"player_choice":"Upgrade and Remove","damage_taken":0,"max_hp_gain":0,"max_hp_loss":0,"event_name":"Designer","floor":29,"gold_loss":90,"cards_upgraded":["Defend_R"]}],"is_beta":false,"boss_relics":[{"not_picked":["Lizard Tail","Cursed Key"],"picked":"Eternal Feather"}],"items_purged_floors":[5],"is_endless":false,"potions_floor_spawned":[7,8,10,12,14,16,20,22,28],"killed_by":"Book of Stabbing","ascension_level":14}