{"gold_per_floor":[115,130,149,119,134,134,163,178,178,178,196,271,271,305,305,382,382,396,396],"floor_reached":19,"playtime":1722,"items_purged":[],"score":313,"play_id":"3ab3b810-c120-427c-afc0-321935431298","local_time":"20181228233144","is_ascension_mode":true,"campfire_choices":[{"data":"Noxious Fumes","floor":6,"key":"SMITH"},{"floor":10,"key":"REST"},{"floor":15,"key":"REST"}],"neow_cost":"NONE","seed_source_timestamp":47307123875599,"circlet_count":0,"master_deck":["AscendersBane","Defend_G","Defend_G","Defend_G","Defend_G","Defend_G","Strike_G","Strike_G","Strike_G","Strike_G","Strike_G+1","Survivor","Neutralize","Malaise","Dodge and Roll","Noxious Fumes+1","Escape Plan","Catalyst+1","Deadly Poison","PiercingWail","Sucker Punch+1","Night Terror","Backflip+1"],"special_seed":0,"relics":["Ring of the Snake","Centennial Puzzle","Molten Egg 2","WingedGreaves","Philosopher\u0027s Stone"],"potions_floor_usage":[7,14],"damage_taken":[{"damage":1.0,"enemies":"Cultist","floor":1.0,"turns":7.0},{"damage":0.0,"enemies":"2 Louse","floor":2.0,"turns":6.0},{"damage":3.0,"enemies":"Jaw Worm","floor":3.0,"turns":8.0},{"damage":2.0,"enemies":"Looter","floor":4.0,"turns":4.0},{"damage":2,"enemies":"Red Slaver","floor":5,"turns":8},{"damage":9,"enemies":"3 Sentries","floor":7,"turns":9},{"damage":9,"enemies":"2 Fungi Beasts","floor":8,"turns":4},{"damage":8,"enemies":"3 Louse","floor":11,"turns":6},{"damage":1,"enemies":"Lagavulin","floor":14,"turns":7},{"damage":19,"enemies":"The Guardian","floor":16,"turns":10},{"damage":11,"enemies":"Chosen","floor":18,"turns":7},{"damage":27,"enemies":"Colosseum Slavers","floor":19,"turns":5}],"seed_played":"-3998329156971145350","potions_obtained":[{"floor":5,"key":"SpeedPotion"},{"floor":7,"key":"GhostInAJar"},{"floor":8,"key":"AttackPotion"},{"floor":11,"key":"Dexterity Potion"},{"floor":18,"key":"PowerPotion"}],"is_trial":false,"path_per_floor":["M","M","M","M","M","R","E","M","T","R","M","?","?","E","R","B",null,"M","?"],"character_chosen":"THE_SILENT","items_purchased":[],"campfire_rested":2,"item_purchase_floors":[],"current_hp_per_floor":[58,58,55,53,51,51,42,33,33,52,44,33,13,12,31,12,53,42,15],"gold":396,"neow_bonus":"ONE_RANDOM_RARE_CARD","is_prod":false,"is_daily":false,"chose_seed":false,"campfire_upgraded":1,"win_rate":0,"timestamp":1546007504,"path_taken":["M","M","?","M","M","R","E","M","T","R","M","?","?","E","R","BOSS","M","?"],"build_version":"2018-12-25","purchased_purges":0,"victory":false,"max_hp_per_floor":[66,66,66,66,66,66,66,66,66,66,66,66,66,66,66,66,66,66,66],"card_choices":[{"not_picked":["Bane","Choke"],"picked":"Dodge and Roll","floor":1.0},{"not_picked":["Acrobatics","Terror"],"picked":"Noxious Fumes","floor":2.0},{"not_picked":["Bane","Sucker Punch"],"picked":"Escape Plan","floor":3.0},{"not_picked":["Poisoned Stab","Underhanded Strike","Acrobatics"],"picked":"SKIP","floor":4},{"not_picked":["Crippling Poison","Underhanded Strike"],"picked":"Catalyst","floor":5},{"not_picked":["Predator","Slice"],"picked":"Deadly Poison","floor":7},{"not_picked":["Outmaneuver","Terror"],"picked":"PiercingWail","floor":8},{"not_picked":["Deflect","Dodge and Roll"],"picked":"Sucker Punch+1","floor":11},{"not_picked":["Setup","Acrobatics","Expertise"],"picked":"SKIP","floor":14},{"not_picked":["Glass Knife+1","A Thousand Cuts"],"picked":"Night Terror","floor":16},{"not_picked":["Slice+1","Flechettes+1"],"picked":"Backflip+1","floor":18}],"player_experience":2603304,"relics_obtained":[{"floor":7,"key":"Centennial Puzzle"},{"floor":9,"key":"Molten Egg 2"},{"floor":14,"key":"WingedGreaves"}],"event_choices":[{"damage_healed":0,"gold_gain":75,"player_choice":"Gather Gold","damage_taken":11,"max_hp_gain":0,"max_hp_loss":0,"event_name":"World of Goop","floor":12,"gold_loss":0},{"damage_healed":0,"gold_gain":0,"player_choice":"Entered Light","damage_taken":20,"max_hp_gain":0,"max_hp_loss":0,"event_name":"Shining Light","floor":13,"gold_loss":0,"cards_upgraded":["Catalyst","Strike_G"]},{"damage_healed":0,"gold_gain":0,"player_choice":"Fight","damage_taken":0,"max_hp_gain":0,"max_hp_loss":0,"event_name":"Colosseum","floor":19,"gold_loss":0}],"is_beta":true,"boss_relics":[{"not_picked":["Busted Crown","Fusion Hammer"],"picked":"Philosopher\u0027s Stone"}],"items_purged_floors":[],"is_endless":false,"potions_floor_spawned":[5,7,8,11,18],"killed_by":"Colosseum Slavers","ascension_level":15}