{"gold_per_floor":[114,114,127,127,15,15,31,41,66,66,16,16,69,43,43,141,141,151,151,14,26,26,26,37,47,95,95,95,106,122,142,142,142],"floor_reached":33,"playtime":1936,"items_purged":["Defend_B","Strike_B"],"score":237,"play_id":"b711a7c5-829f-4441-9746-1ed563fa6e8e","local_time":"20181204230119","is_ascension_mode":false,"campfire_choices":[{"data":"White Noise","floor":6,"key":"SMITH"},{"data":"Redo","floor":10,"key":"SMITH"},{"data":"Zap","floor":12,"key":"SMITH"},{"data":"Go for the Eyes","floor":15,"key":"SMITH"},{"data":"Creative AI","floor":23,"key":"SMITH"},{"floor":28,"key":"REST"},{"floor":32,"key":"REST"}],"neow_cost":"NONE","seed_source_timestamp":204811099440213,"circlet_count":0,"master_deck":["Defend_B","Defend_B","Defend_B","Zap+1","Dualcast+1","Redo+1","White Noise+1","Go for the Eyes+1","Creative AI+1","Melter","Force Field","Heatsinks"],"relics":["Cracked Core","PreservedInsect","Happy Flower","Sozu","Bag of Marbles"],"potions_floor_usage":[16,16],"damage_taken":[{"damage":0,"enemies":"Small Slimes","floor":1,"turns":2},{"damage":1,"enemies":"Jaw Worm","floor":3,"turns":2},{"damage":0,"enemies":"2 Louse","floor":7,"turns":2},{"damage":2,"enemies":"Blue Slaver","floor":8,"turns":2},{"damage":26,"enemies":"The Guardian","floor":16,"turns":11},{"damage":25,"enemies":"2 Thieves","floor":18,"turns":4},{"damage":0,"enemies":"Spheric Guardian","floor":21,"turns":1},{"damage":1,"enemies":"Centurion and Healer","floor":24,"turns":7},{"damage":26,"enemies":"3 Cultists","floor":25,"turns":5},{"damage":10,"enemies":"Snake Plant","floor":29,"turns":3},{"damage":0,"enemies":"Cultist and Chosen","floor":30,"turns":3},{"damage":5,"enemies":"Shelled Parasite and Fungi","floor":31,"turns":5},{"damage":59,"enemies":"Automaton","floor":33,"turns":6}],"seed_played":"-296510385520347530","potions_obtained":[{"floor":1,"key":"GamblersBrew"},{"floor":3,"key":"Weak Potion"},{"floor":7,"key":"Fire Potion"}],"is_trial":false,"path_per_floor":["M","?","M","?","$","R","M","M","T","R","?","R","T","$","R","B",null,"M","?","$","M","$","R","M","M","T","$","R","M","M","M","R","B"],"character_chosen":"DEFECT","items_purchased":["White Noise","Go for the Eyes","Melter"],"campfire_rested":2,"item_purchase_floors":[5,14,20],"current_hp_per_floor":[75,75,74,67,67,67,67,65,65,65,65,65,65,65,65,39,75,50,50,50,50,50,50,49,23,23,23,45,35,35,30,52,0],"gold":142,"neow_bonus":"UPGRADE_CARD","is_prod":false,"is_daily":false,"chose_seed":false,"campfire_upgraded":5,"win_rate":0.0,"timestamp":1543932079,"path_taken":["M","?","M","?","$","R","M","M","T","R","?","R","?","$","R","BOSS","M","?","$","M","$","R","M","M","T","?","R","M","M","M","R","BOSS"],"build_version":"2018-11-15","purchased_purges":2,"victory":false,"max_hp_per_floor":[75,75,75,75,75,75,75,75,75,75,75,75,75,75,75,75,75,75,75,75,75,75,75,75,75,75,75,75,75,75,75,75,75],"card_choices":[{"not_picked":["Heatsinks","Skim"],"picked":"Redo","floor":1},{"not_picked":["Static Discharge","Reprogram","Redo"],"picked":"SKIP","floor":3},{"not_picked":["Coolheaded","Hologram","Turbo"],"picked":"SKIP","floor":7},{"not_picked":["Loop","Barrage","Buffer"],"picked":"SKIP","floor":8},{"not_picked":["Multi-Cast","Biased Cognition"],"picked":"Creative AI","floor":16},{"not_picked":["Stack","Leap+1","Cold Snap"],"picked":"SKIP","floor":18},{"not_picked":["Skim","Rip and Tear"],"picked":"Force Field","floor":21},{"not_picked":["Barrage","Undo"],"picked":"Heatsinks","floor":24},{"not_picked":["Gash","Capacitor+1","Streamline+1"],"picked":"SKIP","floor":25},{"not_picked":["Coolheaded","BootSequence+1","Leap+1"],"picked":"SKIP","floor":29},{"not_picked":["Blizzard","Lockon","Capacitor"],"picked":"SKIP","floor":30},{"not_picked":["Doom and Gloom","Beam Cell","Chill+1"],"picked":"SKIP","floor":31}],"player_experience":95645,"relics_obtained":[{"floor":9,"key":"PreservedInsect"},{"floor":13,"key":"Happy Flower"},{"floor":26,"key":"Bag of Marbles"}],"event_choices":[{"damage_healed":0,"gold_gain":0,"player_choice":"Ignored","damage_taken":0,"max_hp_gain":0,"max_hp_loss":0,"event_name":"Liars Game","floor":2,"gold_loss":0},{"cards_removed":["Strike_B"],"damage_healed":0,"gold_gain":0,"player_choice":"Card Removal","damage_taken":7,"max_hp_gain":0,"max_hp_loss":0,"event_name":"Golden Wing","floor":4,"gold_loss":0},{"cards_removed":["Strike_B"],"damage_healed":0,"gold_gain":0,"player_choice":"Card Removal","damage_taken":0,"max_hp_gain":0,"max_hp_loss":0,"event_name":"The Cleric","floor":11,"gold_loss":50},{"cards_removed":["Strike_B"],"damage_healed":0,"gold_gain":0,"player_choice":"Card Removal","damage_taken":0,"max_hp_gain":0,"max_hp_loss":0,"event_name":"Wheel of Change","floor":19,"gold_loss":0}],"is_beta":false,"boss_relics":[{"not_picked":["White Beast Statue","Runic Dome"],"picked":"Sozu"}],"items_purged_floors":[5,20],"is_endless":false,"potions_floor_spawned":[1,3,7,18,25,31],"killed_by":"Automaton","ascension_level":0}