{"gold_per_floor":[114,79,79,79,92,92,12,12,12,28,62,78,142,175,175,175],"floor_reached":16,"playtime":660,"items_purged":[],"score":189,"play_id":"a529b23b-cd0c-4968-8dd0-1d932cc52b05","local_time":"20190602184632","is_ascension_mode":true,"campfire_choices":[{"data":"Zap","floor":6,"key":"SMITH"},{"data":"Defragment","floor":15,"key":"SMITH"}],"neow_cost":"NONE","seed_source_timestamp":601434974368055,"circlet_count":0,"master_deck":["AscendersBane","Strike_B","Strike_B+1","Strike_B","Strike_B+1","Defend_B","Defend_B","Defend_B","Defend_B+1","Zap+1","Dualcast","Steam+1","Conserve Battery","Defragment+1","Cold Snap","Steam Power","Consume","Ball Lightning"],"relics":["Cracked Core","War Paint","Matryoshka","Whetstone","PreservedInsect","Blue Candle"],"potions_floor_usage":[13,14,16],"damage_taken":[{"damage":7,"enemies":"Jaw Worm","floor":1,"turns":3},{"damage":7,"enemies":"Small Slimes","floor":5,"turns":4},{"damage":0,"enemies":"2 Louse","floor":10,"turns":2},{"damage":12,"enemies":"Lagavulin","floor":11,"turns":8},{"damage":9,"enemies":"2 Fungi Beasts","floor":12,"turns":3},{"damage":12,"enemies":"Gremlin Nob","floor":13,"turns":4},{"damage":2,"enemies":"3 Sentries","floor":14,"turns":7},{"damage":19,"enemies":"Hexaghost","floor":16,"turns":11}],"seed_played":"3096422178043550983","potions_obtained":[{"floor":0,"key":"FocusPotion"},{"floor":0,"key":"EssenceOfSteel"},{"floor":1,"key":"Block Potion"},{"floor":14,"key":"Swift Potion"}],"is_trial":false,"path_per_floor":["M","?","$","?","M","R","$","?","T","M","E","M","?","E","R","B"],"character_chosen":"DEFECT","items_purchased":["Defragment"],"campfire_rested":0,"item_purchase_floors":[7],"current_hp_per_floor":[57,71,71,76,69,69,69,51,51,51,39,30,18,16,16,0],"gold":175,"neow_bonus":"THREE_SMALL_POTIONS","is_prod":false,"is_daily":false,"chose_seed":false,"campfire_upgraded":2,"win_rate":0,"timestamp":1559493992,"path_taken":["M","?","$","?","M","R","$","?","T","M","E","M","?","E","R","BOSS"],"build_version":"2019-01-23","purchased_purges":0,"victory":false,"max_hp_per_floor":[71,71,71,76,76,76,76,76,76,76,76,76,76,76,76,76],"card_choices":[{"not_picked":["Chaos","Redo"],"picked":"Steam","floor":1},{"not_picked":["Beam Cell","Coolheaded"],"picked":"Conserve Battery","floor":5},{"not_picked":["Conserve Battery","Go for the Eyes","BootSequence"],"picked":"SKIP","floor":10},{"not_picked":["Heatsinks","Rip and Tear"],"picked":"Cold Snap","floor":11},{"not_picked":["Lockon","Rebound"],"picked":"Steam Power","floor":12},{"not_picked":["Steam","Sweeping Beam"],"picked":"Consume","floor":13},{"not_picked":["Self Repair","Coolheaded"],"picked":"Ball Lightning","floor":14}],"player_experience":661623,"relics_obtained":[{"floor":9,"key":"Matryoshka"},{"floor":11,"key":"Whetstone"},{"floor":13,"key":"PreservedInsect"},{"floor":14,"key":"Blue Candle"}],"event_choices":[{"damage_healed":17,"gold_gain":0,"player_choice":"Healed","damage_taken":0,"max_hp_gain":0,"max_hp_loss":0,"event_name":"The Cleric","floor":2,"gold_loss":35},{"damage_healed":0,"gold_gain":0,"player_choice":"Donut","damage_taken":0,"max_hp_gain":5,"max_hp_loss":0,"event_name":"Big Fish","floor":4,"gold_loss":0},{"damage_healed":0,"gold_gain":0,"player_choice":"Success","damage_taken":18,"relics_obtained":["War Paint"],"max_hp_gain":0,"max_hp_loss":0,"event_name":"Scrap Ooze","floor":8,"gold_loss":0},{"damage_healed":0,"gold_gain":0,"player_choice":"Searched \u00271\u0027 times","damage_taken":0,"max_hp_gain":0,"max_hp_loss":0,"event_name":"Dead Adventurer","floor":13,"gold_loss":0}],"is_beta":false,"boss_relics":[],"items_purged_floors":[],"is_endless":false,"potions_floor_spawned":[1,11,14],"killed_by":"Hexaghost","ascension_level":15}