{"gold_per_floor":[219,219,122,142,142,142,168,168,191,209,209,220,220,67,67,164,164,181,141,161,135,135,135,135,135,135,148,148,162,162,162,162,267,267,279,296,296,306,321,321,334,334,382,85,119,119,130,150,150,150],"floor_reached":51,"playtime":3485,"items_purged":["Strike_R"],"score":928,"play_id":"0dd7e0e3-619f-4e48-82c5-61e798256eea","local_time":"20190119105107","is_ascension_mode":true,"campfire_choices":[{"data":"Bash","floor":6.0,"key":"SMITH"},{"data":"True Grit","floor":8.0,"key":"SMITH"},{"floor":13.0,"key":"REST"},{"data":"Clothesline","floor":15.0,"key":"SMITH"},{"data":"Dark Embrace","floor":23.0,"key":"SMITH"},{"data":"Barricade","floor":25.0,"key":"SMITH"},{"data":"Infernal Blade","floor":28.0,"key":"SMITH"},{"data":"Entrench","floor":32.0,"key":"SMITH"},{"data":"Body Slam","floor":40.0,"key":"SMITH"},{"data":"Bloodletting","floor":42.0,"key":"SMITH"},{"floor":46,"key":"DIG"},{"floor":49,"key":"DIG"}],"neow_cost":"NONE","seed_source_timestamp":760082624141241,"circlet_count":0,"master_deck":["Bash+1","Clothesline+1","True Grit+1","Cleave+1","Impervious","Reaper+1","Armaments","Reckless Charge","Dark Embrace+1","Infernal Blade+1","Hemokinesis+1","Battle Trance+1","Barricade+1","Intimidate","Shockwave+1","Clash+1","Warcry","Bloodletting+1","Entrench+1","Impervious","Body Slam+1","Impatience","Body Slam+1","Warcry+1","Evolve"],"special_seed":0,"relics":["Black Blood","FaceOfCleric","Magic Flower","Bag of Marbles","Lantern","Pandora\u0027s Box","Meat on the Bone","Orichalcum","Shovel","Whetstone","Bottled Lightning","Kunai"],"potions_floor_usage":[45,50,50,50],"damage_taken":[{"damage":5.0,"enemies":"2 Louse","floor":1.0,"turns":3.0},{"damage":5.0,"enemies":"Jaw Worm","floor":4.0,"turns":3.0},{"damage":45.0,"enemies":"3 Sentries","floor":7.0,"turns":8.0},{"damage":7.0,"enemies":"Cultist","floor":10.0,"turns":4.0},{"damage":9.0,"enemies":"Blue Slaver","floor":12.0,"turns":4.0},{"damage":55.0,"enemies":"Slime Boss","floor":16.0,"turns":16.0},{"damage":4.0,"enemies":"Spheric Guardian","floor":18.0,"turns":3.0},{"damage":14.0,"enemies":"2 Thieves","floor":20.0,"turns":4.0},{"damage":12.0,"enemies":"Colosseum Slavers","floor":24.0,"turns":5.0},{"damage":29.0,"enemies":"Centurion and Healer","floor":27.0,"turns":4.0},{"damage":19.0,"enemies":"Snake Plant","floor":29.0,"turns":2.0},{"damage":52.0,"enemies":"Collector","floor":33.0,"turns":10.0},{"damage":9.0,"enemies":"3 Shapes","floor":35.0,"turns":9.0},{"damage":9.0,"enemies":"3 Darklings","floor":36.0,"turns":8.0},{"damage":3.0,"enemies":"Maw","floor":38.0,"turns":8.0},{"damage":47.0,"enemies":"Transient","floor":39.0,"turns":5.0},{"damage":14.0,"enemies":"Jaw Worm Horde","floor":41.0,"turns":5.0},{"damage":19,"enemies":"Reptomancer","floor":45,"turns":6},{"damage":14,"enemies":"Sphere and 2 Shapes","floor":47,"turns":5},{"damage":27,"enemies":"Transient","floor":48,"turns":5},{"damage":34,"enemies":"Donu and Deca","floor":50,"turns":6}],"seed_played":"-2635058337219494328","potions_obtained":[{"floor":10.0,"key":"Ancient Potion"},{"floor":16.0,"key":"BloodPotion"},{"floor":18.0,"key":"Block Potion"},{"floor":29.0,"key":"Swift Potion"},{"floor":41.0,"key":"EssenceOfSteel"},{"floor":45,"key":"SpeedPotion"},{"floor":48,"key":"Strength Potion"}],"is_trial":false,"path_per_floor":["M","?","$","M","?","R","E","R","T","M","?","M","R","$","R","B",null,"M","?","M","$","?","R","?","R","T","M","R","M","?","?","R","B",null,"M","M","?","M","M","R","M","R","T","$","E","R","M","M","R","B",null],"character_chosen":"IRONCLAD","items_purchased":["True Grit","Lantern","Warcry","Shovel"],"campfire_rested":1,"item_purchase_floors":[3,14,21,44],"current_hp_per_floor":[73,78,78,79,79,79,41,41,41,45,28,30,56,56,56,12,70,77,77,83,83,83,83,82,82,82,74,74,66,94,94,94,80,91,96,97,97,98,82,82,85,85,85,85,98,98,101,91,91,74],"gold":150,"neow_bonus":"HUNDRED_GOLD","is_prod":false,"is_daily":false,"chose_seed":false,"campfire_upgraded":9,"win_rate":0,"timestamp":1547862667,"path_taken":["M","?","$","M","?","R","E","R","T","?","?","M","R","$","R","BOSS","M","?","?","$","?","R","?","R","T","?","R","M","?","?","R","BOSS","M","M","?","M","M","R","M","R","T","$","E","R","M","M","R","BOSS"],"build_version":"2019-01-17v2","purchased_purges":1,"victory":true,"max_hp_per_floor":[80,85,85,85,85,85,86,86,86,87,87,88,88,88,88,89,89,90,90,91,91,91,91,92,92,92,93,93,94,94,94,94,95,95,96,97,97,98,99,99,100,100,100,100,101,101,102,103,103,104],"card_choices":[{"not_picked":["Thunderclap","Intimidate"],"picked":"Clothesline","floor":1.0},{"not_picked":["Anger","True Grit"],"picked":"Cleave","floor":4.0},{"not_picked":["Carnage","Twin Strike"],"picked":"Impervious","floor":7.0},{"not_picked":["True Grit","Perfected Strike","Iron Wave"],"picked":"SKIP","floor":10.0},{"not_picked":["Thunderclap","Anger","Flex"],"picked":"SKIP","floor":12.0},{"not_picked":["Exhume","Offering"],"picked":"Reaper","floor":16.0},{"not_picked":["Wild Strike","Blood for Blood"],"picked":"Shockwave","floor":18.0},{"not_picked":["Anger","True Grit+1"],"picked":"Clash+1","floor":20.0},{"not_picked":["Burning Pact","Flex"],"picked":"Bloodletting","floor":27.0},{"not_picked":["Shrug It Off+1","Clothesline"],"picked":"Entrench","floor":29.0},{"not_picked":["Limit Break","Dark Embrace"],"picked":"Impervious","floor":33.0},{"not_picked":["Bloodletting","Rage"],"picked":"Body Slam","floor":35.0},{"not_picked":["Heavy Blade","True Grit+1","Anger"],"picked":"SKIP","floor":36.0},{"not_picked":["Flash of Steel","Dramatic Entrance"],"picked":"Impatience","floor":37.0},{"not_picked":["Rage","Intimidate+1"],"picked":"Body Slam+1","floor":38.0},{"not_picked":["Hemokinesis","Battle Trance+1"],"picked":"Warcry+1","floor":39.0},{"not_picked":["Spot Weakness","Clothesline+1"],"picked":"Evolve","floor":41.0},{"not_picked":["Warcry+1","Clash","Pommel Strike"],"picked":"SKIP","floor":45},{"not_picked":["Pommel Strike+1","Evolve","Clothesline+1"],"picked":"SKIP","floor":47},{"not_picked":["Flex","Wild Strike+1","Metallicize"],"picked":"SKIP","floor":48}],"player_experience":398945,"relics_obtained":[{"floor":7.0,"key":"Magic Flower"},{"floor":9.0,"key":"Bag of Marbles"},{"floor":26.0,"key":"Meat on the Bone"},{"floor":43.0,"key":"Orichalcum"},{"floor":45,"key":"Whetstone"},{"floor":46,"key":"Bottled Lightning"},{"floor":49,"key":"Kunai"}],"event_choices":[{"damage_healed":0.0,"max_hp_gain":5.0,"max_hp_loss":0.0,"gold_gain":0.0,"event_name":"Big Fish","player_choice":"Donut","floor":2.0,"gold_loss":0.0,"damage_taken":0.0},{"damage_healed":0.0,"max_hp_gain":0.0,"max_hp_loss":0.0,"gold_gain":0.0,"event_name":"FaceTrader","player_choice":"Trade","floor":5.0,"gold_loss":0.0,"damage_taken":0.0,"relics_obtained":["FaceOfCleric"]},{"damage_healed":0.0,"max_hp_gain":0.0,"max_hp_loss":0.0,"gold_gain":0.0,"event_name":"Shining Light","player_choice":"Entered Light","floor":11.0,"gold_loss":0.0,"damage_taken":17.0,"cards_upgraded":["Cleave","Defend_R"]},{"damage_healed":0.0,"max_hp_gain":0.0,"max_hp_loss":0.0,"gold_gain":0.0,"event_name":"Designer","player_choice":"Upgraded Two","floor":19.0,"gold_loss":40.0,"damage_taken":0.0,"cards_upgraded":["Battle Trance","Shockwave"]},{"damage_healed":0.0,"max_hp_gain":0.0,"max_hp_loss":0.0,"gold_gain":0.0,"event_name":"Back to Basics","player_choice":"Simplicity","floor":22.0,"gold_loss":0.0,"damage_taken":0.0,"cards_upgraded":[]},{"damage_healed":0.0,"max_hp_gain":0.0,"max_hp_loss":0.0,"gold_gain":0.0,"event_name":"Colosseum","player_choice":"Fight","floor":24.0,"gold_loss":0.0,"damage_taken":0.0},{"damage_healed":0.0,"max_hp_gain":0.0,"max_hp_loss":0.0,"gold_gain":0.0,"event_name":"Colosseum","player_choice":"Fled From Nobs","floor":24.0,"gold_loss":0.0,"damage_taken":0.0},{"damage_healed":31.0,"max_hp_gain":0.0,"max_hp_loss":0.0,"gold_gain":0.0,"event_name":"The Library","player_choice":"Heal","floor":30.0,"gold_loss":0.0,"damage_taken":0.0},{"damage_healed":0.0,"max_hp_gain":0.0,"max_hp_loss":0.0,"gold_gain":0.0,"event_name":"Ghosts","player_choice":"Ignored","floor":31.0,"gold_loss":0.0,"damage_taken":0.0},{"damage_healed":0.0,"max_hp_gain":0.0,"max_hp_loss":0.0,"gold_gain":0.0,"event_name":"SensoryStone","player_choice":"Memory 1","floor":37.0,"gold_loss":0.0,"damage_taken":0.0}],"is_beta":false,"boss_relics":[{"not_picked":["Calling Bell","Orrery"],"picked":"Pandora\u0027s Box"},{"not_picked":["Runic Pyramid","Philosopher\u0027s Stone"],"picked":"Black Blood"}],"items_purged_floors":[3],"is_endless":false,"potions_floor_spawned":[10,16,18,24,29,35,41,45,48],"ascension_level":7}