{"gold_per_floor":[117,18,38,57,57,89,100,100,100,100,117,147,165,165,165,260,260,279,291,291,303,15,15,40,52,52,81,81,81,81,91,91,91],"floor_reached":33,"playtime":1308,"items_purged":[],"score":297,"play_id":"a1232cb3-a4e1-4ebe-872f-a254fc6917db","local_time":"20190601191545","is_ascension_mode":false,"campfire_choices":[{"floor":8.0,"key":"REST"},{"data":"Shrug It Off","floor":10.0,"key":"SMITH"},{"data":"Armaments","floor":15.0,"key":"SMITH"},{"data":"Apotheosis","floor":23.0,"key":"SMITH"},{"floor":28.0,"key":"RECALL"},{"data":"RitualDagger","floor":30.0,"key":"SMITH"},{"floor":32,"key":"REST"}],"neow_cost":"NONE","seed_source_timestamp":541722728339800,"circlet_count":0,"master_deck":["Strike_R","Strike_R","Strike_R","Defend_R","Defend_R","Defend_R","Defend_R","Bash","Sever Soul","Inflame","Thunderclap","Anger","Flex","Flex","Shrug It Off+1","Reaper","Armaments+1","Cleave","Hemokinesis","Juggernaut","Pommel Strike+1","Perfected Strike+1","Infernal Blade","Apotheosis+1","Reckless Charge+1","Sword Boomerang+1","Normality","Armaments+1","RitualDagger+1","Heavy Blade+1"],"special_seed":0,"relics":["Burning Blood","NeowsBlessing","Paper Frog","Thread and Needle","Cursed Key","Bag of Marbles","Charon\u0027s Ashes","PreservedInsect"],"potions_floor_usage":[33],"damage_taken":[{"damage":0.0,"enemies":"Cultist","floor":1.0,"turns":1.0},{"damage":0.0,"enemies":"2 Louse","floor":3.0,"turns":1.0},{"damage":0.0,"enemies":"Small Slimes","floor":4.0,"turns":1.0},{"damage":26.0,"enemies":"Lagavulin","floor":6.0,"turns":4.0},{"damage":19.0,"enemies":"2 Fungi Beasts","floor":7.0,"turns":4.0},{"damage":10.0,"enemies":"Looter","floor":11.0,"turns":2.0},{"damage":18.0,"enemies":"Gremlin Nob","floor":12.0,"turns":3.0},{"damage":14.0,"enemies":"Large Slime","floor":13.0,"turns":6.0},{"damage":6.0,"enemies":"Slime Boss","floor":16.0,"turns":9.0},{"damage":11.0,"enemies":"2 Thieves","floor":18.0,"turns":4.0},{"damage":1.0,"enemies":"Chosen","floor":19.0,"turns":4.0},{"damage":18.0,"enemies":"Shelled Parasite and Fungi","floor":21.0,"turns":4.0},{"damage":24.0,"enemies":"Book of Stabbing","floor":24.0,"turns":5.0},{"damage":15.0,"enemies":"Snake Plant","floor":25.0,"turns":3.0},{"damage":30.0,"enemies":"Gremlin Leader","floor":27.0,"turns":5.0},{"damage":30,"enemies":"Sentry and Sphere","floor":31,"turns":6},{"damage":94,"enemies":"Collector","floor":33,"turns":7}],"seed_played":"2628379920366559969","potions_obtained":[{"floor":1.0,"key":"Energy Potion"},{"floor":3.0,"key":"SteroidPotion"},{"floor":6.0,"key":"BloodPotion"},{"floor":11.0,"key":"SpeedPotion"},{"floor":24.0,"key":"BloodPotion"},{"floor":25.0,"key":"Fire Potion"},{"floor":31,"key":"AttackPotion"}],"is_trial":false,"path_per_floor":["M","$","M","M","?","E","M","R","T","R","M","E","M","?","R","B",null,"M","M","?","M","$","R","E","M","T","E","R","?","R","M","R","B"],"character_chosen":"IRONCLAD","items_purchased":["Inflame","Thunderclap","Apotheosis","FairyPotion"],"campfire_rested":2,"item_purchase_floors":[2,2,22,22],"current_hp_per_floor":[80,80,80,80,80,60,55,79,79,79,75,63,61,61,61,67,80,75,80,72,60,60,60,54,57,57,66,66,60,60,40,64,0],"gold":91,"neow_bonus":"THREE_ENEMY_KILL","is_prod":false,"is_daily":false,"chose_seed":false,"campfire_upgraded":4,"win_rate":0,"timestamp":1559434545,"path_taken":["M","$","?","?","?","E","M","R","T","R","?","E","M","?","R","BOSS","M","M","?","?","$","R","E","M","T","E","R","?","R","M","R","BOSS"],"build_version":"2019-01-23","purchased_purges":0,"victory":false,"max_hp_per_floor":[80,80,80,80,80,80,80,80,80,80,80,80,80,80,80,80,80,80,80,80,80,80,80,80,80,80,80,80,80,80,80,80,80],"card_choices":[{"not_picked":["Bloodletting","Evolve"],"picked":"Sever Soul","floor":1.0},{"not_picked":["Twin Strike","Sever Soul"],"picked":"Anger","floor":3.0},{"not_picked":["Seeing Red","Thunderclap"],"picked":"Flex","floor":4.0},{"not_picked":["Berserk","True Grit"],"picked":"Flex","floor":6.0},{"not_picked":["Sword Boomerang","Heavy Blade"],"picked":"Shrug It Off","floor":7.0},{"not_picked":["Thunderclap","Shrug It Off"],"picked":"Reaper","floor":11.0},{"not_picked":["Cleave","Havoc"],"picked":"Armaments","floor":12.0},{"not_picked":["Anger","Armaments"],"picked":"Cleave","floor":13.0},{"not_picked":["Exhume","Fiend Fire"],"picked":"Juggernaut","floor":16.0},{"not_picked":["Warcry+1","Twin Strike"],"picked":"Pommel Strike+1","floor":18.0},{"not_picked":["Flex","Corruption"],"picked":"Perfected Strike+1","floor":19.0},{"not_picked":["Sword Boomerang","Headbutt+1"],"picked":"Infernal Blade","floor":21.0},{"not_picked":["Sever Soul+1","Dual Wield"],"picked":"Reckless Charge+1","floor":24.0},{"not_picked":["Headbutt","Disarm"],"picked":"Sword Boomerang+1","floor":25.0},{"not_picked":["Blood for Blood","Sentinel"],"picked":"Armaments+1","floor":27.0},{"not_picked":["Bludgeon","Warcry"],"picked":"Heavy Blade+1","floor":31}],"player_experience":447991,"relics_obtained":[{"floor":6.0,"key":"Paper Frog"},{"floor":12.0,"key":"Thread and Needle"},{"floor":24.0,"key":"Bag of Marbles"},{"floor":26.0,"key":"Charon\u0027s Ashes"},{"floor":27.0,"key":"PreservedInsect"}],"event_choices":[{"cards_removed":["Strike_R"],"damage_healed":0.0,"max_hp_gain":0.0,"max_hp_loss":0.0,"gold_gain":0.0,"event_name":"Purifier","player_choice":"Purged","floor":5.0,"gold_loss":0.0,"damage_taken":0.0},{"damage_healed":0.0,"max_hp_gain":0.0,"max_hp_loss":0.0,"gold_gain":0.0,"cards_transformed":["Strike_R"],"event_name":"Transmorgrifier","player_choice":"Transformed","floor":14.0,"gold_loss":0.0,"damage_taken":0.0,"cards_obtained":["Hemokinesis"]},{"damage_healed":0.0,"max_hp_gain":0.0,"max_hp_loss":0.0,"gold_gain":0.0,"event_name":"Wheel of Change","player_choice":"Damaged","floor":20.0,"gold_loss":0.0,"damage_taken":8.0},{"damage_healed":0.0,"max_hp_gain":0.0,"max_hp_loss":0.0,"gold_gain":0.0,"event_name":"Nest","player_choice":"Joined the Cult","floor":29.0,"gold_loss":0.0,"damage_taken":6.0,"cards_obtained":["RitualDagger"]}],"is_beta":false,"boss_relics":[{"not_picked":["Sozu","Runic Cube"],"picked":"Cursed Key"}],"items_purged_floors":[],"is_endless":false,"potions_floor_spawned":[1,3,6,11,24,25,31],"killed_by":"Collector","ascension_level":0}