{"gold_per_floor":[111,122,197,197,39,39,70,70,147,147,147,162,162,182,182,182],"floor_reached":16,"playtime":516,"items_purged":["Strike_G"],"score":246,"play_id":"b513643e-4455-41ba-a861-92895c7cc2f7","local_time":"20190514161627","is_ascension_mode":true,"campfire_choices":[{"data":"Neutralize","floor":6,"key":"SMITH"},{"data":"Poisoned Stab","floor":10,"key":"SMITH"},{"data":"Crippling Poison","floor":13,"key":"SMITH"},{"data":"Survivor","floor":15,"key":"SMITH"}],"neow_cost":"NONE","seed_source_timestamp":1553263739199978,"circlet_count":0,"master_deck":["AscendersBane","Defend_G","Defend_G","Defend_G+1","Defend_G","Defend_G","Strike_G","Strike_G","Strike_G","Strike_G","Survivor+1","Neutralize+1","Deflect+1","Poisoned Stab+1","Crippling Poison+1"],"relics":["Ring of the Snake","NeowsBlessing","Centennial Puzzle","Meat on the Bone"],"potions_floor_usage":[14,14,16],"damage_taken":[{"damage":0,"enemies":"2 Louse","floor":1,"turns":1},{"damage":0,"enemies":"Small Slimes","floor":2,"turns":1},{"damage":0,"enemies":"Gremlin Nob","floor":7,"turns":1},{"damage":0,"enemies":"Jaw Worm","floor":12,"turns":4},{"damage":0,"enemies":"Large Slime","floor":14,"turns":10},{"damage":66,"enemies":"Slime Boss","floor":16,"turns":11}],"seed_played":"3198566718594324217","potions_obtained":[{"floor":2,"key":"SkillPotion"},{"floor":14,"key":"Regen Potion"}],"is_trial":false,"path_per_floor":["M","M","?","?","$","R","E","$","T","R","?","M","R","M","R","B"],"character_chosen":"THE_SILENT","items_purchased":["Regen Potion"],"campfire_rested":0,"item_purchase_floors":[5],"current_hp_per_floor":[59,59,48,28,28,28,28,28,28,28,28,40,40,55,55,4],"gold":182,"neow_bonus":"THREE_ENEMY_KILL","is_prod":false,"is_daily":false,"chose_seed":false,"campfire_upgraded":4,"win_rate":0,"timestamp":1557818187,"path_taken":["M","M","?","?","$","R","E","?","T","R","?","M","R","M","R","BOSS"],"build_version":"2019-05-07","purchased_purges":1,"victory":false,"max_hp_per_floor":[66,66,66,66,66,66,66,66,66,66,66,66,66,66,66,66],"card_choices":[{"not_picked":["Acrobatics","Finisher"],"picked":"Deflect","floor":1},{"not_picked":["Bane","Backflip"],"picked":"Poisoned Stab","floor":2},{"not_picked":["Dagger Throw","Prepared","Setup"],"picked":"SKIP","floor":7},{"not_picked":["Dodge and Roll","Underhanded Strike"],"picked":"Crippling Poison","floor":12},{"not_picked":["Acrobatics","Dodge and Roll","Sucker Punch"],"picked":"SKIP","floor":14}],"player_experience":3235198,"relics_obtained":[{"floor":7,"key":"Centennial Puzzle"},{"floor":9,"key":"Meat on the Bone"}],"event_choices":[{"damage_healed":0,"gold_gain":75,"player_choice":"Gather Gold","damage_taken":11,"max_hp_gain":0,"max_hp_loss":0,"event_name":"World of Goop","floor":3,"gold_loss":0},{"damage_healed":0,"gold_gain":0,"player_choice":"Entered Light","damage_taken":20,"max_hp_gain":0,"max_hp_loss":0,"event_name":"Shining Light","floor":4,"gold_loss":0,"cards_upgraded":["Defend_G","Deflect"]},{"damage_healed":0,"gold_gain":0,"player_choice":"Ignored","damage_taken":0,"max_hp_gain":0,"max_hp_loss":0,"event_name":"Liars Game","floor":11,"gold_loss":0}],"is_beta":true,"boss_relics":[],"items_purged_floors":[5],"is_endless":false,"potions_floor_spawned":[2,7,14],"killed_by":"Slime Boss","ascension_level":20}