{"gold_per_floor":[10,27,39,52,127,457,457,457,457,476,441,469,484,484],"floor_reached":14,"playtime":463,"items_purged":[],"score":184,"play_id":"73ff4a8e-c9a2-4130-ba2a-63640510f9af","local_time":"20190412004204","is_ascension_mode":true,"campfire_choices":[{"floor":7,"key":"REST"}],"neow_cost":"NO_GOLD","seed_source_timestamp":3050704685600,"circlet_count":0,"master_deck":["AscendersBane","Strike_B","Strike_B","Strike_B","Strike_B","Defend_B","Defend_B","Defend_B","Defend_B","Zap","Dualcast","Discovery","Madness","Tempest","Hologram","Rebound","Cold Snap","Creative AI","Leap","Aggregate"],"relics":["Cracked Core","Old Coin","Golden Idol","Thread and Needle","Odd Mushroom"],"potions_floor_usage":[6,14,14],"damage_taken":[{"damage":0,"enemies":"2 Louse","floor":1,"turns":2},{"damage":5,"enemies":"Small Slimes","floor":2,"turns":3},{"damage":12,"enemies":"Jaw Worm","floor":3,"turns":3},{"damage":5,"enemies":"Blue Slaver","floor":4,"turns":5},{"damage":27,"enemies":"3 Sentries","floor":6,"turns":9},{"damage":2,"enemies":"Red Slaver","floor":10,"turns":4},{"damage":18,"enemies":"The Mushroom Lair","floor":12,"turns":4},{"damage":5,"enemies":"Looter","floor":13,"turns":3},{"damage":19,"enemies":"Lagavulin","floor":14,"turns":7}],"seed_played":"-8152792634458260672","potions_obtained":[{"floor":1,"key":"Block Potion"},{"floor":10,"key":"Poison Potion"},{"floor":12,"key":"Block Potion"}],"is_trial":false,"path_per_floor":["M","M","M","M","?","E","R","?","T","M","?","?","M","E"],"character_chosen":"DEFECT","items_purchased":[],"campfire_rested":1,"item_purchase_floors":[],"current_hp_per_floor":[64,59,47,42,31,4,25,25,25,23,39,21,16,0],"gold":484,"neow_bonus":"RANDOM_COLORLESS_2","is_prod":false,"is_daily":false,"chose_seed":false,"campfire_upgraded":0,"win_rate":0,"timestamp":1554997324,"path_taken":["M","M","M","M","?","E","R","?","T","M","?","?","?","E"],"build_version":"2019-01-23","purchased_purges":0,"victory":false,"max_hp_per_floor":[71,71,71,71,71,71,71,64,64,64,64,64,64,64],"card_choices":[{"not_picked":["Steam","Stack"],"picked":"Tempest","floor":1},{"not_picked":["Coolheaded","Storm"],"picked":"Hologram","floor":2},{"not_picked":["Barrage","Hologram"],"picked":"Rebound","floor":3},{"not_picked":["Rebound","Defragment","Gash"],"picked":"SKIP","floor":4},{"not_picked":["Redo","Gash"],"picked":"Cold Snap","floor":6},{"not_picked":["Sweeping Beam","Compile Driver"],"picked":"Creative AI","floor":10},{"not_picked":["Hologram","Go for the Eyes"],"picked":"Leap","floor":12},{"not_picked":["Compile Driver","Stack"],"picked":"Aggregate","floor":13}],"player_experience":4756755,"relics_obtained":[{"floor":6,"key":"Old Coin"},{"floor":9,"key":"Thread and Needle"},{"floor":12,"key":"Odd Mushroom"}],"event_choices":[{"damage_healed":0,"gold_gain":75,"player_choice":"Gather Gold","damage_taken":11,"max_hp_gain":0,"max_hp_loss":0,"event_name":"World of Goop","floor":5,"gold_loss":0},{"damage_healed":0,"gold_gain":0,"player_choice":"Lose Max HP","damage_taken":0,"relics_obtained":["Golden Idol"],"max_hp_gain":0,"max_hp_loss":7,"event_name":"Golden Idol","floor":8,"gold_loss":0},{"damage_healed":16,"gold_gain":0,"player_choice":"Healed","damage_taken":0,"max_hp_gain":0,"max_hp_loss":0,"event_name":"The Cleric","floor":11,"gold_loss":35},{"damage_healed":0,"gold_gain":0,"player_choice":"Fought Mushrooms","damage_taken":0,"max_hp_gain":0,"max_hp_loss":0,"event_name":"Mushrooms","floor":12,"gold_loss":0}],"is_beta":false,"boss_relics":[],"items_purged_floors":[],"is_endless":false,"potions_floor_spawned":[1,10,12,13],"killed_by":"Lagavulin","ascension_level":20}