{"gold_per_floor":[112,128,139,64,64,107,119,151,216,228,275,287,15,45,45,122,122,141,154,69,69,101,101,119,119,119,138,152,180,198,223,223,296,296,316,327,35,35,50,50,79,79,79,79,93,93,123,135,135,135,135,135,35,69,69],"floor_reached":56,"playtime":6921,"items_purged":["Neutralize","Deadly Poison"],"score":2170,"play_id":"d026fae3-3365-4dcc-9eae-ba7c37c13afb","local_time":"20190509232454","is_ascension_mode":true,"campfire_choices":[{"data":"Burst","floor":7.0,"key":"SMITH"},{"floor":10.0,"key":"REST"},{"floor":12.0,"key":"REST"},{"floor":15.0,"key":"REST"},{"floor":23.0,"key":"REST"},{"floor":25.0,"key":"REST"},{"data":"Footwork","floor":32.0,"key":"SMITH"},{"data":"Wraith Form v2","floor":40.0,"key":"SMITH"},{"data":"Endless Agony+1","floor":42.0,"key":"PURGE"},{"floor":44.0,"key":"REST"},{"floor":49.0,"key":"RECALL"},{"data":"Calculated Gamble","floor":52.0,"key":"SMITH"}],"neow_cost":"TEN_PERCENT_HP_LOSS","seed_source_timestamp":1139810101367694,"circlet_count":0,"master_deck":["AscendersBane","Survivor","Burst+1","PiercingWail","Bouncing Flask","Deflect","Backflip+1","Predator+1","Sucker Punch+1","Malaise","Blur+1","Calculated Gamble+1","Poisoned Stab+1","Venomology","Footwork+1","Riddle With Holes+1","Wraith Form v2+1","Dodge and Roll","Infinite Blades","Footwork","PiercingWail","PiercingWail","A Thousand Cuts","Night Terror","Acrobatics+1","Riddle With Holes+1","Underhanded Strike+1","Underhanded Strike+1","Dash+1","Tools of the Trade","Footwork"],"special_seed":0,"relics":["Ring of the Snake","MawBank","Potion Belt","Odd Mushroom","Happy Flower","Molten Egg 2","Letter Opener","Shuriken","Pandora\u0027s Box","Pantograph","Red Mask","War Paint","Paper Crane","Snecko Eye","Chemical X","Peace Pipe","Bottled Flame","Dodecahedron","Nunchaku"],"potions_floor_usage":[55,55,55,55,55,55,55,55,55,55],"damage_taken":[{"damage":0.0,"enemies":"Small Slimes","floor":1.0,"turns":6.0},{"damage":13.0,"enemies":"Jaw Worm","floor":2.0,"turns":6.0},{"damage":0.0,"enemies":"Cultist","floor":3.0,"turns":4.0},{"damage":0.0,"enemies":"Lagavulin","floor":6.0,"turns":7.0},{"damage":18.0,"enemies":"The Mushroom Lair","floor":8.0,"turns":8.0},{"damage":14.0,"enemies":"3 Sentries","floor":11.0,"turns":13.0},{"damage":16.0,"enemies":"Lagavulin","floor":14.0,"turns":4.0},{"damage":17.0,"enemies":"Slime Boss","floor":16.0,"turns":11.0},{"damage":4.0,"enemies":"2 Thieves","floor":18.0,"turns":5.0},{"damage":7.0,"enemies":"3 Byrds","floor":19.0,"turns":6.0},{"damage":21.0,"enemies":"Masked Bandits","floor":22.0,"turns":5.0},{"damage":5.0,"enemies":"Centurion and Healer","floor":24.0,"turns":8.0},{"damage":0.0,"enemies":"Snake Plant","floor":27.0,"turns":5.0},{"damage":2.0,"enemies":"Sentry and Sphere","floor":28.0,"turns":5.0},{"damage":1.0,"enemies":"Gremlin Leader","floor":29.0,"turns":7.0},{"damage":0.0,"enemies":"Centurion and Healer","floor":30.0,"turns":8.0},{"damage":9.0,"enemies":"Book of Stabbing","floor":31.0,"turns":8.0},{"damage":6.0,"enemies":"Champ","floor":33.0,"turns":18.0},{"damage":0.0,"enemies":"3 Shapes","floor":35.0,"turns":5.0},{"damage":0.0,"enemies":"Orb Walker","floor":36.0,"turns":3.0},{"damage":30.0,"enemies":"Sphere and 2 Shapes","floor":39.0,"turns":7.0},{"damage":19.0,"enemies":"Reptomancer","floor":41.0,"turns":5.0},{"damage":7.0,"enemies":"Writhing Mass","floor":45.0,"turns":8.0},{"damage":4.0,"enemies":"Nemesis","floor":47.0,"turns":9.0},{"damage":0.0,"enemies":"Transient","floor":48.0,"turns":6.0},{"damage":0.0,"enemies":"Awakened One","floor":50.0,"turns":11.0},{"damage":1.0,"enemies":"Shield and Spear","floor":54.0,"turns":3.0},{"damage":48,"enemies":"The Heart","floor":55,"turns":10}],"seed_played":"612309066087579352","potions_obtained":[{"floor":3.0,"key":"SpeedPotion"},{"floor":8.0,"key":"Block Potion"},{"floor":11.0,"key":"Weak Potion"},{"floor":18.0,"key":"Poison Potion"},{"floor":19.0,"key":"EssenceOfSteel"},{"floor":24.0,"key":"Fire Potion"},{"floor":27.0,"key":"Strength Potion"},{"floor":30.0,"key":"Dexterity Potion"},{"floor":41.0,"key":"LiquidBronze"},{"floor":45.0,"key":"Regen Potion"},{"floor":46.0,"key":"Ancient Potion"}],"is_trial":false,"path_per_floor":["M","M","M","$","?","E","R","?","T","R","E","R","$","E","R","B",null,"M","M","?","$","?","R","M","R","T","M","M","E","M","E","R","B",null,"M","M","$","?","M","R","E","R","T","R","M","?","E","M","R","B",null,"R","$","E","B",null],"character_chosen":"THE_SILENT","items_purchased":["Bouncing Flask","Letter Opener","Chemical X"],"campfire_rested":6,"item_purchase_floors":[4,13,37],"current_hp_per_floor":[59,46,46,46,28,28,28,10,10,28,14,32,32,16,34,17,49,45,38,38,38,17,35,30,48,48,48,46,60,60,51,51,54,59,59,59,59,59,44,44,25,25,25,43,36,36,47,47,47,60,60,60,60,59,27],"gold":69,"neow_bonus":"THREE_RARE_CARDS","is_prod":false,"is_daily":false,"chose_seed":false,"campfire_upgraded":4,"win_rate":0,"timestamp":1557411894,"path_taken":["M","M","M","$","?","E","R","?","T","R","E","R","?","E","R","BOSS","M","?","?","?","?","R","M","R","T","M","M","E","M","E","R","BOSS","M","M","$","?","M","R","E","R","T","R","?","?","E","M","R","BOSS","R","$","E","BOSS"],"build_version":"2019-05-07","purchased_purges":2,"victory":true,"max_hp_per_floor":[60,60,60,60,60,60,60,60,60,60,60,60,60,60,60,60,60,60,60,60,60,60,60,60,60,60,60,60,60,60,60,60,60,60,60,60,60,60,60,60,60,60,60,60,60,60,60,60,60,60,60,60,60,60,60],"card_choices":[{"not_picked":["Envenom","Phantasmal Killer"],"picked":"Burst","floor":0.0},{"not_picked":["Dagger Throw","Poisoned Stab","Underhanded Strike"],"picked":"SKIP","floor":1.0},{"not_picked":["Backflip","Dagger Throw"],"picked":"Deadly Poison","floor":2.0},{"not_picked":["Sucker Punch","Terror"],"picked":"PiercingWail","floor":3.0},{"not_picked":["Dodge and Roll","Underhanded Strike"],"picked":"Deflect","floor":6.0},{"not_picked":["Terror","Deflect"],"picked":"Backflip","floor":8.0},{"not_picked":["Quick Slash","Expertise"],"picked":"Predator","floor":11.0},{"not_picked":["Quick Slash+1","Grand Finale+1"],"picked":"Sucker Punch+1","floor":14.0},{"not_picked":["Unload+1","Storm of Steel"],"picked":"Malaise","floor":16.0},{"not_picked":["Quick Slash+1","Acrobatics","Poisoned Stab+1"],"picked":"SKIP","floor":18.0},{"not_picked":["Skewer+1","Infinite Blades"],"picked":"Endless Agony+1","floor":19.0},{"not_picked":["Eviscerate+1","Acrobatics"],"picked":"PiercingWail","floor":22.0},{"not_picked":["Bouncing Flask","Bane+1","Prepared"],"picked":"SKIP","floor":24.0},{"not_picked":["Bane+1","Heel Hook+1","Dagger Spray+1"],"picked":"SKIP","floor":27.0},{"not_picked":["Poisoned Stab+1","Bane+1"],"picked":"PiercingWail","floor":28.0},{"not_picked":["PiercingWail","Outmaneuver"],"picked":"A Thousand Cuts","floor":29.0},{"not_picked":["Underhanded Strike+1","Outmaneuver","Dodge and Roll"],"picked":"SKIP","floor":30.0},{"not_picked":["Slice+1","Tactician+1","Expertise"],"picked":"SKIP","floor":31.0},{"not_picked":["Venomology","Grand Finale+1"],"picked":"Night Terror","floor":33.0},{"not_picked":["Dodge and Roll","Slice+1"],"picked":"Acrobatics+1","floor":35.0},{"not_picked":["Bane+1","Calculated Gamble"],"picked":"Riddle With Holes+1","floor":36.0},{"not_picked":["Backstab+1","Finisher+1"],"picked":"Underhanded Strike+1","floor":39.0},{"not_picked":["Deadly Poison","Concentrate"],"picked":"Underhanded Strike+1","floor":41.0},{"not_picked":["Blade Dance","Slice+1"],"picked":"Dash+1","floor":45.0},{"not_picked":["Flying Knee+1","Skewer+1"],"picked":"Tools of the Trade","floor":47.0},{"not_picked":["Prepared","Dodge and Roll","Poisoned Stab+1"],"picked":"SKIP","floor":48.0},{"not_picked":["Dagger Spray+1","Slice+1"],"picked":"Footwork","floor":54.0}],"player_experience":3170453,"relics_obtained":[{"floor":6.0,"key":"Potion Belt"},{"floor":8.0,"key":"Odd Mushroom"},{"floor":9.0,"key":"Happy Flower"},{"floor":11.0,"key":"Molten Egg 2"},{"floor":14.0,"key":"Shuriken"},{"floor":22.0,"key":"Red Mask"},{"floor":29.0,"key":"War Paint"},{"floor":31.0,"key":"Paper Crane"},{"floor":41.0,"key":"Peace Pipe"},{"floor":43.0,"key":"Bottled Flame"},{"floor":47.0,"key":"Dodecahedron"},{"floor":54.0,"key":"Nunchaku"}],"event_choices":[{"damage_healed":0.0,"max_hp_gain":0.0,"max_hp_loss":0.0,"gold_gain":0.0,"event_name":"Scrap Ooze","player_choice":"Success","floor":5.0,"gold_loss":0.0,"damage_taken":18.0,"relics_obtained":["MawBank"]},{"damage_healed":0.0,"max_hp_gain":0.0,"max_hp_loss":0.0,"gold_gain":0.0,"event_name":"Mushrooms","player_choice":"Fought Mushrooms","floor":8.0,"gold_loss":0.0,"damage_taken":0.0},{"damage_healed":0.0,"max_hp_gain":0.0,"max_hp_loss":0.0,"gold_gain":0.0,"event_name":"Addict","player_choice":"Obtained Relic","floor":20.0,"gold_loss":85.0,"damage_taken":0.0,"relics_obtained":["Pantograph"]},{"damage_healed":0.0,"max_hp_gain":0.0,"max_hp_loss":0.0,"gold_gain":0.0,"event_name":"Masked Bandits","player_choice":"Fought Bandits","floor":22.0,"gold_loss":0.0,"damage_taken":0.0},{"damage_healed":0.0,"max_hp_gain":0.0,"max_hp_loss":0.0,"gold_gain":0.0,"event_name":"Match and Keep!","player_choice":"0 cards matched","floor":38.0,"gold_loss":0.0,"damage_taken":0.0,"cards_obtained":[]},{"damage_healed":0.0,"max_hp_gain":0.0,"max_hp_loss":0.0,"gold_gain":0.0,"event_name":"Lab","player_choice":"Got Potions","floor":46.0,"gold_loss":0.0,"damage_taken":0.0}],"is_beta":true,"boss_relics":[{"not_picked":["Philosopher\u0027s Stone","Sozu"],"picked":"Pandora\u0027s Box"},{"not_picked":["Astrolabe","Busted Crown"],"picked":"Snecko Eye"}],"items_purged_floors":[37,53],"is_endless":false,"potions_floor_spawned":[3,8,11,18,19,24,27,30,41,45,48],"ascension_level":17}