{"gold_per_floor":[111,111,186,196,196,196,161,11,11,11,27,68,68,89,89,187,187,206,229,7,30,30,30,30,45,69,69,84,84,3,3,3,74,74,74],"floor_reached":35,"playtime":7871,"items_purged":["Strike_G","Strike_G"],"score":718,"play_id":"33252dde-cb23-4ef8-a8dc-83217fdcd4aa","local_time":"20190602172933","is_ascension_mode":true,"campfire_choices":[{"floor":6.0,"key":"REST"},{"data":"Footwork","floor":10.0,"key":"SMITH"},{"data":"Neutralize","floor":13.0,"key":"SMITH"},{"data":"Dash","floor":15.0,"key":"SMITH"},{"data":"After Image","floor":23.0,"key":"SMITH"},{"floor":27.0,"key":"REST"},{"floor":32.0,"key":"REST"}],"neow_cost":"PERCENT_DAMAGE","seed_source_timestamp":0,"circlet_count":0,"master_deck":["AscendersBane","Defend_G","Defend_G","Defend_G","Defend_G","Survivor","Neutralize+1","Dash+1","Flying Knee","Footwork+1","Sucker Punch","Caltrops","Distraction","After Image+1","Leg Sweep+1","Quick Slash","Deflect","Distraction","Heel Hook","Acrobatics+1","Noxious Fumes","Malaise","Tactician+1","Deflect+1","Well Laid Plans+1"],"special_seed":0,"relics":["Ring of the Snake","Smiling Mask","Omamori","Happy Flower","Sozu","Blood Vial","Lantern","Nloth\u0027s Gift","Astrolabe"],"potions_floor_usage":[],"damage_taken":[{"damage":2.0,"enemies":"Small Slimes","floor":1.0,"turns":3.0},{"damage":4.0,"enemies":"Jaw Worm","floor":4.0,"turns":4.0},{"damage":0.0,"enemies":"2 Louse","floor":11.0,"turns":5.0},{"damage":4.0,"enemies":"Lagavulin","floor":12.0,"turns":7.0},{"damage":12.0,"enemies":"Large Slime","floor":14.0,"turns":7.0},{"damage":26.0,"enemies":"The Guardian","floor":16.0,"turns":16.0},{"damage":0.0,"enemies":"Spheric Guardian","floor":18.0,"turns":6.0},{"damage":12.0,"enemies":"Chosen","floor":19.0,"turns":7.0},{"damage":2.0,"enemies":"Snecko","floor":21.0,"turns":11.0},{"damage":43.0,"enemies":"3 Cultists","floor":25.0,"turns":11.0},{"damage":0.0,"enemies":"Centurion and Healer","floor":28.0,"turns":9.0},{"damage":15.0,"enemies":"Collector","floor":33.0,"turns":19.0},{"damage":7,"enemies":"3 Shapes","floor":35,"turns":2}],"seed_played":"-2248175903091966626","potions_obtained":[{"floor":4.0,"key":"FearPotion"},{"floor":12.0,"key":"Weak Potion"}],"is_trial":false,"path_per_floor":["M","?","?","M","?","R","?","$","T","R","M","E","R","M","R","B",null,"M","M","$","M","?","R","?","M","T","R","M","?","$","?","R","B",null,"M"],"character_chosen":"THE_SILENT","items_purchased":["Footwork","Strength Potion","Blood Vial","Noxious Fumes"],"campfire_rested":3,"item_purchase_floors":[8,8,20,30],"current_hp_per_floor":[54,36,25,21,21,42,59,59,59,59,59,55,55,43,43,17,58,58,46,46,46,46,46,46,5,5,26,28,28,28,28,49,36,62,57],"gold":74,"neow_bonus":"TWENTY_PERCENT_HP_BONUS","is_prod":false,"is_daily":false,"chose_seed":false,"campfire_upgraded":4,"win_rate":0,"timestamp":1559464173,"path_taken":["M","?","?","M","?","R","?","$","T","R","M","E","R","M","R","BOSS","M","M","$","M","?","R","?","?","T","R","M","?","$","?","R","BOSS","M"],"build_version":"2019-06-01","purchased_purges":2,"victory":false,"max_hp_per_floor":[78,78,78,78,71,71,71,71,71,71,71,71,71,71,71,71,71,71,71,71,71,71,71,71,71,71,71,71,71,71,71,71,71,71,71],"card_choices":[{"not_picked":["Cloak And Dagger","Setup"],"picked":"Dash","floor":1.0},{"not_picked":["Underhanded Strike","Backflip"],"picked":"Flying Knee","floor":4.0},{"not_picked":["Quick Slash","Bane"],"picked":"Sucker Punch","floor":11.0},{"not_picked":["Outmaneuver","Poisoned Stab"],"picked":"Caltrops","floor":12.0},{"not_picked":["Blade Dance","Choke"],"picked":"Distraction","floor":14.0},{"not_picked":["Glass Knife","Bullet Time"],"picked":"After Image","floor":16.0},{"not_picked":["Calculated Gamble+1","Quick Slash"],"picked":"Leg Sweep+1","floor":18.0},{"not_picked":["Dagger Throw","Leg Sweep"],"picked":"Quick Slash","floor":19.0},{"not_picked":["Dagger Spray","Masterful Stab"],"picked":"Deflect","floor":21.0},{"not_picked":["Slice","Bane"],"picked":"Heel Hook","floor":25.0},{"not_picked":["Sucker Punch","Deadly Poison"],"picked":"Acrobatics+1","floor":28.0},{"not_picked":["Phantasmal Killer","A Thousand Cuts"],"picked":"Malaise","floor":33.0}],"player_experience":3374904,"relics_obtained":[{"floor":9.0,"key":"Omamori"},{"floor":12.0,"key":"Happy Flower"},{"floor":26.0,"key":"Lantern"}],"event_choices":[{"damage_healed":0.0,"max_hp_gain":0.0,"max_hp_loss":0.0,"gold_gain":0.0,"event_name":"Scrap Ooze","player_choice":"Success","floor":2.0,"gold_loss":0.0,"damage_taken":18.0,"relics_obtained":["Smiling Mask"]},{"damage_healed":0.0,"max_hp_gain":0.0,"max_hp_loss":0.0,"gold_gain":75.0,"event_name":"World of Goop","player_choice":"Gather Gold","floor":3.0,"gold_loss":0.0,"damage_taken":11.0},{"damage_healed":0.0,"max_hp_gain":0.0,"max_hp_loss":7.0,"gold_gain":0.0,"event_name":"Golden Idol","player_choice":"Lose Max HP","floor":5.0,"gold_loss":0.0,"damage_taken":0.0,"relics_obtained":["Golden Idol"]},{"damage_healed":17.0,"max_hp_gain":0.0,"max_hp_loss":0.0,"gold_gain":0.0,"event_name":"The Cleric","player_choice":"Healed","floor":7.0,"gold_loss":35.0,"damage_taken":0.0},{"damage_healed":0.0,"max_hp_gain":0.0,"max_hp_loss":0.0,"gold_gain":0.0,"cards_transformed":["Strike_G","Strike_G"],"event_name":"Drug Dealer","player_choice":"Became Test Subject","floor":22.0,"gold_loss":0.0,"damage_taken":0.0,"cards_obtained":["Distraction","Reflex"]},{"damage_healed":0.0,"max_hp_gain":0.0,"max_hp_loss":0.0,"gold_gain":0.0,"event_name":"Lab","player_choice":"Got Potions","floor":24.0,"gold_loss":0.0,"damage_taken":0.0},{"damage_healed":0.0,"max_hp_gain":0.0,"max_hp_loss":0.0,"gold_gain":0.0,"event_name":"Ghosts","player_choice":"Ignored","floor":29.0,"gold_loss":0.0,"damage_taken":0.0},{"damage_healed":0.0,"max_hp_gain":0.0,"max_hp_loss":0.0,"gold_gain":0.0,"event_name":"N\u0027loth","player_choice":"Traded Relic","floor":31.0,"relics_lost":["Golden Idol"],"gold_loss":0.0,"damage_taken":0.0,"relics_obtained":["Nloth\u0027s Gift"]}],"is_beta":true,"boss_relics":[{"not_picked":["HoveringKite","Philosopher\u0027s Stone"],"picked":"Sozu"},{"not_picked":["Ring of the Serpent","Cursed Key"],"picked":"Astrolabe"}],"items_purged_floors":[8,20],"is_endless":false,"potions_floor_spawned":[4,12,18,19,28,33],"killed_by":"3 Shapes","ascension_level":18}