{"gold_per_floor":[110,110,185,64,29,29,62,82,107,138,155,155,155,175,175,246,246,261,274,274,274],"floor_reached":21,"playtime":1337,"items_purged":[],"score":445,"play_id":"e498fc3a-83c9-49dc-8a56-21618f842c72","local_time":"20190108164951","is_ascension_mode":true,"campfire_choices":[{"data":"Self Repair","floor":6,"key":"SMITH"},{"data":"Zap","floor":13,"key":"SMITH"},{"data":"Hologram","floor":15,"key":"SMITH"}],"neow_cost":"NONE","seed_source_timestamp":514974863769598,"circlet_count":0,"master_deck":["AscendersBane","Defend_B+1","Defend_B","Defend_B","Defend_B","Zap+1","Dualcast","Streamline","White Noise","Self Repair+1","Coolheaded","Undo","Genetic Algorithm","Conserve Battery","Hologram+1","Machine Learning","Fusion+1","Bite","Bite","Bite","Bite","Bite"],"relics":["Cracked Core","NeowsBlessing","Juzu Bracelet","Odd Mushroom","PreservedInsect","Regal Pillow","Coffee Dripper"],"potions_floor_usage":[18,21],"damage_taken":[{"damage":0,"enemies":"Jaw Worm","floor":1,"turns":1},{"damage":0,"enemies":"Gremlin Nob","floor":7,"turns":1},{"damage":0,"enemies":"The Mushroom Lair","floor":8,"turns":1},{"damage":11,"enemies":"Lagavulin","floor":10,"turns":8},{"damage":7,"enemies":"Small Slimes","floor":11,"turns":5},{"damage":0,"enemies":"2 Louse","floor":14,"turns":4},{"damage":59,"enemies":"Slime Boss","floor":16,"turns":12},{"damage":10,"enemies":"Spheric Guardian","floor":18,"turns":8},{"damage":10,"enemies":"Shell Parasite","floor":19,"turns":7},{"damage":57,"enemies":"Cultist and Chosen","floor":21,"turns":5}],"seed_played":"-611853693124967870","potions_obtained":[{"floor":10,"key":"Dexterity Potion"},{"floor":16,"key":"Energy Potion"},{"floor":19,"key":"FocusPotion"}],"is_trial":false,"path_per_floor":["M","?","?","$","?","R","E","?","T","E","M","?","R","M","R","B",null,"M","M","?","M"],"character_chosen":"DEFECT","items_purchased":["White Noise","Self Repair"],"campfire_rested":0,"item_purchase_floors":[4,4],"current_hp_per_floor":[64,43,32,32,49,49,59,69,69,68,71,76,76,76,76,27,64,64,64,53,0],"gold":274,"neow_bonus":"THREE_ENEMY_KILL","is_prod":false,"is_daily":false,"chose_seed":false,"campfire_upgraded":3,"win_rate":0,"timestamp":1546933791,"path_taken":["M","?","?","?","?","R","E","?","T","E","M","?","R","M","R","BOSS","M","M","?","M"],"build_version":"2019-01-03v4","purchased_purges":0,"victory":false,"max_hp_per_floor":[71,71,71,71,71,71,71,71,71,71,71,76,76,76,76,76,76,76,76,53,53],"card_choices":[{"not_picked":["Stack","Aggregate"],"picked":"Streamline","floor":1},{"not_picked":["Rebound","Stack"],"picked":"Coolheaded","floor":7},{"not_picked":["Steam","Storm"],"picked":"Undo","floor":8},{"not_picked":["Leap","Stack"],"picked":"Genetic Algorithm","floor":10},{"not_picked":["Auto Shields","Amplify"],"picked":"Conserve Battery","floor":11},{"not_picked":["Hello World","Steam Power"],"picked":"Hologram","floor":14},{"not_picked":["Reboot","Biased Cognition"],"picked":"Machine Learning","floor":16},{"not_picked":["Sweeping Beam","Storm","Darkness+1"],"picked":"SKIP","floor":18},{"not_picked":["Cold Snap","Glacier"],"picked":"Fusion+1","floor":19}],"player_experience":2618043,"relics_obtained":[{"floor":7,"key":"Juzu Bracelet"},{"floor":8,"key":"Odd Mushroom"},{"floor":9,"key":"PreservedInsect"},{"floor":10,"key":"Regal Pillow"}],"event_choices":[{"damage_healed":0,"gold_gain":0,"player_choice":"Entered Light","damage_taken":21,"max_hp_gain":0,"max_hp_loss":0,"event_name":"Shining Light","floor":2,"gold_loss":0,"cards_upgraded":["Strike_B","Defend_B"]},{"damage_healed":0,"gold_gain":75,"player_choice":"Gather Gold","damage_taken":11,"max_hp_gain":0,"max_hp_loss":0,"event_name":"World of Goop","floor":3,"gold_loss":0},{"damage_healed":17,"gold_gain":0,"player_choice":"Healed","damage_taken":0,"max_hp_gain":0,"max_hp_loss":0,"event_name":"The Cleric","floor":5,"gold_loss":35},{"damage_healed":0,"gold_gain":0,"player_choice":"Fought Mushrooms","damage_taken":0,"max_hp_gain":0,"max_hp_loss":0,"event_name":"Mushrooms","floor":8,"gold_loss":0},{"damage_healed":0,"gold_gain":0,"player_choice":"Donut","damage_taken":0,"max_hp_gain":5,"max_hp_loss":0,"event_name":"Big Fish","floor":12,"gold_loss":0},{"damage_healed":0,"gold_gain":0,"player_choice":"Became a vampire","damage_taken":0,"max_hp_gain":0,"max_hp_loss":23,"event_name":"Vampires","floor":20,"gold_loss":0,"cards_obtained":["Bite","Bite","Bite","Bite","Bite"]}],"is_beta":true,"boss_relics":[{"not_picked":["Orrery","Astrolabe"],"picked":"Coffee Dripper"}],"items_purged_floors":[],"is_endless":false,"potions_floor_spawned":[10,16,19],"killed_by":"Cultist and Chosen","ascension_level":20}