{"gold_per_floor":[114,133,133,147,162,162,188,188,188,188,204,238,66,66],"floor_reached":14,"playtime":684,"items_purged":[],"score":185,"play_id":"07568d7c-eeb0-4546-9dd9-8555ce8af29c","local_time":"20190422234008","is_ascension_mode":true,"campfire_choices":[{"data":"Static Discharge","floor":6,"key":"SMITH"},{"data":"Sunder","floor":8,"key":"SMITH"},{"data":"Zap","floor":10,"key":"SMITH"}],"neow_cost":"TEN_PERCENT_HP_LOSS","seed_source_timestamp":891803343559293,"circlet_count":0,"master_deck":["AscendersBane","Strike_B","Strike_B","Defend_B","Defend_B","Defend_B","Defend_B","Zap+1","Dualcast","Blizzard","Static Discharge+1","Auto Shields","Cold Snap","Sunder+1","Hologram","Multi-Cast"],"relics":["Cracked Core","Bottled Flame","Bottled Lightning","Bottled Tornado","Blood Vial"],"potions_floor_usage":[5,14],"damage_taken":[{"damage":8,"enemies":"Small Slimes","floor":1,"turns":3},{"damage":1,"enemies":"Cultist","floor":2,"turns":4},{"damage":3,"enemies":"2 Louse","floor":4,"turns":3},{"damage":0,"enemies":"Looter","floor":5,"turns":4},{"damage":20,"enemies":"Gremlin Nob","floor":7,"turns":5},{"damage":2,"enemies":"2 Fungi Beasts","floor":11,"turns":3},{"damage":15,"enemies":"3 Sentries","floor":12,"turns":4},{"damage":28,"enemies":"Lagavulin","floor":14,"turns":6}],"seed_played":"-5701009121571753723","potions_obtained":[{"floor":1,"key":"Explosive Potion"},{"floor":2,"key":"LiquidBronze"},{"floor":12,"key":"FearPotion"}],"is_trial":false,"path_per_floor":["M","M","?","M","M","R","E","R","T","R","M","E","$","E"],"character_chosen":"DEFECT","items_purchased":["Blood Vial"],"campfire_rested":0,"item_purchase_floors":[13],"current_hp_per_floor":[56,55,55,52,52,52,32,32,32,32,30,15,15,0],"gold":66,"neow_bonus":"TRANSFORM_TWO_CARDS","is_prod":false,"is_daily":false,"chose_seed":false,"campfire_upgraded":3,"win_rate":0,"timestamp":1555944008,"path_taken":["M","M","?","M","?","R","E","R","T","R","M","E","?","E"],"build_version":"2019-04-21","purchased_purges":0,"victory":false,"max_hp_per_floor":[64,64,64,64,64,64,64,64,64,64,64,64,64,64],"card_choices":[{"not_picked":["Sweeping Beam","Redo"],"picked":"Auto Shields","floor":1},{"not_picked":["Hello World","Consume","Redo"],"picked":"SKIP","floor":2},{"not_picked":["Rebound","Meteor Strike"],"picked":"Cold Snap","floor":4},{"not_picked":["Leap","Turbo"],"picked":"Sunder","floor":5},{"not_picked":["Gash","Barrage","Turbo"],"picked":"SKIP","floor":7},{"not_picked":["Darkness","Storm"],"picked":"Hologram","floor":11},{"not_picked":["Coolheaded","Beam Cell"],"picked":"Multi-Cast","floor":12}],"player_experience":3013779,"relics_obtained":[{"floor":7,"key":"Bottled Flame"},{"floor":9,"key":"Bottled Lightning"},{"floor":12,"key":"Bottled Tornado"}],"event_choices":[{"damage_healed":0,"gold_gain":0,"player_choice":"0 cards matched","damage_taken":0,"max_hp_gain":0,"max_hp_loss":0,"event_name":"Match and Keep!","floor":3,"gold_loss":0,"cards_obtained":[]}],"is_beta":true,"boss_relics":[],"items_purged_floors":[],"is_endless":false,"potions_floor_spawned":[1,2,12],"killed_by":"Lagavulin","ascension_level":17}