{"gold_per_floor":[113,388,313,339,264,298,313,343,366,380,380,400,420,420],"floor_reached":14,"playtime":447,"items_purged":["Regret"],"score":231,"play_id":"b9097e70-2e9b-4b79-86b0-23f172ca9daf","local_time":"20190408234603","is_ascension_mode":true,"campfire_choices":[{"floor":11,"key":"REST"}],"neow_cost":"NONE","seed_source_timestamp":3452647919584013,"circlet_count":0,"master_deck":["AscendersBane","Strike_B","Strike_B","Strike_B","Defend_B","Defend_B","Defend_B","Defend_B","Zap","Dualcast","White Noise","Defragment","Go for the Eyes","Genetic Algorithm","Hologram","Gash","Coolheaded"],"relics":["Cracked Core","NeowsBlessing","Pen Nib","Pear","Strawberry","PreservedInsect"],"potions_floor_usage":[8],"damage_taken":[{"damage":0,"enemies":"2 Louse","floor":1,"turns":1},{"damage":0,"enemies":"Lagavulin","floor":6,"turns":1},{"damage":0,"enemies":"Cultist","floor":7,"turns":1},{"damage":50,"enemies":"3 Sentries","floor":8,"turns":8},{"damage":12,"enemies":"Small Slimes","floor":10,"turns":3},{"damage":41,"enemies":"Exordium Thugs","floor":12,"turns":5},{"damage":1,"enemies":"Gremlin Gang","floor":13,"turns":8},{"damage":0,"enemies":"Exordium Wildlife","floor":14,"turns":1}],"seed_played":"1692693943325847481","potions_obtained":[{"floor":1,"key":"Swift Potion"},{"floor":8,"key":"Dexterity Potion"},{"floor":12,"key":"Ancient Potion"},{"floor":13,"key":"Strength Potion"}],"is_trial":false,"path_per_floor":["M","?","$","T","?","E","M","E","T","M","R","M","M","M"],"character_chosen":"DEFECT","items_purchased":[],"campfire_rested":1,"item_purchase_floors":[],"current_hp_per_floor":[64,64,64,64,64,74,74,31,31,19,45,4,3,3],"gold":420,"neow_bonus":"THREE_ENEMY_KILL","is_prod":false,"is_daily":false,"chose_seed":false,"campfire_upgraded":0,"win_rate":0,"timestamp":1554734763,"path_taken":["M","?","$","?","?","E","M","E","T","M","R","M","M","M"],"build_version":"2019-04-04","purchased_purges":1,"victory":false,"max_hp_per_floor":[71,71,71,71,71,81,81,88,88,88,88,88,88,88],"card_choices":[{"not_picked":["Hologram","Rebound"],"picked":"White Noise","floor":1},{"not_picked":["Aggregate","Stack"],"picked":"Defragment","floor":6},{"not_picked":["Rebound","Steam"],"picked":"Go for the Eyes","floor":7},{"not_picked":["Rebound","Redo"],"picked":"Genetic Algorithm","floor":8},{"not_picked":["Compile Driver","Recycle"],"picked":"Hologram","floor":10},{"not_picked":["Redo","Compile Driver"],"picked":"Gash","floor":12},{"not_picked":["Beam Cell","Melter"],"picked":"Coolheaded","floor":13}],"player_experience":2861141,"relics_obtained":[{"floor":4,"key":"Pen Nib"},{"floor":6,"key":"Pear"},{"floor":8,"key":"Strawberry"},{"floor":9,"key":"PreservedInsect"}],"event_choices":[{"damage_healed":0,"gold_gain":275,"player_choice":"Desecrate","damage_taken":0,"max_hp_gain":0,"max_hp_loss":0,"event_name":"Golden Shrine","floor":2,"gold_loss":0,"cards_obtained":["Regret"]},{"cards_removed":["Strike_B"],"damage_healed":0,"gold_gain":0,"player_choice":"Card Removal","damage_taken":0,"max_hp_gain":0,"max_hp_loss":0,"event_name":"The Cleric","floor":5,"gold_loss":75}],"is_beta":true,"boss_relics":[],"items_purged_floors":[3],"is_endless":false,"potions_floor_spawned":[1,8,12,13],"killed_by":"Exordium Wildlife","ascension_level":17}