{"gold_per_floor":[110,122,133,2,2,2,37,0,0,0,18,18,32,59,59,59],"floor_reached":16,"playtime":671,"items_purged":[],"score":220,"play_id":"1a34b9d0-bd2b-4a65-a2a0-0017142b3981","local_time":"20190418082621","is_ascension_mode":true,"campfire_choices":[{"data":"Cloak And Dagger","floor":6.0,"key":"SMITH"},{"data":"Footwork","floor":10.0,"key":"SMITH"},{"data":"Burst","floor":12.0,"key":"SMITH"},{"floor":15.0,"key":"REST"}],"neow_cost":"TEN_PERCENT_HP_LOSS","seed_source_timestamp":491234842155308,"circlet_count":0,"master_deck":["AscendersBane","Defend_G","Defend_G","Defend_G","Defend_G","Defend_G","Strike_G","Strike_G","Strike_G","Survivor","Neutralize","PiercingWail","Dodge and Roll","Finisher","Cloak And Dagger+1","Flying Knee","Footwork+1","Burst+1","Noxious Fumes","Burst","Cloak And Dagger","PiercingWail"],"special_seed":0,"relics":["Ring of the Snake","Shuriken","Bronze Scales","Dream Catcher","Tough Bandages"],"potions_floor_usage":[16],"damage_taken":[{"damage":1.0,"enemies":"2 Louse","floor":1.0,"turns":5.0},{"damage":7.0,"enemies":"Small Slimes","floor":2.0,"turns":7.0},{"damage":0.0,"enemies":"Jaw Worm","floor":3.0,"turns":5.0},{"damage":2.0,"enemies":"Lagavulin","floor":7.0,"turns":8.0},{"damage":0.0,"enemies":"Looter","floor":11.0,"turns":3.0},{"damage":6.0,"enemies":"Red Slaver","floor":13.0,"turns":5.0},{"damage":35.0,"enemies":"Gremlin Nob","floor":14.0,"turns":6.0},{"damage":36,"enemies":"Slime Boss","floor":16,"turns":8}],"seed_played":"-5505876343523366749","potions_obtained":[{"floor":2.0,"key":"Ancient Potion"},{"floor":11.0,"key":"Block Potion"},{"floor":13.0,"key":"Regen Potion"}],"is_trial":false,"path_per_floor":["M","M","M","$","?","R","E","?","T","R","M","R","M","E","R","B"],"character_chosen":"THE_SILENT","items_purchased":["Footwork","Block Potion"],"campfire_rested":1,"item_purchase_floors":[4,4],"current_hp_per_floor":[58,51,51,51,46,46,44,44,44,44,44,44,38,3,21,0],"gold":59,"neow_bonus":"TRANSFORM_TWO_CARDS","is_prod":false,"is_daily":false,"chose_seed":false,"campfire_upgraded":3,"win_rate":0,"timestamp":1555543581,"path_taken":["M","M","M","$","?","R","E","?","T","R","M","R","M","E","R","BOSS"],"build_version":"2019-04-04","purchased_purges":0,"victory":false,"max_hp_per_floor":[60,60,60,60,60,60,60,60,60,60,60,60,60,60,60,60],"card_choices":[{"not_picked":["Deflect","Blade Dance"],"picked":"Finisher","floor":1.0},{"not_picked":["All Out Attack","Underhanded Strike"],"picked":"Cloak And Dagger","floor":2.0},{"not_picked":["Poisoned Stab","Tactician"],"picked":"Flying Knee","floor":3.0},{"not_picked":["Poisoned Stab","Acrobatics"],"picked":"Burst","floor":7.0},{"not_picked":["Prepared","Acrobatics"],"picked":"Noxious Fumes","floor":11.0},{"not_picked":["Sucker Punch","Outmaneuver"],"picked":"Burst","floor":13.0},{"not_picked":["Bane","Sucker Punch"],"picked":"Cloak And Dagger","floor":14.0},{"not_picked":["Sucker Punch","Acrobatics"],"picked":"PiercingWail","floor":15.0}],"player_experience":2974972,"relics_obtained":[{"floor":7.0,"key":"Bronze Scales"},{"floor":9.0,"key":"Dream Catcher"},{"floor":14.0,"key":"Tough Bandages"}],"event_choices":[{"damage_healed":0.0,"max_hp_gain":0.0,"max_hp_loss":0.0,"gold_gain":0.0,"event_name":"Scrap Ooze","player_choice":"Success","floor":5.0,"gold_loss":0.0,"damage_taken":5.0,"relics_obtained":["Shuriken"]},{"damage_healed":0.0,"max_hp_gain":0.0,"max_hp_loss":0.0,"gold_gain":0.0,"event_name":"World of Goop","player_choice":"Left Gold","floor":8.0,"gold_loss":37.0,"damage_taken":0.0}],"is_beta":true,"boss_relics":[],"items_purged_floors":[],"is_endless":false,"potions_floor_spawned":[2,11,13],"killed_by":"Slime Boss","ascension_level":20}