{"gold_per_floor":[116,41,56,131,142,142,171,171,171,171,191,216,216,233,233,310,310,321,333,161,161,174,174,206,206,232,232,232,245,245,260,260,260],"floor_reached":33,"playtime":2449,"items_purged":["Strike_R"],"score":509,"play_id":"eca519e7-84d5-4c41-a4b8-1120c77d4dcf","local_time":"20190328144305","is_ascension_mode":true,"campfire_choices":[{"data":"Perfected Strike","floor":6.0,"key":"SMITH"},{"data":"Intimidate","floor":8.0,"key":"SMITH"},{"data":"Bash","floor":10.0,"key":"SMITH"},{"floor":15.0,"key":"REST"},{"data":"Demon Form","floor":23.0,"key":"SMITH"},{"data":"True Grit","floor":25.0,"key":"SMITH"},{"data":"Enlightenment","floor":27.0,"key":"SMITH"},{"floor":30.0,"key":"REST"},{"data":"Limit Break","floor":32.0,"key":"SMITH"}],"neow_cost":"PERCENT_DAMAGE","seed_source_timestamp":2467233528188935,"circlet_count":0,"master_deck":["AscendersBane","Strike_R","Strike_R","Defend_R","Defend_R","Defend_R","Defend_R","Bash+1","Enlightenment+1","Flash of Steel","Twin Strike","Perfected Strike+1","Intimidate+1","Shrug It Off","Demon Form+1","Rage","Heavy Blade","Reaper","Iron Wave+1","True Grit+1","Headbutt","Limit Break+1","Carnage","Perfected Strike+1","Shockwave"],"special_seed":0,"relics":["Burning Blood","Kunai","Dream Catcher","Runic Cube","Blood Vial","Blue Candle","Bag of Preparation"],"potions_floor_usage":[33,33],"damage_taken":[{"damage":7.0,"enemies":"Small Slimes","floor":1.0,"turns":4.0},{"damage":3.0,"enemies":"2 Louse","floor":3.0,"turns":4.0},{"damage":1.0,"enemies":"Cultist","floor":5.0,"turns":3.0},{"damage":20.0,"enemies":"3 Sentries","floor":7.0,"turns":6.0},{"damage":15.0,"enemies":"3 Louse","floor":11.0,"turns":3.0},{"damage":16.0,"enemies":"Gremlin Nob","floor":12.0,"turns":4.0},{"damage":0.0,"enemies":"Gremlin Gang","floor":14.0,"turns":3.0},{"damage":15.0,"enemies":"Slime Boss","floor":16.0,"turns":8.0},{"damage":28.0,"enemies":"Shell Parasite","floor":18.0,"turns":5.0},{"damage":22.0,"enemies":"Chosen","floor":19.0,"turns":7.0},{"damage":9.0,"enemies":"Centurion and Healer","floor":22.0,"turns":6.0},{"damage":48.0,"enemies":"Book of Stabbing","floor":24.0,"turns":7.0},{"damage":23.0,"enemies":"Snecko","floor":29.0,"turns":5.0},{"damage":18.0,"enemies":"Shelled Parasite and Fungi","floor":31.0,"turns":11.0},{"damage":85,"enemies":"Collector","floor":33,"turns":6}],"seed_played":"-8968854059593117631","potions_obtained":[{"floor":3.0,"key":"SkillPotion"},{"floor":5.0,"key":"LiquidBronze"},{"floor":12.0,"key":"Explosive Potion"},{"floor":19.0,"key":"SkillPotion"},{"floor":29.0,"key":"PowerPotion"},{"floor":31.0,"key":"Energy Potion"}],"is_trial":false,"path_per_floor":["M","$","M","?","M","R","E","R","T","R","M","E","?","M","R","B",null,"M","M","$","?","M","R","E","R","T","R","?","M","R","M","R","B"],"character_chosen":"IRONCLAD","items_purchased":["Blood Vial"],"campfire_rested":2,"item_purchase_floors":[20],"current_hp_per_floor":[49,49,52,41,46,46,32,32,32,32,23,13,13,19,41,32,64,55,46,46,46,70,70,30,30,30,30,30,15,37,47,47,0],"gold":260,"neow_bonus":"RANDOM_COLORLESS_2","is_prod":false,"is_daily":false,"chose_seed":false,"campfire_upgraded":7,"win_rate":0,"timestamp":1553751785,"path_taken":["M","$","M","?","M","R","E","R","T","R","M","E","?","M","R","BOSS","M","M","$","?","M","R","E","R","T","R","?","M","R","M","R","BOSS"],"build_version":"2019-03-15","purchased_purges":1,"victory":false,"max_hp_per_floor":[75,75,75,75,75,75,75,75,75,75,75,75,75,75,75,75,75,75,75,75,75,75,75,75,75,75,75,75,75,75,75,75,75],"card_choices":[{"not_picked":["Anger","Havoc"],"picked":"Twin Strike","floor":1.0},{"not_picked":["Armaments","Fire Breathing"],"picked":"Perfected Strike","floor":3.0},{"not_picked":["Body Slam","Shrug It Off"],"picked":"Intimidate","floor":5.0},{"not_picked":["Power Through","True Grit"],"picked":"Shrug It Off","floor":7.0},{"not_picked":["Clash","Headbutt"],"picked":"Demon Form","floor":11.0},{"not_picked":["Entrench","Twin Strike"],"picked":"Rage","floor":12.0},{"not_picked":["Clash","Clothesline"],"picked":"Heavy Blade","floor":14.0},{"not_picked":["Berserk","Feed"],"picked":"Reaper","floor":16.0},{"not_picked":["Wild Strike","Hemokinesis"],"picked":"Iron Wave+1","floor":18.0},{"not_picked":["Anger","Armaments"],"picked":"True Grit","floor":19.0},{"not_picked":["Wild Strike","Inflame"],"picked":"Headbutt","floor":22.0},{"not_picked":["Heavy Blade","Bloodletting+1","Reckless Charge"],"picked":"SKIP","floor":24.0},{"not_picked":["Body Slam","Heavy Blade","Metallicize"],"picked":"SKIP","floor":29.0},{"not_picked":["Spot Weakness","Shrug It Off"],"picked":"Perfected Strike+1","floor":30.0},{"not_picked":["Dark Embrace","Cleave"],"picked":"Shockwave","floor":31.0}],"player_experience":2752307,"relics_obtained":[{"floor":7.0,"key":"Kunai"},{"floor":12.0,"key":"Dream Catcher"},{"floor":24.0,"key":"Blue Candle"},{"floor":26.0,"key":"Bag of Preparation"}],"event_choices":[{"damage_healed":0.0,"max_hp_gain":0.0,"max_hp_loss":0.0,"gold_gain":75.0,"event_name":"World of Goop","player_choice":"Gather Gold","floor":4.0,"gold_loss":0.0,"damage_taken":11.0},{"damage_healed":0.0,"max_hp_gain":0.0,"max_hp_loss":0.0,"gold_gain":0.0,"event_name":"Scrap Ooze","player_choice":"Fled","floor":13.0,"gold_loss":0.0,"damage_taken":0.0},{"damage_healed":0.0,"max_hp_gain":0.0,"max_hp_loss":0.0,"gold_gain":0.0,"event_name":"Cursed Tome","player_choice":"Ignored","floor":21.0,"gold_loss":0.0,"damage_taken":0.0},{"damage_healed":0.0,"max_hp_gain":0.0,"max_hp_loss":0.0,"gold_gain":0.0,"cards_transformed":["Strike_R","Strike_R"],"event_name":"Drug Dealer","player_choice":"Became Test Subject","floor":28.0,"gold_loss":0.0,"damage_taken":0.0,"cards_obtained":["Limit Break","Carnage"]}],"is_beta":true,"boss_relics":[{"not_picked":["Empty Cage","Philosopher\u0027s Stone"],"picked":"Runic Cube"}],"items_purged_floors":[2],"is_endless":false,"potions_floor_spawned":[3,5,12,19,29,31],"killed_by":"Collector","ascension_level":17}