{"gold_per_floor":[114,114,132,57,83,95,118,130,165,8,8,8,51,72,72,191,191,205,205,226,77,102,102,127,127,150,150,171,8,22,43,43,167,167,180,196,46,46,46,46,62,62,87,107,132,145,145,169,169,169],"floor_reached":51,"playtime":5063,"items_purged":["Defend_G","Defend_G","Defend_G","Defend_G"],"score":651,"play_id":"2197a47f-305f-4829-a5a0-18a71aa50f2b","local_time":"20181204185115","is_ascension_mode":false,"campfire_choices":[{"data":"Neutralize","floor":6,"key":"SMITH"},{"data":"Noxious Fumes","floor":8,"key":"SMITH"},{"data":"Deadly Poison","floor":15,"key":"SMITH"},{"data":"Dash","floor":23,"key":"SMITH"},{"data":"Bane","floor":25,"key":"SMITH"},{"data":"Backstab","floor":27,"key":"SMITH"},{"data":"Catalyst","floor":32,"key":"SMITH"},{"data":"Burst","floor":40,"key":"SMITH"},{"data":"Backstab","floor":42,"key":"SMITH"},{"floor":47,"key":"REST"},{"floor":49,"key":"REST"}],"neow_cost":"NONE","seed_source_timestamp":186659316589541,"circlet_count":0,"master_deck":["Defend_G+1","Strike_G","Survivor","Neutralize+1","Deadly Poison+1","Noxious Fumes+1","Backstab+1","Dash+1","Escape Plan","Prepared+1","Backflip+1","Bane+1","Backflip+1","Catalyst+1","Backstab+1","Burst+1","Flying Knee+1"],"relics":["Runic Dome","MawBank","Happy Flower","Golden Idol","Bottled Lightning","Busted Crown","War Paint","Ancient Tea Set","Runic Pyramid","Centennial Puzzle"],"potions_floor_usage":[13,20,24,33,33,41,46,48],"damage_taken":[{"damage":3,"enemies":"Jaw Worm","floor":1,"turns":4},{"damage":0,"enemies":"Cultist","floor":3,"turns":4},{"damage":0,"enemies":"2 Louse","floor":7,"turns":3},{"damage":0,"enemies":"Gremlin Nob","floor":13,"turns":3},{"damage":0,"enemies":"Large Slime","floor":14,"turns":5},{"damage":32,"enemies":"Slime Boss","floor":16,"turns":10},{"damage":4,"enemies":"Spheric Guardian","floor":18,"turns":4},{"damage":0,"enemies":"Shell Parasite","floor":20,"turns":4},{"damage":2,"enemies":"Cultist and Chosen","floor":22,"turns":6},{"damage":0,"enemies":"Centurion and Healer","floor":24,"turns":6},{"damage":3,"enemies":"Snake Plant","floor":28,"turns":3},{"damage":0,"enemies":"Snecko","floor":30,"turns":4},{"damage":2,"enemies":"3 Cultists","floor":31,"turns":5},{"damage":14,"enemies":"Automaton","floor":33,"turns":8},{"damage":4,"enemies":"3 Shapes","floor":35,"turns":3},{"damage":0,"enemies":"Orb Walker","floor":36,"turns":2},{"damage":0,"enemies":"Spire Growth","floor":41,"turns":3},{"damage":24,"enemies":"Writhing Mass","floor":44,"turns":3},{"damage":5,"enemies":"Sphere and 2 Shapes","floor":45,"turns":3},{"damage":14,"enemies":"Jaw Worm Horde","floor":46,"turns":4},{"damage":0,"enemies":"Maw","floor":48,"turns":4},{"damage":38,"enemies":"Donu and Deca","floor":50,"turns":10}],"seed_played":"5752624509296148730","potions_obtained":[{"floor":1,"key":"Swift Potion"},{"floor":3,"key":"AttackPotion"},{"floor":18,"key":"Swift Potion"},{"floor":22,"key":"Strength Potion"},{"floor":24,"key":"SpeedPotion"},{"floor":31,"key":"SpeedPotion"},{"floor":36,"key":"Ancient Potion"},{"floor":41,"key":"Fire Potion"},{"floor":44,"key":"FairyPotion"}],"is_trial":false,"path_per_floor":["M","?","M","$","T","R","M","R","T","$","?","?","E","M","R","B",null,"M","?","M","$","M","R","M","R","T","R","M","$","M","M","R","B",null,"M","M","$","?","?","R","M","R","T","M","M","M","R","M","R","B",null],"character_chosen":"THE_SILENT","items_purchased":["Backstab","War Paint","Catalyst"],"campfire_rested":2,"item_purchase_floors":[10,21,29],"current_hp_per_floor":[67,67,67,67,67,67,67,67,67,67,65,65,65,65,65,33,65,61,61,61,61,59,59,59,59,59,59,56,56,56,54,54,40,65,61,61,61,61,61,61,61,61,61,37,32,18,37,37,56,18],"gold":169,"neow_bonus":"BOSS_RELIC","is_prod":false,"is_daily":false,"chose_seed":false,"campfire_upgraded":9,"win_rate":0.0,"timestamp":1543917075,"path_taken":["M","?","M","?","?","R","M","R","T","?","?","?","E","M","R","BOSS","M","?","M","?","M","R","M","R","T","R","M","$","?","M","R","BOSS","M","M","$","?","?","R","M","R","T","?","M","?","R","M","R","BOSS"],"build_version":"2018-11-15","purchased_purges":4,"victory":true,"max_hp_per_floor":[70,70,70,70,70,70,70,70,70,70,65,65,65,65,65,65,65,65,65,65,65,65,65,65,65,65,65,65,65,65,65,65,65,65,65,65,65,65,65,65,65,65,65,65,65,65,65,65,65,65],"card_choices":[{"not_picked":["Expertise","Footwork"],"picked":"Deadly Poison","floor":1},{"not_picked":["Dagger Spray","Endless Agony","Acrobatics"],"picked":"SKIP","floor":3},{"not_picked":["Backflip","Infinite Blades"],"picked":"Noxious Fumes","floor":7},{"not_picked":["Flying Knee","Endless Agony"],"picked":"Escape Plan","floor":13},{"not_picked":["Acrobatics","Blur"],"picked":"Prepared","floor":14},{"not_picked":["Blade Dance"],"picked":"SKIP","floor":18},{"not_picked":[],"picked":"Backflip+1","floor":20},{"not_picked":["Heel Hook"],"picked":"SKIP","floor":22},{"not_picked":[],"picked":"Bane","floor":24},{"not_picked":[],"picked":"Backflip+1","floor":28},{"not_picked":[],"picked":"Backstab","floor":30},{"not_picked":["Quick Slash"],"picked":"SKIP","floor":31},{"not_picked":[],"picked":"Burst","floor":33},{"not_picked":[],"picked":"Flying Knee+1","floor":35},{"not_picked":["Well Laid Plans+1"],"picked":"SKIP","floor":36},{"not_picked":["PiercingWail"],"picked":"SKIP","floor":41},{"not_picked":["Dagger Spray"],"picked":"SKIP","floor":44},{"not_picked":["Blade Dance+1"],"picked":"SKIP","floor":45},{"not_picked":["Backflip"],"picked":"SKIP","floor":46},{"not_picked":["Well Laid Plans"],"picked":"SKIP","floor":48}],"player_experience":77687,"relics_obtained":[{"floor":5,"key":"MawBank"},{"floor":9,"key":"Happy Flower"},{"floor":13,"key":"Bottled Lightning"},{"floor":26,"key":"Ancient Tea Set"},{"floor":43,"key":"Centennial Puzzle"}],"event_choices":[{"cards_removed":["Strike_G"],"damage_healed":0,"gold_gain":0,"player_choice":"Offered Basic","damage_taken":0,"max_hp_gain":0,"max_hp_loss":0,"event_name":"Bonfire Elementals","floor":2,"gold_loss":0},{"damage_healed":0,"gold_gain":0,"player_choice":"Lose Max HP","damage_taken":0,"relics_obtained":["Golden Idol"],"max_hp_gain":0,"max_hp_loss":5,"event_name":"Golden Idol","floor":11,"gold_loss":0},{"damage_healed":0,"gold_gain":0,"cards_transformed":["Strike_G"],"player_choice":"Transformed","damage_taken":0,"max_hp_gain":0,"max_hp_loss":0,"event_name":"Transmorgrifier","floor":12,"gold_loss":0,"cards_obtained":["Dash"]},{"cards_removed":["Strike_G"],"damage_healed":0,"gold_gain":0,"player_choice":"Purged","damage_taken":0,"max_hp_gain":0,"max_hp_loss":0,"event_name":"Purifier","floor":19,"gold_loss":0},{"damage_healed":0,"gold_gain":0,"player_choice":"Memory 1","damage_taken":0,"max_hp_gain":0,"max_hp_loss":0,"event_name":"SensoryStone","floor":38,"gold_loss":0},{"cards_removed":["Strike_G"],"damage_healed":0,"gold_gain":0,"player_choice":"Card Removal","damage_taken":0,"max_hp_gain":0,"max_hp_loss":0,"event_name":"Wheel of Change","floor":39,"gold_loss":0}],"is_beta":false,"boss_relics":[{"not_picked":["Calling Bell","WristBlade"],"picked":"Busted Crown"},{"not_picked":["Cursed Key","Orrery"],"picked":"Runic Pyramid"}],"items_purged_floors":[4,10,29,37],"is_endless":false,"potions_floor_spawned":[1,3,18,22,24,31,36,41,44],"ascension_level":0}