{"gold_per_floor":[117,117,117,128,145,174,174,193,193,368,368,379,379,399,399,504,504,518,8,8,18,18,18,36,36,113,123,123,138,138,18,18,18],"floor_reached":33,"playtime":1784,"items_purged":[],"score":247,"play_id":"4e6af759-2187-4f28-a1be-2b938e9069d5","local_time":"20190530094638","is_ascension_mode":false,"campfire_choices":[{"data":"Rage","floor":7.0,"key":"SMITH"},{"floor":11.0,"key":"RECALL"},{"floor":15.0,"key":"REST"},{"floor":23.0,"key":"REST"},{"floor":32,"key":"REST"}],"neow_cost":"NONE","seed_source_timestamp":0,"circlet_count":0,"master_deck":["Strike_R","Strike_R","Strike_R","Defend_R","Defend_R","Defend_R","Defend_R+1","Bash","Anger","Perfected Strike","Sentinel+1","Rage+1","Clash","Dual Wield","Shrug It Off","Doubt","Thunderclap","Regret","Anger","Fiend Fire","Clothesline+1","Pommel Strike+1","Dropkick","Intimidate","Inflame","Shrug It Off","Perfected Strike"],"special_seed":0,"relics":["Burning Blood","Meat on the Bone","Champion Belt","War Paint","Runic Cube","Thread and Needle","Sling","Nilry\u0027s Codex","Shuriken","MutagenicStrength"],"potions_floor_usage":[29,33,33],"damage_taken":[{"damage":8.0,"enemies":"Small Slimes","floor":1.0,"turns":4.0},{"damage":0.0,"enemies":"2 Louse","floor":4.0,"turns":3.0},{"damage":3.0,"enemies":"Jaw Worm","floor":5.0,"turns":4.0},{"damage":32.0,"enemies":"Lagavulin","floor":6.0,"turns":7.0},{"damage":7.0,"enemies":"Blue Slaver","floor":8.0,"turns":2.0},{"damage":9.0,"enemies":"3 Louse","floor":12.0,"turns":5.0},{"damage":0.0,"enemies":"Looter","floor":14.0,"turns":2.0},{"damage":67.0,"enemies":"Slime Boss","floor":16.0,"turns":15.0},{"damage":13.0,"enemies":"Chosen","floor":18.0,"turns":6.0},{"damage":27.0,"enemies":"2 Thieves","floor":21.0,"turns":5.0},{"damage":39.0,"enemies":"Cultist and Chosen","floor":24.0,"turns":9.0},{"damage":7,"enemies":"Snecko","floor":27,"turns":5},{"damage":23,"enemies":"Chosen and Byrds","floor":29,"turns":8},{"damage":71,"enemies":"Champ","floor":33,"turns":12}],"seed_played":"1620855921795339001","potions_obtained":[{"floor":1.0,"key":"Ancient Potion"},{"floor":12.0,"key":"AttackPotion"},{"floor":14.0,"key":"Ancient Potion"},{"floor":16.0,"key":"SteroidPotion"},{"floor":24.0,"key":"Weak Potion"},{"floor":29,"key":"Strength Potion"}],"is_trial":false,"path_per_floor":["M","?","?","M","M","E","R","M","T","?","R","M","?","M","R","B",null,"M","$","?","M","?","R","M","$","T","M","?","M","?","$","R","B"],"character_chosen":"IRONCLAD","items_purchased":["Thread and Needle","Sling","Shrug It Off","PowerPotion","Perfected Strike"],"campfire_rested":3,"item_purchase_floors":[19,19,31,31,31],"current_hp_per_floor":[78,71,71,77,80,54,54,53,53,53,53,50,50,56,80,31,80,73,73,73,52,36,60,39,39,39,50,50,45,45,45,69,0],"gold":18,"neow_bonus":"TRANSFORM_CARD","is_prod":false,"is_daily":false,"chose_seed":false,"campfire_upgraded":1,"win_rate":0,"timestamp":1559227598,"path_taken":["M","?","?","M","M","E","R","M","T","?","R","M","?","M","R","BOSS","M","$","?","M","?","R","M","$","T","M","?","?","?","$","R","BOSS"],"build_version":"2019-01-23","purchased_purges":0,"victory":false,"max_hp_per_floor":[80,80,80,80,80,80,80,80,80,80,80,80,80,80,80,80,80,80,80,80,80,80,80,80,80,80,80,80,80,80,80,80,80],"card_choices":[{"not_picked":["Whirlwind","Anger"],"picked":"Perfected Strike","floor":1.0},{"not_picked":["Iron Wave","Reckless Charge"],"picked":"Rage","floor":4.0},{"not_picked":["Twin Strike","Rupture"],"picked":"Clash","floor":5.0},{"not_picked":["Corruption","Armaments"],"picked":"Dual Wield","floor":6.0},{"not_picked":["Wild Strike","Twin Strike"],"picked":"Shrug It Off","floor":8.0},{"not_picked":["Entrench","Power Through"],"picked":"Thunderclap","floor":12.0},{"not_picked":["Cleave","Feel No Pain"],"picked":"Anger","floor":14.0},{"not_picked":["Brutality","Feed"],"picked":"Fiend Fire","floor":16.0},{"not_picked":["Blood for Blood","Uppercut"],"picked":"Clothesline+1","floor":18.0},{"not_picked":["True Grit","Perfected Strike"],"picked":"Pommel Strike+1","floor":21.0},{"not_picked":["Battle Trance+1","Heavy Blade"],"picked":"Dropkick","floor":24.0},{"not_picked":["Body Slam","Pommel Strike"],"picked":"Intimidate","floor":27},{"not_picked":["Dual Wield","Heavy Blade+1"],"picked":"Inflame","floor":29}],"player_experience":442081,"relics_obtained":[{"floor":6.0,"key":"Champion Belt"},{"floor":22.0,"key":"Nilry\u0027s Codex"},{"floor":26.0,"key":"Shuriken"}],"event_choices":[{"damage_healed":0.0,"max_hp_gain":0.0,"max_hp_loss":0.0,"gold_gain":0.0,"event_name":"Scrap Ooze","player_choice":"Success","floor":2.0,"gold_loss":0.0,"damage_taken":7.0,"relics_obtained":["Meat on the Bone"]},{"damage_healed":0.0,"max_hp_gain":0.0,"max_hp_loss":0.0,"gold_gain":0.0,"cards_transformed":["Strike_R"],"event_name":"Living Wall","player_choice":"Change","floor":3.0,"gold_loss":0.0,"damage_taken":0.0,"cards_obtained":["Sentinel"]},{"damage_healed":0.0,"max_hp_gain":0.0,"max_hp_loss":0.0,"gold_gain":175.0,"event_name":"Liars Game","player_choice":"AGREE","floor":10.0,"gold_loss":0.0,"damage_taken":0.0,"cards_obtained":["Doubt"]},{"damage_healed":0.0,"max_hp_gain":0.0,"max_hp_loss":0.0,"gold_gain":0.0,"event_name":"Big Fish","player_choice":"Box","floor":13.0,"gold_loss":0.0,"damage_taken":0.0,"relics_obtained":["War Paint"],"cards_obtained":["Regret"]},{"damage_healed":0.0,"max_hp_gain":0.0,"max_hp_loss":0.0,"gold_gain":0.0,"event_name":"Ghosts","player_choice":"Ignored","floor":20.0,"gold_loss":0.0,"damage_taken":0.0},{"damage_healed":0.0,"max_hp_gain":0.0,"max_hp_loss":0.0,"gold_gain":0.0,"event_name":"Cursed Tome","player_choice":"Obtained Book","floor":22.0,"gold_loss":0.0,"damage_taken":16.0},{"damage_healed":0,"gold_gain":0,"player_choice":"Ignored","damage_taken":0,"max_hp_gain":0,"max_hp_loss":0,"event_name":"Vampires","floor":28,"gold_loss":0},{"damage_healed":0,"gold_gain":0,"player_choice":"Inject Mutagens","damage_taken":0,"relics_obtained":["MutagenicStrength"],"max_hp_gain":0,"max_hp_loss":0,"event_name":"Drug Dealer","floor":30,"gold_loss":0}],"is_beta":false,"boss_relics":[{"not_picked":["Ectoplasm","Runic Pyramid"],"picked":"Runic Cube"}],"items_purged_floors":[],"is_endless":false,"potions_floor_spawned":[1,12,14,16,24,29],"killed_by":"Champ","ascension_level":0}