{"gold_per_floor":[119,119,129,144,154,154,181,192,219,253,253,264,294,314,314,388,388,403,422,44,44,44,78,3,3,82,82,102,120,27,77,77,155,155,173,173,187,58,73,73,100,100,125,135,135,135,145,162,162,162,162],"floor_reached":52,"playtime":2073,"items_purged":["Strike_B","Strike_B","Sweeping Beam"],"score":1848,"play_id":"a936c471-89a9-432b-8b2c-367a133680c4","local_time":"20190430015656","is_ascension_mode":true,"campfire_choices":[{"floor":6,"key":"REST"},{"floor":11,"key":"REST"},{"data":"Sunder","floor":15,"key":"SMITH"},{"data":"Darkness","floor":25,"key":"SMITH"},{"data":"Biased Cognition","floor":27,"key":"SMITH"},{"data":"Darkness","floor":32,"key":"SMITH"},{"data":"Loop","floor":40,"key":"SMITH"},{"data":"Rainbow","floor":45,"key":"SMITH"},{"floor":49,"key":"DIG"}],"neow_cost":"PERCENT_DAMAGE","seed_source_timestamp":771894832117300,"circlet_count":0,"master_deck":["AscendersBane","Defend_B","Defend_B","Zap","Dualcast","Darkness+1","Reboot","Sunder+1","Undo","Biased Cognition+1","Chill","Conserve Battery","Rainbow+1","White Noise+1","Self Repair","Ghostly","Ghostly","Ghostly","Ball Lightning","Self Repair","Turbo+1","Darkness+1","Echo Form","Conserve Battery+1","Stack+1","Streamline+1","Consume+1","Loop+1","Conserve Battery+1","Hologram+1"],"relics":["Cracked Core","Orichalcum","Anchor","Smiling Mask","Oddly Smooth Stone","Runic Dome","Bird Faced Urn","Shovel","Astrolabe","Gambling Chip","Dream Catcher","DataDisk"],"potions_floor_usage":[16,16,33,33,41,51,51],"damage_taken":[{"damage":4,"enemies":"Jaw Worm","floor":1,"turns":4},{"damage":8,"enemies":"2 Louse","floor":3,"turns":3},{"damage":4,"enemies":"Small Slimes","floor":4,"turns":3},{"damage":13,"enemies":"Exordium Wildlife","floor":5,"turns":4},{"damage":20,"enemies":"Lagavulin","floor":7,"turns":7},{"damage":4,"enemies":"Looter","floor":8,"turns":4},{"damage":22,"enemies":"Gremlin Nob","floor":10,"turns":4},{"damage":1,"enemies":"2 Fungi Beasts","floor":12,"turns":3},{"damage":14,"enemies":"3 Sentries","floor":13,"turns":12},{"damage":1,"enemies":"Red Slaver","floor":14,"turns":3},{"damage":18,"enemies":"Slime Boss","floor":16,"turns":8},{"damage":5,"enemies":"Spheric Guardian","floor":18,"turns":5},{"damage":18,"enemies":"Chosen","floor":19,"turns":5},{"damage":42,"enemies":"Slavers","floor":23,"turns":11},{"damage":9,"enemies":"Snecko","floor":28,"turns":6},{"damage":3,"enemies":"Sentry and Sphere","floor":29,"turns":4},{"damage":40,"enemies":"Automaton","floor":33,"turns":8},{"damage":1,"enemies":"Orb Walker","floor":35,"turns":5},{"damage":14,"enemies":"3 Shapes","floor":37,"turns":4},{"damage":41,"enemies":"Sphere and 2 Shapes","floor":39,"turns":6},{"damage":9,"enemies":"Reptomancer","floor":41,"turns":7},{"damage":0,"enemies":"Maw","floor":44,"turns":6},{"damage":0,"enemies":"3 Darklings","floor":47,"turns":4},{"damage":0,"enemies":"4 Shapes","floor":48,"turns":6},{"damage":24,"enemies":"Donu and Deca","floor":50,"turns":11},{"damage":9,"enemies":"Time Eater","floor":51,"turns":12}],"seed_played":"5731518307797678318","potions_obtained":[{"floor":3,"key":"Strength Potion"},{"floor":5,"key":"Strength Potion"},{"floor":19,"key":"Energy Potion"},{"floor":23,"key":"Fire Potion"},{"floor":33,"key":"AttackPotion"},{"floor":37,"key":"FocusPotion"},{"floor":47,"key":"Weak Potion"}],"is_trial":false,"path_per_floor":["M","?","M","M","M","R","E","M","T","E","R","M","E","M","R","B",null,"M","M","$","?","?","E","?","R","T","R","M","M","$","?","R","B",null,"M","?","M","$","M","R","E","?","T","M","R","?","M","M","R","B","B",null],"character_chosen":"DEFECT","items_purchased":["Bird Faced Urn","Darkness","Loop"],"campfire_rested":2,"item_purchase_floors":[20,30,38],"current_hp_per_floor":[56,61,53,49,36,63,43,39,39,17,44,43,29,28,28,10,70,65,47,47,45,45,16,16,16,16,16,20,39,39,39,39,19,39,45,45,44,44,40,40,45,43,43,43,43,43,43,43,43,43,43],"gold":162,"neow_bonus":"TWENTY_PERCENT_HP_BONUS","is_prod":false,"is_daily":false,"chose_seed":false,"campfire_upgraded":6,"win_rate":0,"timestamp":1556557016,"path_taken":["M","?","M","M","M","R","E","M","T","E","R","M","E","M","R","BOSS","M","M","$","?","?","E","?","R","T","R","M","?","$","?","R","BOSS","M","?","M","$","M","R","E","?","T","M","R","?","M","M","R","BOSS","BOSS"],"build_version":"2019-01-23","purchased_purges":3,"victory":true,"max_hp_per_floor":[85,90,90,90,90,90,90,90,90,90,90,90,90,90,90,90,90,90,90,90,45,45,45,45,45,45,45,45,45,45,45,45,45,45,45,45,45,45,45,45,45,43,43,43,43,43,43,43,43,43,43],"card_choices":[{"not_picked":["Go for the Eyes","Force Field"],"picked":"Sweeping Beam","floor":1},{"not_picked":["Redo","Coolheaded"],"picked":"Darkness","floor":3},{"not_picked":["Coolheaded","Gash"],"picked":"Reboot","floor":4},{"not_picked":["Reprogram","Compile Driver"],"picked":"Sunder","floor":5},{"not_picked":["Rebound","White Noise"],"picked":"Undo","floor":7},{"not_picked":["Streamline","Sweeping Beam"],"picked":"Biased Cognition","floor":8},{"not_picked":["Cold Snap","White Noise"],"picked":"Chill","floor":10},{"not_picked":["Darkness","Streamline","Gash"],"picked":"SKIP","floor":12},{"not_picked":["Gash","Genetic Algorithm"],"picked":"Conserve Battery","floor":13},{"not_picked":["Defragment","Hologram","Consume"],"picked":"SKIP","floor":14},{"not_picked":["All For One","Biased Cognition"],"picked":"Rainbow","floor":16},{"not_picked":["Hologram","Gash"],"picked":"White Noise+1","floor":18},{"not_picked":["Blizzard","Cold Snap"],"picked":"Self Repair","floor":19},{"not_picked":["Static Discharge","Auto Shields"],"picked":"Ball Lightning","floor":23},{"not_picked":["Rip and Tear","Steam"],"picked":"Self Repair","floor":28},{"not_picked":["Steam","Fusion"],"picked":"Turbo+1","floor":29},{"not_picked":["Fission","All For One"],"picked":"Echo Form","floor":33},{"not_picked":["Beam Cell+1","Sweeping Beam"],"picked":"Consume+1","floor":35},{"not_picked":["Conserve Battery","Steam","Fusion"],"picked":"SKIP","floor":37},{"not_picked":["Fusion","Conserve Battery","Rip and Tear"],"picked":"SKIP","floor":39},{"not_picked":["Streamline","Heatsinks","Thunder Strike"],"picked":"SKIP","floor":41},{"not_picked":["Turbo","Blizzard","Cold Snap"],"picked":"SKIP","floor":44},{"not_picked":["Stack","Steam","Thunder Strike"],"picked":"SKIP","floor":47},{"not_picked":["Ball Lightning","Coolheaded"],"picked":"Hologram+1","floor":48}],"player_experience":4872213,"relics_obtained":[{"floor":7,"key":"Orichalcum"},{"floor":9,"key":"Anchor"},{"floor":10,"key":"Smiling Mask"},{"floor":13,"key":"Oddly Smooth Stone"},{"floor":23,"key":"Shovel"},{"floor":41,"key":"Gambling Chip"},{"floor":43,"key":"Dream Catcher"},{"floor":49,"key":"DataDisk"}],"event_choices":[{"damage_healed":0,"gold_gain":0,"player_choice":"Donut","damage_taken":0,"max_hp_gain":5,"max_hp_loss":0,"event_name":"Big Fish","floor":2,"gold_loss":0},{"damage_healed":0,"gold_gain":0,"player_choice":"Became a Ghost","damage_taken":0,"max_hp_gain":0,"max_hp_loss":45,"event_name":"Ghosts","floor":21,"gold_loss":0,"cards_obtained":["Ghostly","Ghostly","Ghostly"]},{"cards_removed":["Defend_B"],"damage_healed":0,"gold_gain":0,"player_choice":"Gave Gold","damage_taken":0,"max_hp_gain":0,"max_hp_loss":0,"event_name":"Beggar","floor":24,"gold_loss":75},{"damage_healed":0,"gold_gain":50,"player_choice":"Stole From Cult","damage_taken":0,"max_hp_gain":0,"max_hp_loss":0,"event_name":"Nest","floor":31,"gold_loss":0},{"damage_healed":0,"gold_gain":0,"player_choice":"Ignored","damage_taken":0,"max_hp_gain":0,"max_hp_loss":0,"event_name":"Tomb of Lord Red Mask","floor":36,"gold_loss":0},{"damage_healed":0,"gold_gain":0,"player_choice":"Max HP","damage_taken":0,"max_hp_gain":0,"max_hp_loss":2,"event_name":"Winding Halls","floor":42,"gold_loss":0},{"damage_healed":0,"gold_gain":0,"player_choice":"Copied","damage_taken":0,"max_hp_gain":0,"max_hp_loss":0,"event_name":"Duplicator","floor":46,"gold_loss":0,"cards_obtained":["Conserve Battery"]}],"is_beta":false,"boss_relics":[{"not_picked":["Cursed Key","Empty Cage"],"picked":"Runic Dome"},{"not_picked":["Nuclear Battery","Velvet Choker"],"picked":"Astrolabe"}],"items_purged_floors":[20,30,38],"is_endless":false,"potions_floor_spawned":[3,5,8,12,14,19,23,29,33,37,39,47],"ascension_level":20}