{"gold_per_floor":[119,131,96,96,110,154,85,85,111,111,125,141,141,177,177,296,359,342,342,342,342,367,367,405,405,428,428,383,383,383,203,203,322,322,335,335,355,355],"floor_reached":38,"playtime":4150,"items_purged":[],"score":621,"play_id":"06e68ebc-82c6-49c5-971f-a09f4a054bb6","local_time":"20190501200314","is_ascension_mode":true,"campfire_choices":[{"floor":10.0,"key":"REST"},{"data":"Dark Embrace","floor":13.0,"key":"SMITH"},{"floor":15.0,"key":"REST"},{"floor":23.0,"key":"REST"},{"floor":25.0,"key":"REST"},{"data":"RitualDagger","floor":27.0,"key":"SMITH"},{"data":"Reaper","floor":29.0,"key":"SMITH"},{"data":"Metamorphosis","floor":32.0,"key":"SMITH"}],"neow_cost":"NONE","seed_source_timestamp":0,"circlet_count":0,"master_deck":["AscendersBane","Strike_R+1","Strike_R+1","Strike_R+1","Strike_R+1","Strike_R+1","Defend_R+1","Defend_R+1","Defend_R+1","Defend_R+1","Bash","Corruption","Rage","Feel No Pain+1","Infernal Blade","Clash","Dark Embrace+1","Shockwave","Double Tap","Shrug It Off","Seeing Red+1","RitualDagger+1","Pummel","Reaper+1","Warcry","Metamorphosis+1","Fiend Fire","Seeing Red","Havoc","Havoc","Flame Barrier","Infernal Blade"],"special_seed":0,"relics":["Burning Blood","Smiling Mask","Golden Idol","Regal Pillow","Oddly Smooth Stone","Odd Mushroom","Tiny House","Matryoshka","Bag of Marbles","Ancient Tea Set","Dream Catcher","Orrery"],"potions_floor_usage":[38],"damage_taken":[{"damage":13.0,"enemies":"Small Slimes","floor":1.0,"turns":5.0},{"damage":8.0,"enemies":"2 Louse","floor":2.0,"turns":4.0},{"damage":9.0,"enemies":"Cultist","floor":5.0,"turns":5.0},{"damage":54.0,"enemies":"Gremlin Nob","floor":6.0,"turns":6.0},{"damage":17.0,"enemies":"Lots of Slimes","floor":11.0,"turns":7.0},{"damage":4.0,"enemies":"3 Louse","floor":12.0,"turns":4.0},{"damage":6.0,"enemies":"The Mushroom Lair","floor":14.0,"turns":3.0},{"damage":75.0,"enemies":"The Guardian","floor":16.0,"turns":9.0},{"damage":20.0,"enemies":"2 Thieves","floor":18.0,"turns":4.0},{"damage":9.0,"enemies":"Shell Parasite","floor":22.0,"turns":6.0},{"damage":47.0,"enemies":"Slavers","floor":24.0,"turns":9.0},{"damage":69.0,"enemies":"Automaton","floor":33.0,"turns":9.0},{"damage":12,"enemies":"Orb Walker","floor":35,"turns":2},{"damage":9,"enemies":"3 Shapes","floor":37,"turns":4},{"damage":74,"enemies":"Sphere and 2 Shapes","floor":38,"turns":6}],"seed_played":"7829048282379013721","potions_obtained":[{"floor":2.0,"key":"Energy Potion"},{"floor":5.0,"key":"Weak Potion"},{"floor":16.0,"key":"BloodPotion"},{"floor":18.0,"key":"Explosive Potion"},{"floor":22.0,"key":"Weak Potion"},{"floor":33.0,"key":"Weak Potion"}],"is_trial":false,"path_per_floor":["M","M","?","?","M","E","$","?","T","R","M","M","R","?","R","B",null,"M","?","?","T","M","R","E","R","T","R","$","R","?","$","R","B",null,"M","$","M","M"],"character_chosen":"IRONCLAD","items_purchased":["Infernal Blade","Warcry","Metamorphosis"],"campfire_rested":4,"item_purchase_floors":[7,28,31],"current_hp_per_floor":[65,63,80,80,77,29,29,29,29,68,57,59,59,59,80,11,68,62,56,56,56,53,85,44,84,84,84,84,84,84,84,84,32,72,66,66,70,0],"gold":355,"neow_bonus":"RANDOM_COMMON_RELIC","is_prod":false,"is_daily":false,"chose_seed":false,"campfire_upgraded":4,"win_rate":0,"timestamp":1556730194,"path_taken":["M","M","?","?","M","E","$","?","T","R","?","?","R","?","R","BOSS","M","?","?","?","?","R","E","R","T","R","$","R","?","$","R","BOSS","M","$","M","M"],"build_version":"2019-01-23","purchased_purges":0,"victory":false,"max_hp_per_floor":[80,80,80,80,80,80,80,80,80,80,80,80,80,80,80,80,85,85,85,85,85,85,85,85,85,85,85,85,85,85,85,85,85,85,85,85,85,85],"card_choices":[{"not_picked":["Twin Strike","Reckless Charge"],"picked":"Corruption","floor":1.0},{"not_picked":["Havoc","Iron Wave"],"picked":"Rage","floor":2.0},{"not_picked":["Heavy Blade","Corruption","Wild Strike"],"picked":"SKIP","floor":5.0},{"not_picked":["Uppercut","Flex"],"picked":"Feel No Pain","floor":6.0},{"not_picked":["Perfected Strike","Wild Strike"],"picked":"Clash","floor":11.0},{"not_picked":["Heavy Blade","Headbutt"],"picked":"Dark Embrace","floor":12.0},{"not_picked":["Sword Boomerang","Anger"],"picked":"Shockwave","floor":14.0},{"not_picked":["Barricade","Berserk"],"picked":"Double Tap","floor":16.0},{"not_picked":["Sword Boomerang","Headbutt"],"picked":"Shrug It Off","floor":17.0},{"not_picked":["True Grit","Power Through"],"picked":"Seeing Red+1","floor":18.0},{"not_picked":["Cleave+1","Clothesline"],"picked":"Pummel","floor":22.0},{"not_picked":["Pummel","Shrug It Off"],"picked":"Reaper","floor":24.0},{"not_picked":["Berserk","Reaper"],"picked":"Fiend Fire","floor":33.0},{"not_picked":["Heavy Blade","Fire Breathing"],"picked":"Seeing Red","floor":34.0},{"not_picked":["Body Slam","Heavy Blade"],"picked":"Havoc","floor":34.0},{"not_picked":["Rampage","Wild Strike"],"picked":"Havoc","floor":34.0},{"not_picked":["Flex","Thunderclap"],"picked":"Flame Barrier","floor":34.0},{"not_picked":["Fire Breathing+1","Dual Wield"],"picked":"Infernal Blade","floor":35},{"not_picked":["Twin Strike","Cleave","True Grit"],"picked":"SKIP","floor":37}],"player_experience":1289398,"relics_obtained":[{"floor":6.0,"key":"Regal Pillow"},{"floor":9.0,"key":"Oddly Smooth Stone"},{"floor":14.0,"key":"Odd Mushroom"},{"floor":21.0,"key":"Matryoshka"},{"floor":24.0,"key":"Bag of Marbles"},{"floor":26.0,"key":"Ancient Tea Set"},{"floor":26.0,"key":"Dream Catcher"}],"event_choices":[{"damage_healed":20.0,"max_hp_gain":0.0,"max_hp_loss":0.0,"gold_gain":0.0,"event_name":"The Cleric","player_choice":"Healed","floor":3.0,"gold_loss":35.0,"damage_taken":0.0},{"damage_healed":0.0,"max_hp_gain":0.0,"max_hp_loss":0.0,"gold_gain":0.0,"event_name":"Golden Idol","player_choice":"Take Wound","floor":4.0,"gold_loss":0.0,"damage_taken":0.0,"relics_obtained":["Golden Idol"],"cards_obtained":["Injury"]},{"cards_removed":["Injury"],"damage_healed":0.0,"max_hp_gain":0.0,"max_hp_loss":0.0,"gold_gain":0.0,"event_name":"Purifier","player_choice":"Purged","floor":8.0,"gold_loss":0.0,"damage_taken":0.0},{"damage_healed":0.0,"max_hp_gain":0.0,"max_hp_loss":0.0,"gold_gain":0.0,"event_name":"Mushrooms","player_choice":"Fought Mushrooms","floor":14.0,"gold_loss":0.0,"damage_taken":0.0},{"damage_healed":0.0,"max_hp_gain":0.0,"max_hp_loss":0.0,"gold_gain":0.0,"event_name":"Nest","player_choice":"Joined the Cult","floor":19.0,"gold_loss":0.0,"damage_taken":6.0,"cards_obtained":["RitualDagger"]},{"damage_healed":0.0,"max_hp_gain":0.0,"max_hp_loss":0.0,"gold_gain":0.0,"event_name":"Back to Basics","player_choice":"Simplicity","floor":20.0,"gold_loss":0.0,"damage_taken":0.0,"cards_upgraded":["Strike_R","Strike_R","Strike_R","Strike_R","Strike_R","Defend_R","Defend_R","Defend_R","Defend_R"]},{"damage_healed":0.0,"max_hp_gain":0.0,"max_hp_loss":0.0,"gold_gain":0.0,"event_name":"Vampires","player_choice":"Ignored","floor":30.0,"gold_loss":0.0,"damage_taken":0.0}],"is_beta":false,"boss_relics":[{"not_picked":["Astrolabe","Cursed Key"],"picked":"Tiny House"},{"not_picked":["Runic Dome","Runic Cube"],"picked":"Orrery"}],"items_purged_floors":[],"is_endless":false,"potions_floor_spawned":[2,5,16,18,22,33],"killed_by":"Sphere and 2 Shapes","ascension_level":12}