{"gold_per_floor":[113,113,9,9,21,49,68,68,68,87,87,87,110,110,110,110],"floor_reached":16,"playtime":311,"items_purged":["Strike_G+1"],"score":246,"play_id":"f6272b7a-ee88-4ea5-b433-f0831b7a9ba3","local_time":"20190315090319","is_ascension_mode":true,"campfire_choices":[{"floor":12,"key":"REST"},{"floor":15,"key":"REST"}],"neow_cost":"NONE","seed_source_timestamp":48312699995026,"circlet_count":0,"master_deck":["AscendersBane","Defend_G+1","Defend_G","Defend_G","Defend_G","Defend_G","Strike_G","Strike_G","Strike_G","Survivor","Neutralize","All Out Attack","Backflip","Flying Knee","Corpse Explosion","PiercingWail","Dodge and Roll","Predator","Distraction"],"relics":["Ring of the Snake","NeowsBlessing","Pantograph","Vajra","Golden Idol","Dream Catcher"],"potions_floor_usage":[16],"damage_taken":[{"damage":0,"enemies":"Jaw Worm","floor":1,"turns":1},{"damage":0,"enemies":"2 Louse","floor":5,"turns":1},{"damage":0,"enemies":"Gremlin Nob","floor":6,"turns":1},{"damage":9,"enemies":"Cultist","floor":7,"turns":4},{"damage":0,"enemies":"2 Fungi Beasts","floor":10,"turns":2},{"damage":71,"enemies":"Hexaghost","floor":16,"turns":10}],"seed_played":"4664475125783707515","potions_obtained":[{"floor":4,"key":"SmokeBomb"},{"floor":4,"key":"Ancient Potion"},{"floor":10,"key":"AttackPotion"}],"is_trial":false,"path_per_floor":["M","?","$","?","M","E","M","$","T","M","?","R","T","?","R","B"],"character_chosen":"THE_SILENT","items_purchased":["Backflip"],"campfire_rested":2,"item_purchase_floors":[3],"current_hp_per_floor":[59,39,39,39,39,39,30,30,30,30,7,26,26,26,45,0],"gold":110,"neow_bonus":"THREE_ENEMY_KILL","is_prod":false,"is_daily":false,"chose_seed":false,"campfire_upgraded":0,"win_rate":0,"timestamp":1552608199,"path_taken":["M","?","$","?","M","E","?","$","T","M","?","R","?","?","R","BOSS"],"build_version":"2019-01-23","purchased_purges":1,"victory":false,"max_hp_per_floor":[66,66,66,66,66,66,66,66,66,66,66,66,66,66,66,66],"card_choices":[{"not_picked":["Sucker Punch","Well Laid Plans"],"picked":"All Out Attack","floor":1},{"not_picked":["Predator","Blade Dance"],"picked":"Flying Knee","floor":5},{"not_picked":["Deadly Poison","Backstab"],"picked":"Corpse Explosion","floor":6},{"not_picked":["Accuracy","Deflect"],"picked":"PiercingWail","floor":7},{"not_picked":["Outmaneuver","Skewer"],"picked":"Dodge and Roll","floor":10},{"not_picked":["Quick Slash","Caltrops"],"picked":"Distraction","floor":15}],"player_experience":750916,"relics_obtained":[{"floor":6,"key":"Pantograph"},{"floor":9,"key":"Vajra"},{"floor":13,"key":"Dream Catcher"}],"event_choices":[{"damage_healed":0,"gold_gain":0,"player_choice":"Entered Light","damage_taken":20,"max_hp_gain":0,"max_hp_loss":0,"event_name":"Shining Light","floor":2,"gold_loss":0,"cards_upgraded":["Strike_G","Defend_G"]},{"damage_healed":0,"gold_gain":0,"player_choice":"Got Potions","damage_taken":0,"max_hp_gain":0,"max_hp_loss":0,"event_name":"Lab","floor":4,"gold_loss":0},{"damage_healed":0,"gold_gain":0,"player_choice":"Take Damage","damage_taken":23,"relics_obtained":["Golden Idol"],"max_hp_gain":0,"max_hp_loss":0,"event_name":"Golden Idol","floor":11,"gold_loss":0},{"damage_healed":0,"gold_gain":0,"cards_transformed":["Strike_G"],"player_choice":"Change","damage_taken":0,"max_hp_gain":0,"max_hp_loss":0,"event_name":"Living Wall","floor":14,"gold_loss":0,"cards_obtained":["Predator"]}],"is_beta":false,"boss_relics":[],"items_purged_floors":[3],"is_endless":false,"potions_floor_spawned":[10],"killed_by":"Hexaghost","ascension_level":20}