{"gold_per_floor":[13,28,44,15,29,29,62,62,111,111,145,145,145,159,159,236,236,247,247,92,92,108,108,127,127,176,176,176,188,223,223,223,223],"floor_reached":33,"playtime":1352,"items_purged":["Writhe"],"score":576,"play_id":"0e389a79-7b6b-44d9-a651-4a77db5ff7ba","local_time":"20190408205327","is_ascension_mode":true,"campfire_choices":[{"data":"Neutralize","floor":6.0,"key":"SMITH"},{"data":"Poisoned Stab","floor":8.0,"key":"SMITH"},{"data":"Terror","floor":10,"key":"SMITH"},{"data":"Sucker Punch","floor":12,"key":"SMITH"},{"data":"PiercingWail","floor":15,"key":"SMITH"},{"data":"1","floor":23,"key":"LIFT"},{"data":"2","floor":25,"key":"LIFT"},{"floor":32,"key":"REST"}],"neow_cost":"NO_GOLD","seed_source_timestamp":3441376790273436,"circlet_count":0,"master_deck":["AscendersBane","Defend_G","Defend_G","Defend_G","Defend_G","Defend_G","Survivor","Neutralize+1","Terror+1","Poisoned Stab+1","PiercingWail+1","Sucker Punch+1","Flying Knee","Heel Hook","Corpse Explosion","After Image","Prepared+1","Quick Slash+1","Tools of the Trade+1","Reflex","Footwork","Dodge and Roll+1","Night Terror","Noxious Fumes","Deflect"],"special_seed":0,"relics":["Ring of the Snake","Singing Bowl","Ancient Tea Set","Astrolabe","Girya","PreservedInsect","Snake Skull"],"potions_floor_usage":[14,16,33],"damage_taken":[{"damage":3.0,"enemies":"Small Slimes","floor":1.0,"turns":6.0},{"damage":0.0,"enemies":"2 Louse","floor":2.0,"turns":3.0},{"damage":2.0,"enemies":"Jaw Worm","floor":3.0,"turns":5.0},{"damage":9.0,"enemies":"2 Fungi Beasts","floor":5.0,"turns":4.0},{"damage":17.0,"enemies":"Lagavulin","floor":7.0,"turns":5.0},{"damage":8,"enemies":"Gremlin Nob","floor":11,"turns":3},{"damage":0,"enemies":"Lots of Slimes","floor":14,"turns":3},{"damage":17,"enemies":"Hexaghost","floor":16,"turns":9},{"damage":7,"enemies":"3 Byrds","floor":18,"turns":3},{"damage":9,"enemies":"Shell Parasite","floor":22,"turns":7},{"damage":3,"enemies":"Centurion and Healer","floor":24,"turns":4},{"damage":21,"enemies":"Shelled Parasite and Fungi","floor":29,"turns":7},{"damage":3,"enemies":"Book of Stabbing","floor":30,"turns":6},{"damage":61,"enemies":"Automaton","floor":33,"turns":6}],"seed_played":"-2896811404311174455","potions_obtained":[{"floor":1.0,"key":"SkillPotion"},{"floor":2.0,"key":"Swift Potion"},{"floor":14,"key":"SteroidPotion"},{"floor":18,"key":"LiquidBronze"},{"floor":29,"key":"Block Potion"}],"is_trial":false,"path_per_floor":["M","M","M","$","M","R","E","R","T","R","E","R","?","M","R","B",null,"M","?","$","?","M","R","M","R","T","?","?","M","E","?","R","B"],"character_chosen":"THE_SILENT","items_purchased":["Sucker Punch","Footwork"],"campfire_rested":1,"item_purchase_floors":[4,20],"current_hp_per_floor":[68,68,66,66,57,57,40,40,40,40,34,34,34,34,34,17,64,57,57,57,57,48,48,47,47,47,47,47,28,25,1,27,0],"gold":223,"neow_bonus":"TWENTY_PERCENT_HP_BONUS","is_prod":false,"is_daily":false,"chose_seed":false,"campfire_upgraded":5,"win_rate":0,"timestamp":1554724407,"path_taken":["M","M","M","$","M","R","E","R","T","R","E","R","?","M","R","BOSS","M","?","$","?","M","R","M","R","T","?","?","M","E","?","R","BOSS"],"build_version":"2019-04-04","purchased_purges":1,"victory":false,"max_hp_per_floor":[78,78,78,78,78,78,78,78,78,78,80,80,80,80,80,80,80,80,80,80,80,80,80,82,82,82,82,82,84,84,89,89,89],"card_choices":[{"not_picked":["Backflip","Masterful Stab"],"picked":"Terror","floor":1.0},{"not_picked":["Underhanded Strike","Bane"],"picked":"Poisoned Stab","floor":2.0},{"not_picked":["Distraction","Prepared"],"picked":"PiercingWail","floor":3.0},{"not_picked":["Deflect","Concentrate"],"picked":"Flying Knee","floor":5.0},{"not_picked":["Dagger Throw","Outmaneuver"],"picked":"Heel Hook","floor":7.0},{"not_picked":["Expertise","Quick Slash","Dodge and Roll"],"picked":"Singing Bowl","floor":11},{"not_picked":["Bane","Flechettes"],"picked":"Corpse Explosion","floor":14},{"not_picked":["Wraith Form v2","Die Die Die"],"picked":"After Image","floor":16},{"not_picked":["Calculated Gamble","Setup"],"picked":"Reflex","floor":18},{"not_picked":["Leg Sweep","Concentrate"],"picked":"Dodge and Roll+1","floor":22},{"not_picked":["Slice","Dagger Throw","Dodge and Roll"],"picked":"Singing Bowl","floor":24},{"not_picked":["Deadly Poison","PiercingWail","Poisoned Stab"],"picked":"Singing Bowl","floor":29},{"not_picked":["A Thousand Cuts","Bane"],"picked":"Deflect","floor":30}],"player_experience":2854622,"relics_obtained":[{"floor":7.0,"key":"Singing Bowl"},{"floor":11,"key":"Ancient Tea Set"},{"floor":26,"key":"PreservedInsect"},{"floor":30,"key":"Snake Skull"}],"event_choices":[{"damage_healed":0,"gold_gain":0,"player_choice":"Ignored","damage_taken":0,"max_hp_gain":0,"max_hp_loss":0,"event_name":"Liars Game","floor":13,"gold_loss":0},{"damage_healed":0,"gold_gain":0,"player_choice":"Opened","damage_taken":0,"relics_obtained":["Girya"],"max_hp_gain":0,"max_hp_loss":0,"event_name":"The Mausoleum","floor":19,"gold_loss":0,"cards_obtained":["Writhe"]},{"damage_healed":0,"gold_gain":0,"player_choice":"Ignored","damage_taken":0,"max_hp_gain":0,"max_hp_loss":0,"event_name":"Vampires","floor":21,"gold_loss":0},{"damage_healed":0,"gold_gain":0,"cards_transformed":["Strike_G","Strike_G"],"player_choice":"Became Test Subject","damage_taken":0,"max_hp_gain":0,"max_hp_loss":0,"event_name":"Drug Dealer","floor":27,"gold_loss":0,"cards_obtained":["Night Terror","Noxious Fumes"]},{"damage_healed":0,"gold_gain":0,"player_choice":"Ignored","damage_taken":0,"max_hp_gain":0,"max_hp_loss":0,"event_name":"Ghosts","floor":28,"gold_loss":0},{"damage_healed":0,"gold_gain":0,"player_choice":"Shed Blood","damage_taken":29,"max_hp_gain":5,"max_hp_loss":0,"event_name":"Forgotten Altar","floor":31,"gold_loss":0}],"is_beta":true,"boss_relics":[{"not_picked":["White Beast Statue","Calling Bell"],"picked":"Astrolabe"}],"items_purged_floors":[20],"is_endless":false,"potions_floor_spawned":[1,2,14,18,29],"killed_by":"Automaton","ascension_level":17}