{"gold_per_floor":[10,10,21,31,31,31,49,63,63,87,87,87,87,108,108,204,204,104,29,53,79,92,92,125,125,125,105,129,143,143,157,157,251,251,272,272,197,217,232,273,291,324,324,358,371,371,216,235,235,235,235,235,36,80,80],"floor_reached":55,"playtime":3767,"items_purged":["Outmaneuver","Endless Agony"],"score":1519,"play_id":"44ed07f7-fe0d-447e-8b46-38de110b406d","local_time":"20190404012727","is_ascension_mode":true,"campfire_choices":[{"data":"Neutralize","floor":6.0,"key":"SMITH"},{"data":"Catalyst","floor":11.0,"key":"SMITH"},{"data":"Bouncing Flask","floor":15.0,"key":"SMITH"},{"data":"Wraith Form v2","floor":23.0,"key":"SMITH"},{"floor":25.0,"key":"REST"},{"data":"Well Laid Plans","floor":30.0,"key":"SMITH"},{"data":"Noxious Fumes","floor":32.0,"key":"SMITH"},{"floor":46.0,"key":"RECALL"},{"data":"Backflip","floor":49.0,"key":"SMITH"},{"data":"Venomology","floor":52.0,"key":"SMITH"}],"neow_cost":"NO_GOLD","seed_source_timestamp":3022949586300724,"circlet_count":0,"master_deck":["AscendersBane","Defend_G+1","Defend_G+1","Defend_G","Defend_G","Survivor","Neutralize+1","Bouncing Flask","Bouncing Flask+1","Backflip","Leg Sweep","Deflect","Dagger Spray","Catalyst+1","Leg Sweep","Venomology+1","Wraith Form v2+1","Crippling Poison+1","Predator","Well Laid Plans+1","Predator+1","Noxious Fumes+1","Adrenaline","Outmaneuver+1","PiercingWail+1","Crippling Poison+1","Backflip+1","Secret Technique"],"special_seed":0,"relics":["Ring of the Serpent","Golden Idol","Paper Crane","Sundial","Meat on the Bone","Coffee Dripper","Tough Bandages","Question Card","Potion Belt","Frozen Egg 2","Oddly Smooth Stone"],"potions_floor_usage":[55,55,55,55,55],"damage_taken":[{"damage":2.0,"enemies":"2 Louse","floor":1.0,"turns":4.0},{"damage":3.0,"enemies":"Small Slimes","floor":3.0,"turns":6.0},{"damage":0.0,"enemies":"Jaw Worm","floor":4.0,"turns":5.0},{"damage":0.0,"enemies":"Red Slaver","floor":7.0,"turns":7.0},{"damage":0.0,"enemies":"Exordium Wildlife","floor":8.0,"turns":4.0},{"damage":10.0,"enemies":"Exordium Thugs","floor":10.0,"turns":6.0},{"damage":0.0,"enemies":"Gremlin Gang","floor":14.0,"turns":1.0},{"damage":0.0,"enemies":"The Guardian","floor":16.0,"turns":8.0},{"damage":4.0,"enemies":"2 Thieves","floor":18.0,"turns":5.0},{"damage":2.0,"enemies":"Chosen","floor":20.0,"turns":5.0},{"damage":3.0,"enemies":"Centurion and Healer","floor":22.0,"turns":9.0},{"damage":41.0,"enemies":"Slavers","floor":24.0,"turns":6.0},{"damage":1.0,"enemies":"Snecko","floor":28.0,"turns":4.0},{"damage":3.0,"enemies":"3 Cultists","floor":29.0,"turns":6.0},{"damage":8.0,"enemies":"Cultist and Chosen","floor":31.0,"turns":6.0},{"damage":25.0,"enemies":"Champ","floor":33.0,"turns":9.0},{"damage":2.0,"enemies":"Orb Walker","floor":35.0,"turns":3.0},{"damage":1.0,"enemies":"3 Darklings","floor":38.0,"turns":5.0},{"damage":0.0,"enemies":"Maw","floor":39.0,"turns":6.0},{"damage":3.0,"enemies":"Reptomancer","floor":40.0,"turns":7.0},{"damage":6.0,"enemies":"Sphere and 2 Shapes","floor":41.0,"turns":6.0},{"damage":0.0,"enemies":"Giant Head","floor":42.0,"turns":8.0},{"damage":20.0,"enemies":"Reptomancer","floor":44.0,"turns":5.0},{"damage":0.0,"enemies":"4 Shapes","floor":45.0,"turns":4.0},{"damage":5.0,"enemies":"Spire Growth","floor":48.0,"turns":6.0},{"damage":33.0,"enemies":"Donu and Deca","floor":50.0,"turns":11.0},{"damage":28.0,"enemies":"Shield and Spear","floor":54.0,"turns":8.0},{"damage":35,"enemies":"The Heart","floor":55,"turns":3}],"seed_played":"3222406013088625499","potions_obtained":[{"floor":3.0,"key":"GamblersBrew"},{"floor":10.0,"key":"SteroidPotion"},{"floor":27.0,"key":"Ancient Potion"},{"floor":31.0,"key":"Regen Potion"},{"floor":33.0,"key":"Block Potion"},{"floor":39.0,"key":"GamblersBrew"},{"floor":40.0,"key":"GhostInAJar"},{"floor":41.0,"key":"Dexterity Potion"},{"floor":44.0,"key":"SkillPotion"},{"floor":54.0,"key":"Block Potion"}],"is_trial":false,"path_per_floor":["M","?","M","M","?","R","M","M","T","M","R","$","?","M","R","B",null,"M","?","M","T","M","R","E","R","T","?","M","M","R","M","R","B",null,"M","?","$","M","M","E","M","E","T","E","M","R","$","M","R","B",null,"R","$","E","B"],"character_chosen":"THE_SILENT","items_purchased":["Swift Potion","Secret Technique"],"campfire_rested":1,"item_purchase_floors":[47,53],"current_hp_per_floor":[57,37,34,34,34,34,34,34,34,24,24,24,24,24,24,24,51,47,47,60,60,57,57,16,34,34,34,33,42,42,34,34,36,54,52,52,52,51,51,48,42,42,42,34,34,34,34,41,41,20,50,50,50,34,0],"gold":80,"neow_bonus":"TRANSFORM_TWO_CARDS","is_prod":false,"is_daily":false,"chose_seed":false,"campfire_upgraded":8,"win_rate":0,"timestamp":1554308847,"path_taken":["M","?","M","M","?","R","M","M","T","?","R","?","?","M","R","BOSS","M","?","?","?","M","R","E","R","T","?","M","M","R","?","R","BOSS","M","?","$","M","M","E","?","E","T","E","M","R","$","M","R","BOSS","R","$","E","BOSS"],"build_version":"2019-03-15","purchased_purges":2,"victory":false,"max_hp_per_floor":[66,66,66,66,60,60,60,60,60,60,60,60,60,60,60,60,60,60,60,60,60,60,60,60,60,60,60,60,60,60,60,60,60,60,60,60,60,60,60,60,60,60,60,60,60,60,60,60,60,60,60,60,60,60,60],"card_choices":[{"not_picked":["Deadly Poison","Poisoned Stab"],"picked":"Backflip","floor":1.0},{"not_picked":["Bouncing Flask","Backstab"],"picked":"Leg Sweep","floor":3.0},{"not_picked":["Flying Knee","Quick Slash"],"picked":"Deflect","floor":4.0},{"not_picked":["Underhanded Strike","Concentrate"],"picked":"Dagger Spray","floor":7.0},{"not_picked":["Deadly Poison","Terror"],"picked":"Catalyst","floor":8.0},{"not_picked":["Dash","Deflect"],"picked":"Leg Sweep","floor":10.0},{"not_picked":["Deadly Poison","Bane","Dash"],"picked":"SKIP","floor":14.0},{"not_picked":["Die Die Die","Phantasmal Killer"],"picked":"Venomology","floor":16.0},{"not_picked":["Accuracy","Deflect","Poisoned Stab"],"picked":"SKIP","floor":18.0},{"not_picked":["Sucker Punch","Dagger Throw"],"picked":"Crippling Poison+1","floor":20.0},{"not_picked":["Bane","Dagger Spray","Prepared"],"picked":"SKIP","floor":22.0},{"not_picked":["Dagger Spray","Deadly Poison"],"picked":"Predator","floor":24.0},{"not_picked":["Slice","Sucker Punch"],"picked":"Well Laid Plans","floor":28.0},{"not_picked":["Backflip","PiercingWail"],"picked":"Predator+1","floor":29.0},{"not_picked":["Prepared","Slice"],"picked":"Noxious Fumes","floor":31.0},{"not_picked":["Unload","Storm of Steel"],"picked":"Adrenaline","floor":33.0},{"not_picked":["Bane","Underhanded Strike+1"],"picked":"Outmaneuver+1","floor":35.0},{"not_picked":["Prepared","Crippling Poison","Calculated Gamble"],"picked":"SKIP","floor":38.0},{"not_picked":["Skewer","Bane","Flying Knee+1"],"picked":"SKIP","floor":39.0},{"not_picked":["Masterful Stab+1","Venomology"],"picked":"PiercingWail+1","floor":40.0},{"not_picked":["PiercingWail","Sucker Punch"],"picked":"Crippling Poison+1","floor":41.0},{"not_picked":["All Out Attack+1","Dodge and Roll+1"],"picked":"Backflip","floor":42.0},{"not_picked":["Finisher+1","Accuracy","Cloak And Dagger+1","Quick Slash"],"picked":"SKIP","floor":44.0},{"not_picked":["Terror+1","Finisher","Deadly Poison","Masterful Stab"],"picked":"SKIP","floor":45.0},{"not_picked":["Acrobatics","Terror","Prepared","Slice"],"picked":"SKIP","floor":48.0},{"not_picked":["Deadly Poison+1","Accuracy+1","Cloak And Dagger","Riddle With Holes"],"picked":"SKIP","floor":54.0}],"player_experience":2805453,"relics_obtained":[{"floor":9.0,"key":"Paper Crane"},{"floor":24.0,"key":"Sundial"},{"floor":26.0,"key":"Meat on the Bone"},{"floor":40.0,"key":"Tough Bandages"},{"floor":42.0,"key":"Question Card"},{"floor":43.0,"key":"Potion Belt"},{"floor":44.0,"key":"Frozen Egg 2"},{"floor":54.0,"key":"Oddly Smooth Stone"}],"event_choices":[{"damage_healed":0.0,"max_hp_gain":0.0,"max_hp_loss":0.0,"gold_gain":0.0,"event_name":"Shining Light","player_choice":"Entered Light","floor":2.0,"gold_loss":0.0,"damage_taken":20.0,"cards_upgraded":["Defend_G","Defend_G"]},{"damage_healed":0.0,"max_hp_gain":0.0,"max_hp_loss":6.0,"gold_gain":0.0,"event_name":"Golden Idol","player_choice":"Lose Max HP","floor":5.0,"gold_loss":0.0,"damage_taken":0.0,"relics_obtained":["Golden Idol"]},{"cards_removed":["Strike_G"],"damage_healed":0.0,"max_hp_gain":0.0,"max_hp_loss":0.0,"gold_gain":0.0,"event_name":"Purifier","player_choice":"Purged","floor":13.0,"gold_loss":0.0,"damage_taken":0.0},{"damage_healed":0.0,"max_hp_gain":0.0,"max_hp_loss":0.0,"gold_gain":0.0,"cards_transformed":["Strike_G","Strike_G"],"event_name":"Designer","player_choice":"Transformed Cards","floor":19.0,"gold_loss":75.0,"damage_taken":0.0,"cards_obtained":["Wraith Form v2","Endless Agony"]},{"damage_healed":0.0,"max_hp_gain":0.0,"max_hp_loss":0.0,"gold_gain":0.0,"event_name":"The Woman in Blue","player_choice":"Bought 1 Potion","floor":27.0,"gold_loss":0.0,"damage_taken":0.0},{"damage_healed":0.0,"max_hp_gain":0.0,"max_hp_loss":0.0,"gold_gain":0.0,"cards_transformed":["Defend_G"],"event_name":"Transmorgrifier","player_choice":"Transformed","floor":36.0,"gold_loss":0.0,"damage_taken":0.0,"cards_obtained":["Outmaneuver"]}],"is_beta":true,"boss_relics":[{"not_picked":["WristBlade","Black Star"],"picked":"Ring of the Serpent"},{"not_picked":["Philosopher\u0027s Stone","Velvet Choker"],"picked":"Coffee Dripper"}],"items_purged_floors":[37,47],"is_endless":false,"potions_floor_spawned":[3,10,24,31,33,39,40,41,44,54],"killed_by":"The Heart","ascension_level":17}