{"gold_per_floor":[114,114,114,127,150,150,150,69,69,88,88,127,152,77,77,173,173,194,319,46,59,59,92,92,8,8,8,24,63,87,2,2,91,91,112,12,37,51,65,98,98,141,141,47,47,61,0,0,0,0,0,0,0,33,33],"floor_reached":56,"playtime":4609,"items_purged":["Strike_B","Defend_B"],"score":2507,"play_id":"f84e83d9-4090-4ce0-8f95-41e831e66957","local_time":"20190411030550","is_ascension_mode":true,"campfire_choices":[{"data":"Reinforced Body","floor":6.0,"key":"SMITH"},{"data":"Zap","floor":11.0,"key":"SMITH"},{"data":"Loop","floor":15.0,"key":"SMITH"},{"floor":24.0,"key":"REST"},{"floor":27.0,"key":"REST"},{"floor":32.0,"key":"REST"},{"data":"Hologram","floor":41.0,"key":"SMITH"},{"floor":45.0,"key":"RECALL"},{"floor":49.0,"key":"REST"},{"data":"Buffer","floor":52.0,"key":"SMITH"}],"neow_cost":"NONE","seed_source_timestamp":3633018162857498,"circlet_count":0,"master_deck":["AscendersBane","Defend_B","Defend_B","Zap+1","Dualcast","Conserve Battery","Hologram+1","Reinforced Body+1","Sunder","Rebound","Cold Snap","Loop+1","Buffer+1","Genetic Algorithm+1","Biased Cognition+1","Core Surge+1","Glacier","Coolheaded+1","Apotheosis+1","Panacea+1","Turbo+1","Ball Lightning","Skim+1","Fusion+1","Ball Lightning","Coolheaded+1","Seek+1","Go for the Eyes+1","White Noise+1","Coolheaded+1","Coolheaded+1","Creative AI+1","Madness+1","Redo+1","Fission+1"],"special_seed":0,"relics":["Cracked Core","Oddly Smooth Stone","Golden Idol","StoneCalendar","Ancient Tea Set","Astrolabe","Ginger","Toxic Egg 2","Frozen Egg 2","Mummified Hand","Regal Pillow","Incense Burner","Inserter","Dodecahedron","Letter Opener","Red Mask","Ornamental Fan"],"potions_floor_usage":[55,55],"damage_taken":[{"damage":0.0,"enemies":"Jaw Worm","floor":1.0,"turns":3.0},{"damage":0.0,"enemies":"2 Louse","floor":4.0,"turns":3.0},{"damage":0.0,"enemies":"Cultist","floor":5.0,"turns":4.0},{"damage":14.0,"enemies":"Large Slime","floor":10.0,"turns":6.0},{"damage":34.0,"enemies":"Gremlin Nob","floor":12.0,"turns":4.0},{"damage":1.0,"enemies":"Looter","floor":13.0,"turns":4.0},{"damage":0.0,"enemies":"Hexaghost","floor":16.0,"turns":10.0},{"damage":0.0,"enemies":"Spheric Guardian","floor":18.0,"turns":4.0},{"damage":1.0,"enemies":"Colosseum Slavers","floor":19.0,"turns":6.0},{"damage":8.0,"enemies":"Colosseum Nobs","floor":19.0,"turns":5.0},{"damage":13.0,"enemies":"3 Byrds","floor":21.0,"turns":6.0},{"damage":25.0,"enemies":"Slavers","floor":23.0,"turns":7.0},{"damage":0.0,"enemies":"3 Cultists","floor":28.0,"turns":6.0},{"damage":15.0,"enemies":"Book of Stabbing","floor":29.0,"turns":6.0},{"damage":14.0,"enemies":"Snecko","floor":30.0,"turns":5.0},{"damage":0.0,"enemies":"Automaton","floor":33.0,"turns":11.0},{"damage":0.0,"enemies":"Orb Walker","floor":35.0,"turns":4.0},{"damage":0.0,"enemies":"3 Shapes","floor":37.0,"turns":6.0},{"damage":0.0,"enemies":"Spire Growth","floor":38.0,"turns":5.0},{"damage":13.0,"enemies":"4 Shapes","floor":39.0,"turns":5.0},{"damage":0.0,"enemies":"Giant Head","floor":40.0,"turns":11.0},{"damage":0.0,"enemies":"Nemesis","floor":42.0,"turns":7.0},{"damage":6.0,"enemies":"Writhing Mass","floor":46.0,"turns":5.0},{"damage":0.0,"enemies":"Donu and Deca","floor":50.0,"turns":12.0},{"damage":14,"enemies":"Shield and Spear","floor":54,"turns":7},{"damage":16,"enemies":"The Heart","floor":55,"turns":14}],"seed_played":"4969897712165592040","potions_obtained":[{"floor":4.0,"key":"LiquidBronze"},{"floor":5.0,"key":"Regen Potion"},{"floor":12.0,"key":"Block Potion"},{"floor":16.0,"key":"Weak Potion"},{"floor":21.0,"key":"EssenceOfSteel"},{"floor":23.0,"key":"Swift Potion"},{"floor":35.0,"key":"Block Potion"},{"floor":46.0,"key":"Poison Potion"},{"floor":54,"key":"Block Potion"}],"is_trial":false,"path_per_floor":["M","?","?","M","M","R","?","$","T","M","R","E","M","$","R","B",null,"M","?","$","M","?","E","R","$","T","R","M","E","M","?","R","B",null,"M","$","M","M","M","E","R","E","T","$","R","M","?","?","R","B",null,"R","$","E","B",null],"character_chosen":"DEFECT","items_purchased":["Sunder","Apotheosis+1","Panacea+1","Skim+1","Madness+1"],"campfire_rested":4,"item_purchase_floors":[8,20,20,25,44],"current_hp_per_floor":[64,64,57,57,57,57,57,57,57,43,43,21,20,20,20,20,53,53,44,44,31,31,6,25,25,25,44,44,29,15,15,49,49,60,60,60,60,60,47,47,47,47,47,47,47,41,41,41,64,64,64,64,64,50,34],"gold":33,"neow_bonus":"RANDOM_COMMON_RELIC","is_prod":false,"is_daily":false,"chose_seed":false,"campfire_upgraded":5,"win_rate":0,"timestamp":1554919550,"path_taken":["M","?","?","M","M","R","?","?","T","?","R","E","M","$","R","BOSS","M","?","$","M","?","E","R","$","T","R","M","E","M","?","R","BOSS","M","$","M","M","M","E","R","E","T","$","R","M","?","?","R","BOSS","R","$","E","BOSS"],"build_version":"2019-04-04","purchased_purges":2,"victory":true,"max_hp_per_floor":[71,64,64,64,64,64,64,64,64,64,64,64,64,64,64,64,64,64,64,64,64,64,64,64,64,64,64,64,64,64,64,64,64,64,64,64,64,64,64,64,64,64,64,64,64,64,64,64,64,64,64,64,64,64,64],"card_choices":[{"not_picked":["Redo","Leap"],"picked":"Conserve Battery","floor":1.0},{"not_picked":["Rebound","Conserve Battery"],"picked":"Hologram","floor":4.0},{"not_picked":["Beam Cell","Multi-Cast"],"picked":"Reinforced Body","floor":5.0},{"not_picked":["Barrage","Chaos"],"picked":"Rebound","floor":10.0},{"not_picked":["Rebound","Redo"],"picked":"Cold Snap","floor":12.0},{"not_picked":["Beam Cell","Sweeping Beam"],"picked":"Loop","floor":13.0},{"not_picked":["Machine Learning","Reboot"],"picked":"Buffer","floor":16.0},{"not_picked":["Capacitor","Barrage"],"picked":"Glacier","floor":18.0},{"not_picked":["Conserve Battery","Streamline"],"picked":"Coolheaded","floor":19.0},{"not_picked":["Ball Lightning","Beam Cell+1"],"picked":"Turbo+1","floor":21.0},{"not_picked":["Beam Cell","Rebound"],"picked":"Ball Lightning","floor":23.0},{"not_picked":["Steam+1","Stack+1"],"picked":"Fusion+1","floor":28.0},{"not_picked":["All For One","Turbo+1"],"picked":"Ball Lightning","floor":29.0},{"not_picked":["Rip and Tear","Leap+1"],"picked":"Coolheaded+1","floor":30.0},{"not_picked":["Hyperbeam","Fission+1"],"picked":"Seek+1","floor":33.0},{"not_picked":["Steam+1","Self Repair+1"],"picked":"Go for the Eyes+1","floor":35.0},{"not_picked":["Go for the Eyes","Undo+1"],"picked":"White Noise+1","floor":37.0},{"not_picked":["Rebound","Turbo+1"],"picked":"Coolheaded+1","floor":38.0},{"not_picked":["Fusion+1","Scrape"],"picked":"Coolheaded+1","floor":39.0},{"not_picked":["Redo+1","Stack+1"],"picked":"Creative AI+1","floor":40.0},{"not_picked":["Beam Cell+1","Steam+1","Gash"],"picked":"SKIP","floor":42.0},{"not_picked":["Go for the Eyes","Streamline"],"picked":"Redo+1","floor":46.0},{"not_picked":["Thunder Strike","Creative AI+1"],"picked":"Fission+1","floor":54}],"player_experience":2885617,"relics_obtained":[{"floor":9.0,"key":"StoneCalendar"},{"floor":12.0,"key":"Ancient Tea Set"},{"floor":19.0,"key":"Ginger"},{"floor":19.0,"key":"Toxic Egg 2"},{"floor":23.0,"key":"Frozen Egg 2"},{"floor":26.0,"key":"Mummified Hand"},{"floor":29.0,"key":"Regal Pillow"},{"floor":40.0,"key":"Dodecahedron"},{"floor":42.0,"key":"Letter Opener"},{"floor":54,"key":"Ornamental Fan"}],"event_choices":[{"damage_healed":0.0,"max_hp_gain":0.0,"max_hp_loss":7.0,"gold_gain":0.0,"event_name":"Golden Idol","player_choice":"Lose Max HP","floor":2.0,"gold_loss":0.0,"damage_taken":0.0,"relics_obtained":["Golden Idol"]},{"cards_removed":["Strike_B"],"damage_healed":0.0,"max_hp_gain":0.0,"max_hp_loss":0.0,"gold_gain":0.0,"event_name":"Golden Wing","player_choice":"Card Removal","floor":3.0,"gold_loss":0.0,"damage_taken":7.0},{"damage_healed":0.0,"max_hp_gain":0.0,"max_hp_loss":0.0,"gold_gain":0.0,"event_name":"Liars Game","player_choice":"Ignored","floor":7.0,"gold_loss":0.0,"damage_taken":0.0},{"damage_healed":0.0,"max_hp_gain":0.0,"max_hp_loss":0.0,"gold_gain":0.0,"event_name":"Colosseum","player_choice":"Fight","floor":19.0,"gold_loss":0.0,"damage_taken":0.0},{"damage_healed":0.0,"max_hp_gain":0.0,"max_hp_loss":0.0,"gold_gain":0.0,"event_name":"Colosseum","player_choice":"Fought Nobs","floor":19.0,"gold_loss":0.0,"damage_taken":0.0},{"damage_healed":0.0,"max_hp_gain":0.0,"max_hp_loss":0.0,"gold_gain":0.0,"event_name":"Cursed Tome","player_choice":"Ignored","floor":22.0,"gold_loss":0.0,"damage_taken":0.0},{"damage_healed":0.0,"max_hp_gain":0.0,"max_hp_loss":0.0,"gold_gain":0.0,"event_name":"Addict","player_choice":"Obtained Relic","floor":31.0,"gold_loss":85.0,"damage_taken":0.0,"relics_obtained":["Incense Burner"]},{"damage_healed":0.0,"max_hp_gain":0.0,"max_hp_loss":0.0,"gold_gain":0.0,"event_name":"Tomb of Lord Red Mask","player_choice":"Paid","floor":47.0,"gold_loss":61.0,"damage_taken":0.0,"relics_obtained":["Red Mask"]},{"damage_healed":0.0,"max_hp_gain":0.0,"max_hp_loss":0.0,"gold_gain":0.0,"event_name":"SecretPortal","player_choice":"Ignored","floor":48.0,"gold_loss":0.0,"damage_taken":0.0}],"is_beta":true,"boss_relics":[{"not_picked":["Pandora\u0027s Box","Snecko Eye"],"picked":"Astrolabe"},{"not_picked":["Nuclear Battery","Tiny House"],"picked":"Inserter"}],"items_purged_floors":[14,36],"is_endless":false,"potions_floor_spawned":[4,5,12,16,19,21,23,35,46,54],"ascension_level":17}