{"gold_per_floor":[115,115,131,141,35,35,46,46,46,80,80,80,80,99,99,176,176,146,165,165],"floor_reached":20,"playtime":478,"items_purged":[],"score":373,"play_id":"18b3367c-61ac-48af-a7ba-94e370e10d5b","local_time":"20190406235038","is_ascension_mode":true,"campfire_choices":[{"data":"Hologram","floor":6,"key":"SMITH"},{"data":"Melter","floor":8,"key":"SMITH"},{"data":"Conserve Battery","floor":12,"key":"SMITH"},{"data":"Coolheaded","floor":15,"key":"SMITH"}],"neow_cost":"PERCENT_DAMAGE","seed_source_timestamp":365076815419900,"circlet_count":0,"master_deck":["AscendersBane","Strike_B","Strike_B","Strike_B","Strike_B","Defend_B","Defend_B","Defend_B","Defend_B","Zap","Dualcast","Leap","Rip and Tear","Hologram+1","Conserve Battery+1","Ball Lightning","Melter+1","Capacitor","Coolheaded+1","Creative AI","Shame","Writhe","Clumsy","FTL+1","Undo"],"relics":["Cracked Core","Question Card","Darkstone Periapt","PreservedInsect","Gremlin Horn","Calling Bell","Centennial Puzzle","Mercury Hourglass","Ginger"],"potions_floor_usage":[],"damage_taken":[{"damage":4,"enemies":"Small Slimes","floor":1,"turns":4},{"damage":1,"enemies":"Cultist","floor":3,"turns":3},{"damage":0,"enemies":"2 Louse","floor":4,"turns":1},{"damage":9,"enemies":"2 Fungi Beasts","floor":7,"turns":4},{"damage":34,"enemies":"3 Sentries","floor":10,"turns":8},{"damage":0,"enemies":"Lots of Slimes","floor":14,"turns":2},{"damage":13,"enemies":"The Guardian","floor":16,"turns":12},{"damage":29,"enemies":"2 Thieves","floor":18,"turns":4},{"damage":43,"enemies":"Shell Parasite","floor":19,"turns":6},{"damage":13,"enemies":"3 Cultists","floor":20,"turns":2}],"seed_played":"4894955636609638381","potions_obtained":[{"floor":7,"key":"Dexterity Potion"},{"floor":10,"key":"Ancient Potion"},{"floor":16,"key":"EssenceOfSteel"}],"is_trial":false,"path_per_floor":["M","?","M","M","$","R","M","R","T","E","?","R","?","M","R","B",null,"M","M","M"],"character_chosen":"DEFECT","items_purchased":["Conserve Battery","Ball Lightning"],"campfire_rested":0,"item_purchase_floors":[5,5],"current_hp_per_floor":[42,81,80,80,80,80,71,71,71,37,37,37,37,37,37,24,85,56,13,0],"gold":165,"neow_bonus":"THREE_RARE_CARDS","is_prod":false,"is_daily":false,"chose_seed":false,"campfire_upgraded":4,"win_rate":0,"timestamp":1554562238,"path_taken":["M","?","M","?","$","R","?","R","T","E","?","R","?","M","R","BOSS","M","M","?"],"build_version":"2019-01-23","purchased_purges":0,"victory":false,"max_hp_per_floor":[71,81,81,81,81,81,81,81,81,81,81,81,81,81,81,81,99,99,99,99],"card_choices":[{"not_picked":["Fission","Amplify"],"picked":"Creative AI","floor":0},{"not_picked":["Hologram","Sweeping Beam"],"picked":"Leap","floor":1},{"not_picked":["Rebound","Gash"],"picked":"Rip and Tear","floor":3},{"not_picked":["Barrage","Recycle"],"picked":"Hologram","floor":4},{"not_picked":["Cold Snap","Beam Cell"],"picked":"Melter","floor":7},{"not_picked":["Streamline","Sweeping Beam","Cold Snap"],"picked":"Capacitor","floor":10},{"not_picked":["Multi-Cast","Beam Cell","Streamline"],"picked":"Coolheaded","floor":14},{"not_picked":["Buffer","Multi-Cast","Rainbow"],"picked":"Creative AI","floor":16},{"not_picked":["Auto Shields","Hologram","Streamline"],"picked":"FTL+1","floor":18},{"not_picked":["Ball Lightning","Compile Driver","Steam"],"picked":"Undo","floor":19}],"player_experience":4714011,"relics_obtained":[{"floor":9,"key":"Question Card"},{"floor":10,"key":"Darkstone Periapt"},{"floor":17,"key":"Centennial Puzzle"},{"floor":17,"key":"Mercury Hourglass"},{"floor":17,"key":"Ginger"}],"event_choices":[{"cards_removed":["Creative AI"],"damage_healed":29,"gold_gain":0,"player_choice":"Offered Rare","damage_taken":0,"max_hp_gain":10,"max_hp_loss":0,"event_name":"Bonfire Elementals","floor":2,"gold_loss":0},{"damage_healed":0,"gold_gain":0,"player_choice":"Searched \u00272\u0027 times","damage_taken":0,"relics_obtained":["PreservedInsect"],"max_hp_gain":0,"max_hp_loss":0,"event_name":"Dead Adventurer","floor":11,"gold_loss":0},{"damage_healed":0,"gold_gain":0,"player_choice":"Gave Potion","damage_taken":0,"relics_obtained":["Gremlin Horn"],"max_hp_gain":0,"max_hp_loss":0,"event_name":"WeMeetAgain","floor":13,"gold_loss":0}],"is_beta":false,"boss_relics":[{"not_picked":["Lizard Tail","Fusion Hammer"],"picked":"Calling Bell"}],"items_purged_floors":[],"is_endless":false,"potions_floor_spawned":[7,10,16,19],"killed_by":"3 Cultists","ascension_level":20}