{"gold_per_floor":[111,128,203,221,221,221,238,238,238,47,61,61,87,102,102,199,199,218,218,237,237,256,289,314,314,314,342,27,57,6,31,31,128,128,148,370,385,385,385,385,485,485,509,541,49,67,98,152,152,152],"floor_reached":51,"playtime":3849,"items_purged":[],"score":1401,"play_id":"3305a9f5-269f-4844-a0ba-22be52bb8938","local_time":"20190506190500","is_ascension_mode":true,"campfire_choices":[{"data":"Disarm","floor":6.0,"key":"SMITH"},{"data":"Havoc","floor":8.0,"key":"SMITH"},{"data":"Infernal Blade","floor":12.0,"key":"SMITH"},{"floor":15.0,"key":"REST"},{"floor":25.0,"key":"REST"},{"data":"Warcry","floor":32.0,"key":"SMITH"},{"data":"Warcry","floor":40.0,"key":"SMITH"},{"data":"Offering","floor":42.0,"key":"SMITH"},{"floor":49,"key":"REST"}],"neow_cost":"NONE","seed_source_timestamp":2162118440790190,"circlet_count":0,"master_deck":["AscendersBane","Strike_R+1","Strike_R+1","Strike_R+1","Defend_R+1","Defend_R+1","Defend_R+1","Bash","Warcry+1","Dual Wield","Disarm+1","Havoc+1","Corruption","Seeing Red","Pummel","Infernal Blade+1","Warcry+1","Exhume","Havoc+1","Dual Wield+1","Twin Strike+1","True Grit","Corruption","Shrug It Off","Seeing Red","Havoc","Feel No Pain+1","Discovery","Shrug It Off","Metamorphosis","Havoc","Offering","Offering+1","Seeing Red","Armaments","Flex+1","Normality","Exhume","Feel No Pain+1","Warcry","Jack Of All Trades","Headbutt","True Grit","True Grit","Dark Embrace+1","Rage"],"special_seed":0,"relics":["Burning Blood","NeowsBlessing","Charon\u0027s Ashes","Letter Opener","Bronze Scales","Astrolabe","Orichalcum","Red Mask","Frozen Egg 2","Nunchaku","Blood Vial","Self Forming Clay","Cursed Key","Prayer Wheel","Omamori","Dream Catcher","Anchor","Vajra","Unceasing Top"],"potions_floor_usage":[],"damage_taken":[{"damage":0.0,"enemies":"Jaw Worm","floor":1.0,"turns":1.0},{"damage":0.0,"enemies":"Small Slimes","floor":2.0,"turns":1.0},{"damage":0.0,"enemies":"2 Louse","floor":4.0,"turns":1.0},{"damage":8.0,"enemies":"Blue Slaver","floor":7.0,"turns":6.0},{"damage":0.0,"enemies":"2 Fungi Beasts","floor":11.0,"turns":1.0},{"damage":29.0,"enemies":"Lagavulin","floor":13.0,"turns":4.0},{"damage":7.0,"enemies":"Large Slime","floor":14.0,"turns":5.0},{"damage":28.0,"enemies":"Slime Boss","floor":16.0,"turns":6.0},{"damage":0.0,"enemies":"Spheric Guardian","floor":18.0,"turns":3.0},{"damage":18.0,"enemies":"Colosseum Slavers","floor":19.0,"turns":3.0},{"damage":0.0,"enemies":"3 Byrds","floor":20.0,"turns":2.0},{"damage":4.0,"enemies":"Cultist and Chosen","floor":22.0,"turns":6.0},{"damage":29.0,"enemies":"Book of Stabbing","floor":23.0,"turns":4.0},{"damage":4.0,"enemies":"Masked Bandits","floor":24.0,"turns":2.0},{"damage":18.0,"enemies":"Slavers","floor":27.0,"turns":3.0},{"damage":4.0,"enemies":"Gremlin Leader","floor":29.0,"turns":4.0},{"damage":0.0,"enemies":"Book of Stabbing","floor":31.0,"turns":4.0},{"damage":67.0,"enemies":"Collector","floor":33.0,"turns":10.0},{"damage":0.0,"enemies":"3 Shapes","floor":35.0,"turns":3.0},{"damage":6.0,"enemies":"Orb Walker","floor":37.0,"turns":2.0},{"damage":6.0,"enemies":"Mind Bloom Boss Battle","floor":41.0,"turns":3.0},{"damage":15.0,"enemies":"Nemesis","floor":44.0,"turns":8.0},{"damage":7.0,"enemies":"Transient","floor":46.0,"turns":5.0},{"damage":19,"enemies":"Reptomancer","floor":47,"turns":6},{"damage":2,"enemies":"2 Orb Walkers","floor":48,"turns":5},{"damage":18,"enemies":"Time Eater","floor":50,"turns":7}],"seed_played":"-4127154946072763952","potions_obtained":[{"floor":2.0,"key":"GamblersBrew"},{"floor":7.0,"key":"Strength Potion"},{"floor":13.0,"key":"SmokeBomb"},{"floor":14.0,"key":"GamblersBrew"},{"floor":18.0,"key":"Fire Potion"},{"floor":24.0,"key":"GamblersBrew"},{"floor":41.0,"key":"Block Potion"},{"floor":46.0,"key":"Weak Potion"},{"floor":48,"key":"GamblersBrew"}],"is_trial":false,"path_per_floor":["M","M","?","M","T","R","M","R","T","$","M","R","E","M","R","B",null,"M","?","M","?","M","E","?","R","T","E","$","E","$","E","R","B",null,"M","?","M","$","?","R","?","R","T","E","$","M","E","?","R","B",null],"character_chosen":"IRONCLAD","items_purchased":["Corruption","Seeing Red","Pummel","Discovery","Shrug It Off","Metamorphosis","Havoc","Anchor","Feel No Pain+1","Warcry","Jack Of All Trades","GamblersBrew","Headbutt","True Grit"],"campfire_rested":3,"item_purchase_floors":[10,10,10,28,28,28,30,45,45,45,45,45,45,45],"current_hp_per_floor":[78,80,69,75,75,75,73,73,73,73,79,79,56,55,79,57,74,80,68,74,74,76,53,55,79,79,67,67,69,69,77,77,18,65,73,73,75,75,75,75,77,77,77,70,70,71,60,66,80,68],"gold":152,"neow_bonus":"THREE_ENEMY_KILL","is_prod":false,"is_daily":false,"chose_seed":false,"campfire_upgraded":6,"win_rate":0,"timestamp":1557158700,"path_taken":["M","M","?","M","?","R","M","R","T","$","M","R","E","M","R","BOSS","M","?","M","?","M","E","?","R","T","E","$","E","$","E","R","BOSS","M","?","M","$","?","R","?","R","T","E","$","M","E","?","R","BOSS"],"build_version":"2019-01-23","purchased_purges":0,"victory":true,"max_hp_per_floor":[80,80,80,80,80,80,80,80,80,80,80,80,80,80,80,80,80,80,80,80,80,80,80,80,80,80,80,80,80,80,80,80,80,80,80,80,80,80,80,80,80,80,80,80,80,80,80,80,80,80],"card_choices":[{"not_picked":["Armaments","Thunderclap"],"picked":"Warcry","floor":1.0},{"not_picked":["Anger","Clash"],"picked":"Dual Wield","floor":2.0},{"not_picked":["Armaments","Carnage"],"picked":"Disarm","floor":4.0},{"not_picked":["Whirlwind","Evolve"],"picked":"Havoc","floor":7.0},{"not_picked":["Warcry","Searing Blow"],"picked":"Infernal Blade","floor":11.0},{"not_picked":["Searing Blow","Demon Form"],"picked":"Warcry","floor":13.0},{"not_picked":["Clothesline","Sword Boomerang"],"picked":"Pommel Strike","floor":14.0},{"not_picked":["Juggernaut","Brutality"],"picked":"Exhume","floor":16.0},{"not_picked":["Twin Strike","Clothesline"],"picked":"True Grit","floor":18.0},{"not_picked":["Sentinel","Dropkick"],"picked":"Corruption","floor":20.0},{"not_picked":["Thunderclap","Power Through"],"picked":"Shrug It Off","floor":22.0},{"not_picked":["Reaper","Sword Boomerang"],"picked":"Seeing Red","floor":23.0},{"not_picked":["Warcry","Carnage"],"picked":"Havoc","floor":24.0},{"not_picked":["Armaments+1","Seeing Red"],"picked":"Feel No Pain+1","floor":27.0},{"not_picked":["Searing Blow","Wild Strike","Reaper"],"picked":"SKIP","floor":29.0},{"not_picked":["Seeing Red","Battle Trance"],"picked":"Offering","floor":31.0},{"not_picked":["Berserk+1","Immolate"],"picked":"Offering","floor":33.0},{"not_picked":["Twin Strike+1","Headbutt"],"picked":"Seeing Red","floor":35.0},{"not_picked":["Clash","Thunderclap+1"],"picked":"Armaments","floor":37.0},{"not_picked":["Anger","Clothesline"],"picked":"Flex+1","floor":41.0},{"not_picked":["Disarm","Armaments"],"picked":"Exhume","floor":44.0},{"not_picked":["Hemokinesis+1","Twin Strike"],"picked":"True Grit","floor":46.0},{"not_picked":["Clash","Cleave","Perfected Strike"],"picked":"SKIP","floor":46.0},{"not_picked":["Headbutt","Flex+1"],"picked":"Dark Embrace+1","floor":47},{"not_picked":["Power Through","Reckless Charge"],"picked":"Rage","floor":48}],"player_experience":1302722,"relics_obtained":[{"floor":5.0,"key":"Charon\u0027s Ashes"},{"floor":9.0,"key":"Letter Opener"},{"floor":13.0,"key":"Bronze Scales"},{"floor":23.0,"key":"Orichalcum"},{"floor":24.0,"key":"Red Mask"},{"floor":26.0,"key":"Frozen Egg 2"},{"floor":27.0,"key":"Nunchaku"},{"floor":29.0,"key":"Blood Vial"},{"floor":31.0,"key":"Self Forming Clay"},{"floor":41.0,"key":"Prayer Wheel"},{"floor":43.0,"key":"Omamori"},{"floor":44.0,"key":"Dream Catcher"},{"floor":47,"key":"Vajra"},{"floor":48,"key":"Unceasing Top"}],"event_choices":[{"damage_healed":0.0,"max_hp_gain":0.0,"max_hp_loss":0.0,"gold_gain":75.0,"event_name":"World of Goop","player_choice":"Gather Gold","floor":3.0,"gold_loss":0.0,"damage_taken":11.0},{"damage_healed":0.0,"max_hp_gain":0.0,"max_hp_loss":0.0,"gold_gain":0.0,"event_name":"Colosseum","player_choice":"Fight","floor":19.0,"gold_loss":0.0,"damage_taken":0.0},{"damage_healed":0.0,"max_hp_gain":0.0,"max_hp_loss":0.0,"gold_gain":0.0,"event_name":"Colosseum","player_choice":"Fled From Nobs","floor":19.0,"gold_loss":0.0,"damage_taken":0.0},{"damage_healed":0.0,"max_hp_gain":0.0,"max_hp_loss":0.0,"gold_gain":0.0,"event_name":"Back to Basics","player_choice":"Simplicity","floor":21.0,"gold_loss":0.0,"damage_taken":0.0,"cards_upgraded":["Strike_R","Strike_R","Strike_R","Defend_R","Defend_R","Defend_R"]},{"damage_healed":0.0,"max_hp_gain":0.0,"max_hp_loss":0.0,"gold_gain":0.0,"event_name":"Masked Bandits","player_choice":"Fought Bandits","floor":24.0,"gold_loss":0.0,"damage_taken":0.0},{"damage_healed":0.0,"max_hp_gain":0.0,"max_hp_loss":0.0,"gold_gain":222.0,"event_name":"Tomb of Lord Red Mask","player_choice":"Wore Mask","floor":36.0,"gold_loss":0.0,"damage_taken":0.0},{"cards_removed":["Pommel Strike"],"damage_healed":0.0,"max_hp_gain":0.0,"max_hp_loss":0.0,"gold_gain":0.0,"event_name":"Falling","player_choice":"Removed Attack","floor":39.0,"gold_loss":0.0,"damage_taken":0.0},{"damage_healed":0.0,"max_hp_gain":0.0,"max_hp_loss":0.0,"gold_gain":0.0,"event_name":"MindBloom","player_choice":"Fight","floor":41.0,"gold_loss":0.0,"damage_taken":0.0},{"damage_healed":0,"gold_gain":0,"player_choice":"Fight","damage_taken":0,"max_hp_gain":0,"max_hp_loss":0,"event_name":"Mysterious Sphere","floor":48,"gold_loss":0}],"is_beta":false,"boss_relics":[{"not_picked":["Empty Cage","Sozu"],"picked":"Astrolabe"},{"not_picked":["Runic Pyramid","Snecko Eye"],"picked":"Cursed Key"}],"items_purged_floors":[],"is_endless":false,"potions_floor_spawned":[2,7,13,14,18,19,24,41,46,47,48],"ascension_level":12}