{"gold_per_floor":[114,114,141,40,55,55,75,75,75,103,116,144,144,163,163,260,260,275,291,97,109,24,24,41,41,111,121,121,140,140,160,160,260,260,275,286,386,137,157,157,32,32,32,32,0,0,0,11,11,11],"floor_reached":50,"playtime":3516,"items_purged":["Strike_R","Strike_R","Strike_R"],"score":530,"play_id":"da628b26-9acb-4b2c-9c24-e5d7fa9284cb","local_time":"20181230104439","is_ascension_mode":true,"campfire_choices":[{"data":"Armaments","floor":6,"key":"SMITH"},{"data":"Pommel Strike","floor":8,"key":"SMITH"},{"data":"Cleave","floor":13,"key":"SMITH"},{"data":"Body Slam","floor":15,"key":"SMITH"},{"floor":23,"key":"REST"},{"data":"Sentinel","floor":28,"key":"SMITH"},{"data":"True Grit","floor":30,"key":"SMITH"},{"floor":32,"key":"DIG"},{"floor":40,"key":"REST"},{"floor":44,"key":"DIG"},{"floor":46,"key":"DIG"},{"data":"Madness","floor":49,"key":"SMITH"}],"neow_cost":"NONE","seed_source_timestamp":649967431791911,"circlet_count":0,"master_deck":["Defend_R","Defend_R","Defend_R","Defend_R","Bash","Spot Weakness","Shrug It Off","Evolve","Shrug It Off","Armaments+1","Pommel Strike+1","Feed","Cleave+1","Body Slam+1","Impervious","True Grit+1","Sword Boomerang","Flex+1","True Grit+1","Body Slam+1","Flex+1","PanicButton","Sentinel+1","Double Tap","Infernal Blade","Shrug It Off+1","Madness","Madness+1"],"relics":["Burning Blood","Vajra","Kunai","Odd Mushroom","Shovel","Orrery","DollysMirror","Anchor","Bottled Lightning","Dead Branch","Sozu","Champion Belt","PreservedInsect","Ice Cream","Bird Faced Urn","Red Mask","Happy Flower"],"potions_floor_usage":[10,12,16,19,24,31,33,33,33,33,48],"damage_taken":[{"damage":14,"enemies":"Jaw Worm","floor":1,"turns":3},{"damage":10,"enemies":"Cultist","floor":5,"turns":5},{"damage":0,"enemies":"Small Slimes","floor":7,"turns":3},{"damage":12,"enemies":"The Mushroom Lair","floor":10,"turns":6},{"damage":0,"enemies":"2 Fungi Beasts","floor":11,"turns":4},{"damage":24,"enemies":"Gremlin Nob","floor":12,"turns":5},{"damage":1,"enemies":"3 Louse","floor":14,"turns":3},{"damage":25,"enemies":"The Guardian","floor":16,"turns":11},{"damage":34,"enemies":"Spheric Guardian","floor":18,"turns":6},{"damage":13,"enemies":"Chosen","floor":19,"turns":6},{"damage":15,"enemies":"Snecko","floor":21,"turns":6},{"damage":17,"enemies":"Shelled Parasite and Fungi","floor":24,"turns":7},{"damage":1,"enemies":"Snake Plant","floor":27,"turns":4},{"damage":1,"enemies":"Centurion and Healer","floor":29,"turns":5},{"damage":14,"enemies":"Snecko","floor":31,"turns":6},{"damage":57,"enemies":"Champ","floor":33,"turns":16},{"damage":0,"enemies":"3 Shapes","floor":35,"turns":4},{"damage":26,"enemies":"Orb Walker","floor":36,"turns":4},{"damage":34,"enemies":"Mind Bloom Boss Battle","floor":37,"turns":8},{"damage":40,"enemies":"Maw","floor":39,"turns":8},{"damage":3,"enemies":"Transient","floor":48,"turns":5},{"damage":97,"enemies":"Time Eater","floor":50,"turns":12}],"seed_played":"-61352521574686212","potions_obtained":[{"floor":1,"key":"Block Potion"},{"floor":5,"key":"EssenceOfSteel"},{"floor":14,"key":"SkillPotion"},{"floor":16,"key":"AttackPotion"},{"floor":19,"key":"AttackPotion"},{"floor":21,"key":"Poison Potion"},{"floor":31,"key":"EntropicBrew"},{"floor":33,"key":"Fire Potion"}],"is_trial":false,"path_per_floor":["M","?","T","$","M","R","M","R","T","?","M","E","R","M","R","B",null,"M","M","$","M","?","R","M","?","T","M","R","M","R","M","R","B",null,"M","M","?","$","M","R","$","?","T","R","?","R","?","M","R","B"],"character_chosen":"IRONCLAD","items_purchased":["Shrug It Off","DollysMirror","PreservedInsect"],"campfire_rested":2,"item_purchase_floors":[4,20,38],"current_hp_per_floor":[72,72,72,72,68,68,74,74,74,68,74,56,56,64,64,49,87,59,52,52,46,46,73,65,47,47,52,52,60,60,52,52,16,96,99,82,54,54,20,50,50,89,89,89,89,89,78,83,83,0],"gold":11,"neow_bonus":"TRANSFORM_CARD","is_prod":false,"is_daily":false,"chose_seed":false,"campfire_upgraded":7,"win_rate":0,"timestamp":1546134279,"path_taken":["M","?","?","$","M","R","?","R","T","?","M","E","R","M","R","BOSS","M","M","$","M","?","R","M","?","T","M","R","M","R","M","R","BOSS","M","?","?","$","M","R","$","?","T","R","?","R","?","M","R","BOSS"],"build_version":"2018-12-20","purchased_purges":3,"victory":false,"max_hp_per_floor":[80,80,80,80,80,80,80,80,80,80,80,80,80,83,83,87,87,87,87,87,90,90,90,93,93,93,93,93,96,96,96,96,96,96,99,102,102,102,102,102,102,89,89,89,89,89,89,89,89,89],"card_choices":[{"not_picked":["Searing Blow","Anger"],"picked":"Shrug It Off","floor":1},{"not_picked":["Carnage","Perfected Strike"],"picked":"Armaments","floor":5},{"not_picked":["Rupture","Seeing Red"],"picked":"Pommel Strike","floor":7},{"not_picked":["Rage","Clash"],"picked":"Feed","floor":11},{"not_picked":["Armaments","Wild Strike"],"picked":"Cleave","floor":12},{"not_picked":["Ghostly Armor","Thunderclap"],"picked":"Body Slam","floor":14},{"not_picked":["Dark Embrace","Berserk"],"picked":"Impervious","floor":16},{"not_picked":["Flex","Heavy Blade"],"picked":"True Grit","floor":17},{"not_picked":["Anger","Second Wind"],"picked":"Sword Boomerang","floor":17},{"not_picked":["Uppercut","Corruption"],"picked":"Flex+1","floor":18},{"not_picked":["Thunderclap","Clash"],"picked":"True Grit+1","floor":19},{"not_picked":["Iron Wave","True Grit"],"picked":"Flex+1","floor":21},{"not_picked":["Shrug It Off","Berserk","Armaments"],"picked":"SKIP","floor":24},{"not_picked":["Armaments+1","Warcry+1"],"picked":"Sentinel","floor":27},{"not_picked":["Corruption+1","Flex","Combust"],"picked":"SKIP","floor":29},{"not_picked":["Combust","Heavy Blade","Spot Weakness"],"picked":"SKIP","floor":31},{"not_picked":["Berserk","Bludgeon"],"picked":"Double Tap","floor":33},{"not_picked":["Second Wind+1","Sentinel"],"picked":"Infernal Blade","floor":35},{"not_picked":["Pummel","Hemokinesis","Sword Boomerang"],"picked":"SKIP","floor":36},{"not_picked":["True Grit","Sword Boomerang"],"picked":"Shrug It Off+1","floor":39},{"not_picked":["Havoc+1","Second Wind+1","Pommel Strike+1"],"picked":"SKIP","floor":48}],"player_experience":262621,"relics_obtained":[{"floor":3,"key":"Vajra"},{"floor":9,"key":"Kunai"},{"floor":10,"key":"Odd Mushroom"},{"floor":12,"key":"Shovel"},{"floor":26,"key":"Bottled Lightning"},{"floor":32,"key":"Dead Branch"},{"floor":37,"key":"Champion Belt"},{"floor":43,"key":"Ice Cream"},{"floor":44,"key":"Bird Faced Urn"},{"floor":46,"key":"Happy Flower"}],"event_choices":[{"damage_healed":0,"gold_gain":0,"cards_transformed":["Strike_R"],"player_choice":"Change","damage_taken":0,"max_hp_gain":0,"max_hp_loss":0,"event_name":"Living Wall","floor":2,"gold_loss":0,"cards_obtained":["Evolve"]},{"damage_healed":0,"gold_gain":0,"player_choice":"Fought Mushrooms","damage_taken":0,"max_hp_gain":0,"max_hp_loss":0,"event_name":"Mushrooms","floor":10,"gold_loss":0},{"damage_healed":0,"gold_gain":0,"player_choice":"Obtained Relic","damage_taken":0,"relics_obtained":["Anchor"],"max_hp_gain":0,"max_hp_loss":0,"event_name":"Addict","floor":22,"gold_loss":85},{"damage_healed":0,"gold_gain":0,"player_choice":"CARD ","damage_taken":18,"max_hp_gain":0,"max_hp_loss":0,"event_name":"Knowing Skull","floor":25,"potions_obtained":[],"gold_loss":0,"cards_obtained":["PanicButton"]},{"damage_healed":0,"gold_gain":0,"player_choice":"Fight","damage_taken":0,"max_hp_gain":0,"max_hp_loss":0,"event_name":"MindBloom","floor":37,"gold_loss":0},{"damage_healed":89,"gold_gain":0,"player_choice":"Heal","damage_taken":0,"max_hp_gain":0,"max_hp_loss":13,"event_name":"The Moai Head","floor":42,"gold_loss":0},{"damage_healed":0,"gold_gain":0,"player_choice":"Paid","damage_taken":0,"relics_obtained":["Red Mask"],"max_hp_gain":0,"max_hp_loss":0,"event_name":"Tomb of Lord Red Mask","floor":45,"gold_loss":32},{"damage_healed":0,"gold_gain":0,"player_choice":"Embrace Madness","damage_taken":11,"max_hp_gain":0,"max_hp_loss":0,"event_name":"Winding Halls","floor":47,"gold_loss":0,"cards_obtained":["Madness","Madness"]}],"is_beta":false,"boss_relics":[{"not_picked":["White Beast Statue","Runic Cube"],"picked":"Orrery"},{"not_picked":["Tiny House","Cursed Key"],"picked":"Sozu"}],"items_purged_floors":[4,38,41],"is_endless":false,"potions_floor_spawned":[1,5,14,16,19,21,31,33,35,39],"killed_by":"Time Eater","ascension_level":4}