{"gold_per_floor":[413,429,439,457,382,382,411,411,493,506,519,519,9,35,35,114,114,129,329,341,86,86,86,86,98,98,13,13,13,38,66,66,141,141,151,166,166,185,185,185,201,201,227,227,246,246],"floor_reached":46,"playtime":1742,"items_purged":["Strike_B"],"score":1011,"play_id":"f24d1134-a1cc-48ce-bdb2-5b4058080e6f","local_time":"20190510013511","is_ascension_mode":true,"campfire_choices":[{"data":"Ball Lightning","floor":6.0,"key":"SMITH"},{"data":"Hologram","floor":8.0,"key":"SMITH"},{"floor":12.0,"key":"REST"},{"data":"Chaos","floor":15.0,"key":"SMITH"},{"data":"Fission","floor":23,"key":"SMITH"},{"data":"Consume","floor":24,"key":"SMITH"},{"data":"Sunder","floor":29,"key":"SMITH"},{"data":"Defragment","floor":32,"key":"SMITH"},{"floor":40,"key":"RECALL"},{"data":"Master of Strategy","floor":44,"key":"SMITH"}],"neow_cost":"TEN_PERCENT_HP_LOSS","seed_source_timestamp":371347068659200,"circlet_count":0,"master_deck":["AscendersBane","Defend_B","Defend_B","Zap","Dualcast","Ball Lightning+1","Gash","Steam","Undo","Hologram+1","Chill","Chaos+1","Sunder+1","Self Repair","Ball Lightning","Fission+1","Consume+1","Cold Snap","Glacier","Bite","Bite","Bite","Bite","Bite","Defragment+1","Necronomicurse","Heatsinks+1","Hologram+1","Biased Cognition+1","Stack+1","Compile Driver","White Noise+1","Master of Strategy+1","Panacea","Dark Shackles","Decay","Hello World+1","Coolheaded"],"special_seed":0,"relics":["Cracked Core","Old Coin","WingedGreaves","Letter Opener","Runic Capacitor","Lantern","Eternal Feather","Art of War","Pantograph","Anchor","Necronomicon","Blood Vial","Frozen Egg 2","Cursed Key","Prayer Wheel"],"potions_floor_usage":[31,41],"damage_taken":[{"damage":1.0,"enemies":"Cultist","floor":1.0,"turns":3.0},{"damage":3.0,"enemies":"2 Louse","floor":2.0,"turns":3.0},{"damage":0.0,"enemies":"Small Slimes","floor":3.0,"turns":2.0},{"damage":14.0,"enemies":"Red Slaver","floor":4.0,"turns":2.0},{"damage":39.0,"enemies":"Gremlin Nob","floor":7.0,"turns":4.0},{"damage":3.0,"enemies":"3 Louse","floor":10.0,"turns":2.0},{"damage":4.0,"enemies":"2 Fungi Beasts","floor":11.0,"turns":3.0},{"damage":16.0,"enemies":"3 Sentries","floor":14.0,"turns":9.0},{"damage":7.0,"enemies":"The Guardian","floor":16.0,"turns":8.0},{"damage":10.0,"enemies":"3 Byrds","floor":18.0,"turns":4.0},{"damage":26.0,"enemies":"Shell Parasite","floor":20.0,"turns":8.0},{"damage":0,"enemies":"Snake Plant","floor":25,"turns":4},{"damage":13,"enemies":"Book of Stabbing","floor":30,"turns":5},{"damage":18,"enemies":"Slavers","floor":31,"turns":7},{"damage":24,"enemies":"Automaton","floor":33,"turns":9},{"damage":13,"enemies":"3 Darklings","floor":35,"turns":5},{"damage":5,"enemies":"3 Shapes","floor":36,"turns":7},{"damage":6,"enemies":"Writhing Mass","floor":38,"turns":3},{"damage":27,"enemies":"Transient","floor":41,"turns":6},{"damage":45,"enemies":"Spire Growth","floor":45,"turns":5},{"damage":23,"enemies":"Reptomancer","floor":46,"turns":2}],"seed_played":"4929193939431020107","potions_obtained":[{"floor":2.0,"key":"SkillPotion"},{"floor":3.0,"key":"Regen Potion"},{"floor":4.0,"key":"FocusPotion"},{"floor":14.0,"key":"Explosive Potion"},{"floor":18.0,"key":"Dexterity Potion"},{"floor":33,"key":"FearPotion"}],"is_trial":false,"path_per_floor":["M","M","M","M","?","R","E","R","T","M","M","R","$","E","R","B",null,"M","?","M","$","?","R","R","M","T","?","?","R","E","E","R","B",null,"M","M","?","M","?","R","M","?","T","R","M","E"],"character_chosen":"DEFECT","items_purchased":["Runic Capacitor","Dexterity Potion","Sunder","Self Repair","Art of War","Glacier"],"campfire_rested":1,"item_purchase_floors":[13,13,13,13,21,21],"current_hp_per_floor":[63,60,60,46,46,46,19,19,19,16,12,31,31,22,22,22,54,51,51,32,32,32,44,44,44,44,44,23,38,40,41,44,33,41,38,44,44,44,34,44,26,26,26,44,10,0],"gold":246,"neow_bonus":"ONE_RARE_RELIC","is_prod":false,"is_daily":false,"chose_seed":false,"campfire_upgraded":8,"win_rate":0,"timestamp":1557419711,"path_taken":["M","M","?","M","?","R","E","R","T","M","M","R","$","E","R","BOSS","M","?","?","$","?","R","R","M","T","?","?","R","E","E","R","BOSS","M","M","?","?","?","R","M","?","T","R","?","E"],"build_version":"2019-01-23","purchased_purges":1,"victory":false,"max_hp_per_floor":[64,64,64,64,64,64,64,64,64,64,64,64,64,64,64,64,64,64,64,64,64,44,44,44,44,44,44,44,44,44,44,44,44,44,44,44,44,44,44,44,44,44,44,44,44,44],"card_choices":[{"not_picked":["Turbo","Genetic Algorithm"],"picked":"Ball Lightning","floor":1.0},{"not_picked":["Go for the Eyes","Tempest"],"picked":"Gash","floor":2.0},{"not_picked":["Tempest","Sweeping Beam"],"picked":"Steam","floor":3.0},{"not_picked":["Chill","Scrape"],"picked":"Undo","floor":4.0},{"not_picked":["Steam Power","Recycle"],"picked":"Hologram","floor":7.0},{"not_picked":["Cold Snap","Sweeping Beam"],"picked":"Chill","floor":10.0},{"not_picked":["Go for the Eyes","Hologram"],"picked":"Chaos","floor":11.0},{"not_picked":["Gash","Turbo"],"picked":"Ball Lightning","floor":14.0},{"not_picked":["Reboot","Buffer"],"picked":"Fission","floor":16.0},{"not_picked":["Skim","Darkness"],"picked":"Consume","floor":18.0},{"not_picked":["Stack","Go for the Eyes"],"picked":"Cold Snap","floor":20.0},{"not_picked":["Go for the Eyes+1","Redo+1"],"picked":"Defragment","floor":25},{"not_picked":["Go for the Eyes","Steam"],"picked":"Heatsinks+1","floor":30},{"not_picked":["Ball Lightning","Cold Snap"],"picked":"Hologram+1","floor":31},{"not_picked":["All For One","Rainbow"],"picked":"Biased Cognition+1","floor":33},{"not_picked":["Ball Lightning","Beam Cell"],"picked":"Stack+1","floor":35},{"not_picked":["Beam Cell","Melter"],"picked":"Compile Driver","floor":36},{"not_picked":["Redo","Go for the Eyes+1"],"picked":"White Noise+1","floor":38},{"not_picked":["Enlightenment","Dramatic Entrance"],"picked":"Master of Strategy","floor":39},{"not_picked":["Blind","Purity"],"picked":"Panacea","floor":39},{"not_picked":["Mind Blast","Mayhem+1"],"picked":"Dark Shackles","floor":39},{"not_picked":["Self Repair+1","Rip and Tear","Turbo"],"picked":"SKIP","floor":41},{"not_picked":["Genetic Algorithm","Rebound+1"],"picked":"Hello World+1","floor":45},{"not_picked":["Recycle","Sweeping Beam+1"],"picked":"Coolheaded","floor":45}],"player_experience":4966570,"relics_obtained":[{"floor":7.0,"key":"WingedGreaves"},{"floor":9.0,"key":"Letter Opener"},{"floor":14.0,"key":"Lantern"},{"floor":26,"key":"Pantograph"},{"floor":28,"key":"Necronomicon"},{"floor":30,"key":"Blood Vial"},{"floor":31,"key":"Frozen Egg 2"}],"event_choices":[{"cards_removed":["Defend_B"],"damage_healed":0.0,"max_hp_gain":0.0,"max_hp_loss":0.0,"gold_gain":0.0,"event_name":"The Cleric","player_choice":"Card Removal","floor":5.0,"gold_loss":75.0,"damage_taken":0.0},{"damage_healed":0.0,"max_hp_gain":0.0,"max_hp_loss":0.0,"gold_gain":200.0,"event_name":"Wheel of Change","player_choice":"Gold","floor":19.0,"gold_loss":0.0,"damage_taken":0.0},{"damage_healed":0,"gold_gain":0,"player_choice":"Became a vampire","damage_taken":0,"max_hp_gain":0,"max_hp_loss":20,"event_name":"Vampires","floor":22,"gold_loss":0,"cards_obtained":["Bite","Bite","Bite","Bite","Bite"]},{"damage_healed":0,"gold_gain":0,"player_choice":"Obtained Relic","damage_taken":0,"relics_obtained":["Anchor"],"max_hp_gain":0,"max_hp_loss":0,"event_name":"Addict","floor":27,"gold_loss":85},{"damage_healed":0,"gold_gain":0,"player_choice":"Obtained Book","damage_taken":21,"max_hp_gain":0,"max_hp_loss":0,"event_name":"Cursed Tome","floor":28,"gold_loss":0},{"cards_removed":["Defend_B"],"damage_healed":0,"gold_gain":0,"player_choice":"Purged","damage_taken":0,"max_hp_gain":0,"max_hp_loss":0,"event_name":"Purifier","floor":37,"gold_loss":0},{"damage_healed":0,"gold_gain":0,"player_choice":"Memory 3","damage_taken":10,"max_hp_gain":0,"max_hp_loss":0,"event_name":"SensoryStone","floor":39,"gold_loss":0},{"damage_healed":0,"gold_gain":0,"player_choice":"Gave Potion","damage_taken":0,"relics_obtained":["Prayer Wheel"],"max_hp_gain":0,"max_hp_loss":0,"event_name":"WeMeetAgain","floor":42,"gold_loss":0}],"is_beta":false,"boss_relics":[{"not_picked":["Black Star","Calling Bell"],"picked":"Eternal Feather"},{"not_picked":["Pandora\u0027s Box","Empty Cage"],"picked":"Cursed Key"}],"items_purged_floors":[13],"is_endless":false,"potions_floor_spawned":[2,3,4,14,18,20,30,33,35,36,38],"killed_by":"Reptomancer","ascension_level":20}