{"gold_per_floor":[111,125,143,157,30,30,43,43,70,82,94,139,151,163,175,261,273,299,226,252,282,311,323,350,375,387,413,425],"floor_reached":28,"playtime":1334,"items_purged":[],"score":392,"play_id":"ad3a7013-9de1-452c-a6cc-75af2e78f0c0","local_time":"20181220143347","is_ascension_mode":true,"campfire_choices":[{"data":"Envenom","floor":6.0,"key":"SMITH"},{"data":"Cloak And Dagger","floor":8.0,"key":"SMITH"},{"data":"Accuracy","floor":10.0,"key":"SMITH"},{"data":"Envenom","floor":15.0,"key":"SMITH"},{"floor":23,"key":"REST"}],"neow_cost":"NONE","seed_source_timestamp":15494634226307,"circlet_count":0,"master_deck":["AscendersBane","Defend_G","Defend_G","Defend_G","Defend_G","Defend_G","Strike_G","Strike_G","Strike_G","Strike_G","Survivor","Neutralize+1","Flechettes","Backflip","Deflect","Infinite Blades","Envenom+1","Cloak And Dagger+1","Accuracy+1","Envenom+1","Corpse Explosion","Dagger Spray","Cloak And Dagger","Endless Agony","Terror","Outmaneuver+1","Infinite Blades"],"special_seed":0,"relics":["Ring of the Snake","MawBank","Juzu Bracelet","Meat on the Bone","Lizard Tail","Orichalcum"],"potions_floor_usage":[22,22,24,27],"damage_taken":[{"damage":0.0,"enemies":"Cultist","floor":1.0,"turns":4.0},{"damage":1.0,"enemies":"Small Slimes","floor":2.0,"turns":5.0},{"damage":0.0,"enemies":"Jaw Worm","floor":3.0,"turns":5.0},{"damage":0.0,"enemies":"Looter","floor":4.0,"turns":4.0},{"damage":1.0,"enemies":"2 Fungi Beasts","floor":7.0,"turns":4.0},{"damage":15.0,"enemies":"Gremlin Nob","floor":12.0,"turns":4.0},{"damage":9.0,"enemies":"Hexaghost","floor":16.0,"turns":7.0},{"damage":31.0,"enemies":"2 Thieves","floor":18.0,"turns":4.0},{"damage":16.0,"enemies":"Chosen","floor":20.0,"turns":6.0},{"damage":35.0,"enemies":"Snake Plant","floor":21.0,"turns":6.0},{"damage":12,"enemies":"Centurion and Healer","floor":22,"turns":5},{"damage":19,"enemies":"Sentry and Sphere","floor":24,"turns":5},{"damage":14,"enemies":"Cultist and Chosen","floor":25,"turns":6},{"damage":31,"enemies":"3 Cultists","floor":27,"turns":4},{"damage":66,"enemies":"Gremlin Leader","floor":28,"turns":5}],"seed_played":"5813673932908471885","potions_obtained":[{"floor":2.0,"key":"Poison Potion"},{"floor":3.0,"key":"PowerPotion"},{"floor":4.0,"key":"Weak Potion"},{"floor":12.0,"key":"SkillPotion"},{"floor":18.0,"key":"Regen Potion"},{"floor":21.0,"key":"SpeedPotion"},{"floor":22,"key":"SkillPotion"},{"floor":25,"key":"Regen Potion"}],"is_trial":false,"path_per_floor":["M","M","M","M","$","R","M","R","T","R","?","E","T","?","R","B",null,"M","?","M","M","M","R","M","M","T","M","E"],"character_chosen":"THE_SILENT","items_purchased":["Envenom","Cloak And Dagger"],"campfire_rested":1,"item_purchase_floors":[5,5],"current_hp_per_floor":[59,58,58,58,58,58,57,57,57,57,50,35,35,35,35,38,59,40,40,38,15,15,34,27,25,25,18,0],"gold":425,"neow_bonus":"UPGRADE_CARD","is_prod":false,"is_daily":false,"chose_seed":false,"campfire_upgraded":4,"win_rate":0,"timestamp":1545284027,"path_taken":["M","?","M","M","$","R","M","R","T","R","?","E","?","?","R","BOSS","M","?","M","M","M","R","M","M","T","M","E"],"build_version":"2018-12-17","purchased_purges":0,"victory":false,"max_hp_per_floor":[66,66,66,66,66,66,66,66,66,66,66,66,66,66,66,66,66,66,66,66,66,66,66,66,66,66,66,66],"card_choices":[{"not_picked":["Underhanded Strike","Finisher"],"picked":"Flechettes","floor":1.0},{"not_picked":["Acrobatics","PiercingWail"],"picked":"Backflip","floor":2.0},{"not_picked":["Tactician","Outmaneuver"],"picked":"Deflect","floor":3.0},{"not_picked":["Catalyst","Sucker Punch"],"picked":"Infinite Blades","floor":4.0},{"not_picked":["Slice","Distraction"],"picked":"Accuracy","floor":7.0},{"not_picked":["Eviscerate","Tactician","Envenom"],"picked":"SKIP","floor":12.0},{"not_picked":["Eviscerate","Tactician"],"picked":"Envenom","floor":12.0},{"not_picked":["Unload","Wraith Form v2"],"picked":"Corpse Explosion","floor":16.0},{"not_picked":["Slice","PiercingWail"],"picked":"Dagger Spray","floor":18.0},{"not_picked":["Deadly Poison","Dagger Throw"],"picked":"Cloak And Dagger","floor":20.0},{"not_picked":["Cloak And Dagger","Riddle With Holes"],"picked":"Endless Agony","floor":21.0},{"not_picked":["Bane","Quick Slash"],"picked":"Terror","floor":22},{"not_picked":["Quick Slash","Poisoned Stab","Heel Hook"],"picked":"SKIP","floor":24},{"not_picked":["Wraith Form v2","Dagger Throw"],"picked":"Outmaneuver+1","floor":25},{"not_picked":["Cloak And Dagger","Choke"],"picked":"Infinite Blades","floor":27}],"player_experience":2573326,"relics_obtained":[{"floor":9.0,"key":"MawBank"},{"floor":12.0,"key":"Juzu Bracelet"},{"floor":13.0,"key":"Meat on the Bone"}],"event_choices":[{"cards_removed":["Strike_G"],"damage_healed":0.0,"max_hp_gain":0.0,"max_hp_loss":0.0,"gold_gain":0.0,"event_name":"Golden Wing","player_choice":"Card Removal","floor":11.0,"gold_loss":0.0,"damage_taken":7.0},{"damage_healed":0.0,"max_hp_gain":0.0,"max_hp_loss":0.0,"gold_gain":0.0,"event_name":"Liars Game","player_choice":"Ignored","floor":14.0,"gold_loss":0.0,"damage_taken":0.0},{"damage_healed":0.0,"max_hp_gain":0.0,"max_hp_loss":0.0,"gold_gain":0.0,"event_name":"Addict","player_choice":"Obtained Relic","floor":19.0,"gold_loss":85.0,"damage_taken":0.0,"relics_obtained":["Orichalcum"]}],"is_beta":true,"boss_relics":[{"not_picked":["Fusion Hammer","Runic Dome"],"picked":"Lizard Tail"}],"items_purged_floors":[],"is_endless":false,"potions_floor_spawned":[2,3,4,12,18,21,22,25],"killed_by":"Gremlin Leader","ascension_level":15}