{"gold_per_floor":[218,74,92,104,114,114,172,202,202,202,23,23,42,59,59,158,158,170,183,33,49,62,62,79,99,99,113,113,113,132,146,146,250,250,265,140,0,17,29,29,41,41,64,64,81,131,150,162,162,162],"floor_reached":50,"playtime":4636,"items_purged":["Strike_B","Strike_B","Strike_B"],"score":454,"play_id":"8e7ae63f-a7bc-45be-96d4-a53c2ee82bef","local_time":"20181205001852","is_ascension_mode":false,"campfire_choices":[{"data":"White Noise","floor":6,"key":"SMITH"},{"floor":10,"key":"REST"},{"data":"Conserve Battery","floor":12,"key":"SMITH"},{"floor":15,"key":"REST"},{"floor":23,"key":"REST"},{"data":"White Noise","floor":28,"key":"SMITH"},{"floor":32,"key":"REST"},{"data":"Redo","floor":40,"key":"SMITH"},{"data":"Zap","floor":42,"key":"SMITH"},{"data":"Electrodynamics","floor":44,"key":"SMITH"},{"floor":49,"key":"REST"}],"neow_cost":"NONE","seed_source_timestamp":206761032788012,"circlet_count":0,"master_deck":["Defend_B","Defend_B","Zap+1","Dualcast","White Noise+1","Echo Form","Conserve Battery+1","FTL+1","Redo+1","Electrodynamics+1","Force Field+1","Melter+1","White Noise+1","Amplify","Ball Lightning+1","Sweeping Beam+1","Lockon+1","Parasite","Heatsinks+1","Consume","Hologram+1","Tempest+1"],"relics":["Cracked Core","FossilizedHelix","StoneCalendar","Ice Cream","Orichalcum","Empty Cage","Dodecahedron","SsserpentHead","Orrery","Red Mask","Whetstone"],"potions_floor_usage":[5,8,16,22,24,24,30,33,33,50,50],"damage_taken":[{"damage":6,"enemies":"2 Louse","floor":1,"turns":2},{"damage":1,"enemies":"Jaw Worm","floor":3,"turns":3},{"damage":15,"enemies":"Cultist","floor":4,"turns":4},{"damage":9,"enemies":"Exordium Wildlife","floor":5,"turns":5},{"damage":20,"enemies":"Lagavulin Event","floor":7,"turns":6},{"damage":18,"enemies":"Lagavulin","floor":8,"turns":6},{"damage":19,"enemies":"Exordium Thugs","floor":13,"turns":5},{"damage":0,"enemies":"Blue Slaver","floor":14,"turns":4},{"damage":33,"enemies":"Hexaghost","floor":16,"turns":11},{"damage":30,"enemies":"2 Thieves","floor":18,"turns":4},{"damage":19,"enemies":"3 Byrds","floor":19,"turns":3},{"damage":0,"enemies":"Cultist and Chosen","floor":21,"turns":5},{"damage":0,"enemies":"Centurion and Healer","floor":22,"turns":6},{"damage":0,"enemies":"Snecko","floor":24,"turns":5},{"damage":0,"enemies":"Cultist and Chosen","floor":25,"turns":6},{"damage":6,"enemies":"3 Cultists","floor":27,"turns":3},{"damage":9,"enemies":"Snake Plant","floor":30,"turns":4},{"damage":0,"enemies":"Snecko","floor":31,"turns":7},{"damage":18,"enemies":"Champ","floor":33,"turns":13},{"damage":0,"enemies":"3 Darklings","floor":35,"turns":2},{"damage":0,"enemies":"3 Shapes","floor":38,"turns":2},{"damage":0,"enemies":"Writhing Mass","floor":39,"turns":5},{"damage":0,"enemies":"3 Darklings","floor":41,"turns":3},{"damage":8,"enemies":"Jaw Worm Horde","floor":45,"turns":4},{"damage":17,"enemies":"Spire Growth","floor":47,"turns":5},{"damage":40,"enemies":"Writhing Mass","floor":48,"turns":5},{"damage":34,"enemies":"Time Eater","floor":50,"turns":4}],"seed_played":"-5589274315669998001","potions_obtained":[{"floor":1,"key":"SteroidPotion"},{"floor":4,"key":"Regen Potion"},{"floor":7,"key":"Explosive Potion"},{"floor":14,"key":"SpeedPotion"},{"floor":19,"key":"Swift Potion"},{"floor":24,"key":"Ancient Potion"},{"floor":27,"key":"Poison Potion"},{"floor":31,"key":"EssenceOfSteel"},{"floor":38,"key":"GamblersBrew"},{"floor":45,"key":"Explosive Potion"},{"floor":48,"key":"LiquidBronze"}],"is_trial":false,"path_per_floor":["M","$","M","M","M","R","?","E","T","R","$","R","M","M","R","B",null,"M","M","$","M","M","R","M","M","T","M","R","?","M","M","R","B",null,"M","$","?","M","M","R","M","R","T","R","M","?","M","M","R","B"],"character_chosen":"DEFECT","items_purchased":["White Noise","Orichalcum","Redo","Energy Potion"],"campfire_rested":5,"item_purchase_floors":[2,11,11,20],"current_hp_per_floor":[69,69,68,53,58,58,38,20,20,42,42,42,23,23,45,12,75,45,26,26,26,26,48,48,48,48,42,42,42,33,33,55,37,75,75,75,75,75,75,75,75,75,75,75,67,67,50,10,32,0],"gold":162,"neow_bonus":"HUNDRED_GOLD","is_prod":false,"is_daily":false,"chose_seed":false,"campfire_upgraded":6,"win_rate":0.0,"timestamp":1543936732,"path_taken":["M","$","M","M","M","R","?","E","T","R","$","R","M","M","R","BOSS","M","M","$","M","M","R","M","M","T","M","R","?","M","M","R","BOSS","M","$","?","M","M","R","M","R","T","R","M","?","M","M","R","BOSS"],"build_version":"2018-11-15","purchased_purges":3,"victory":false,"max_hp_per_floor":[75,75,75,75,75,75,75,75,75,75,75,75,75,75,75,75,75,75,75,75,75,75,75,75,75,75,75,75,75,75,75,75,75,75,75,75,75,75,75,75,75,75,75,75,75,75,75,75,75,75],"card_choices":[{"not_picked":["Consume","Turbo","Coolheaded"],"picked":"SKIP","floor":1},{"not_picked":["Cold Snap","Stack"],"picked":"Echo Form","floor":3},{"not_picked":["Redo","Steam Power"],"picked":"Conserve Battery","floor":4},{"not_picked":["Beam Cell","Sweeping Beam"],"picked":"FTL","floor":5},{"not_picked":["Gash","Stack","Fission"],"picked":"SKIP","floor":8},{"not_picked":["Sweeping Beam","Barrage","Scrape"],"picked":"SKIP","floor":13},{"not_picked":["Gash","Echo Form","Steam"],"picked":"SKIP","floor":14},{"not_picked":["Thunder Strike","Core Surge"],"picked":"Electrodynamics","floor":16},{"not_picked":["Turbo","Stack","BootSequence"],"picked":"SKIP","floor":18},{"not_picked":["Hologram","Go for the Eyes"],"picked":"Force Field+1","floor":19},{"not_picked":["Steam Power","Reprogram","Doom and Gloom"],"picked":"SKIP","floor":21},{"not_picked":["Heatsinks+1","Coolheaded"],"picked":"Melter","floor":22},{"not_picked":["Cold Snap","Rebound","Ball Lightning"],"picked":"SKIP","floor":24},{"not_picked":["Coolheaded","Skim+1","Melter"],"picked":"SKIP","floor":25},{"not_picked":["Turbo","Go for the Eyes"],"picked":"White Noise","floor":27},{"not_picked":["Undo","Sweeping Beam","Static Discharge+1"],"picked":"SKIP","floor":30},{"not_picked":["Compile Driver+1","Capacitor","Go for the Eyes"],"picked":"SKIP","floor":31},{"not_picked":["Biased Cognition","Buffer"],"picked":"Amplify","floor":33},{"not_picked":["Static Discharge","Hello World"],"picked":"Ball Lightning+1","floor":34},{"not_picked":["Recycle","Compile Driver"],"picked":"Sweeping Beam+1","floor":34},{"not_picked":["Reinforced Body+1","Hologram","Go for the Eyes"],"picked":"SKIP","floor":35},{"not_picked":["Stack","Steam"],"picked":"Lockon+1","floor":38},{"not_picked":["Sweeping Beam+1","Capacitor+1"],"picked":"Heatsinks+1","floor":39},{"not_picked":["Cold Snap","Reprogram","Streamline+1"],"picked":"SKIP","floor":41},{"not_picked":["Conserve Battery+1","Tempest","Cold Snap+1"],"picked":"SKIP","floor":45},{"not_picked":["Redo+1","Gash+1"],"picked":"Hologram+1","floor":47},{"not_picked":["Rainbow","Gash"],"picked":"Tempest+1","floor":48}],"player_experience":97581,"relics_obtained":[{"floor":7,"key":"FossilizedHelix"},{"floor":8,"key":"StoneCalendar"},{"floor":9,"key":"Ice Cream"},{"floor":26,"key":"Dodecahedron"},{"floor":43,"key":"Whetstone"}],"event_choices":[{"damage_healed":0,"gold_gain":30,"player_choice":"Searched \u00273\u0027 times","damage_taken":0,"max_hp_gain":0,"max_hp_loss":0,"event_name":"Dead Adventurer","floor":7,"gold_loss":0},{"damage_healed":0,"gold_gain":0,"player_choice":"Trade","damage_taken":0,"relics_obtained":["SsserpentHead"],"max_hp_gain":0,"max_hp_loss":0,"event_name":"FaceTrader","floor":29,"gold_loss":0},{"damage_healed":0,"gold_gain":0,"player_choice":"Paid","damage_taken":0,"relics_obtained":["Red Mask"],"max_hp_gain":0,"max_hp_loss":0,"event_name":"Tomb of Lord Red Mask","floor":37,"gold_loss":190},{"damage_healed":0,"gold_gain":0,"cards_transformed":["Defend_B"],"player_choice":"Transformed","damage_taken":0,"max_hp_gain":0,"max_hp_loss":0,"event_name":"Transmorgrifier","floor":46,"gold_loss":0,"cards_obtained":["Consume"]}],"is_beta":false,"boss_relics":[{"not_picked":["Calling Bell","Tiny House"],"picked":"Empty Cage"},{"not_picked":["FrozenCore","Inserter"],"picked":"Orrery"}],"items_purged_floors":[2,20,36],"is_endless":false,"potions_floor_spawned":[1,4,7,14,19,24,27,31,38,45,48],"killed_by":"Time Eater","ascension_level":0}