{"gold_per_floor":[119,135,135,151,169,169,149,168,191,191,209,240,252,283,283,356,356,374,390,72,84,103,103,378,397,397,431,17,17,117,127,127,204,204,214,228,139,139,89,115,115,149,173,173,208,224,235,263,263,263,263,263,2,30,30],"floor_reached":55,"playtime":3488,"items_purged":["Regret","Strike_R","Strike_R"],"score":1586,"play_id":"615a9a78-deab-44fb-9bfd-a6f1abd225e7","local_time":"20190323025235","is_ascension_mode":true,"campfire_choices":[{"data":"True Grit","floor":6.0,"key":"SMITH"},{"floor":10.0,"key":"REST"},{"data":"Heavy Blade","floor":15.0,"key":"SMITH"},{"data":"Heavy Blade","floor":23.0,"key":"SMITH"},{"data":"Limit Break","floor":29,"key":"SMITH"},{"data":"1","floor":32,"key":"LIFT"},{"data":"2","floor":41,"key":"LIFT"},{"data":"3","floor":44,"key":"LIFT"},{"floor":49,"key":"RECALL"},{"data":"Battle Trance","floor":52,"key":"SMITH"}],"neow_cost":"PERCENT_DAMAGE","seed_source_timestamp":1991952172793929,"circlet_count":0,"master_deck":["AscendersBane","Strike_R","Defend_R","Defend_R","Defend_R","Defend_R","Bash","Twin Strike","True Grit+1","Thunderclap","Spot Weakness","Rampage","Heavy Blade+1","Impervious","Shrug It Off","Battle Trance+1","Reaper","Heavy Blade+1","Shrug It Off","Cleave","Limit Break+1","Limit Break","Exhume","Whirlwind","Impervious","Headbutt+1","Evolve+1","Offering","Apotheosis","Power Through+1"],"special_seed":0,"relics":["Burning Blood","Lantern","Vajra","Art of War","Velvet Choker","Thread and Needle","Ice Cream","Ancient Tea Set","Bag of Marbles","Girya","Gremlin Horn","Sozu","Smiling Mask","Omamori","Happy Flower","Kunai","Bottled Tornado","Oddly Smooth Stone"],"potions_floor_usage":[25,27,33],"damage_taken":[{"damage":9.0,"enemies":"Jaw Worm","floor":1.0,"turns":7.0},{"damage":6.0,"enemies":"Cultist","floor":2.0,"turns":3.0},{"damage":1.0,"enemies":"2 Louse","floor":4.0,"turns":2.0},{"damage":14.0,"enemies":"Large Slime","floor":5.0,"turns":5.0},{"damage":36.0,"enemies":"Exordium Thugs","floor":8.0,"turns":8.0},{"damage":6.0,"enemies":"Gremlin Gang","floor":11.0,"turns":6.0},{"damage":0.0,"enemies":"Gremlin Nob","floor":12.0,"turns":2.0},{"damage":0.0,"enemies":"2 Fungi Beasts","floor":13.0,"turns":3.0},{"damage":22.0,"enemies":"3 Sentries","floor":14.0,"turns":6.0},{"damage":9.0,"enemies":"The Guardian","floor":16.0,"turns":11.0},{"damage":13.0,"enemies":"3 Byrds","floor":18.0,"turns":6.0},{"damage":18.0,"enemies":"Shell Parasite","floor":19.0,"turns":3.0},{"damage":22.0,"enemies":"Sentry and Sphere","floor":21.0,"turns":7.0},{"damage":0.0,"enemies":"Chosen and Byrds","floor":22.0,"turns":5.0},{"damage":2,"enemies":"Snake Plant","floor":25,"turns":4},{"damage":16,"enemies":"Book of Stabbing","floor":27,"turns":4},{"damage":0,"enemies":"Colosseum Slavers","floor":30,"turns":3},{"damage":0,"enemies":"Colosseum Nobs","floor":30,"turns":5},{"damage":0,"enemies":"3 Cultists","floor":31,"turns":5},{"damage":12,"enemies":"Collector","floor":33,"turns":5},{"damage":27,"enemies":"3 Darklings","floor":35,"turns":12},{"damage":4,"enemies":"3 Shapes","floor":36,"turns":6},{"damage":0,"enemies":"Reptomancer","floor":40,"turns":3},{"damage":9,"enemies":"Giant Head","floor":42,"turns":4},{"damage":26,"enemies":"Nemesis","floor":45,"turns":5},{"damage":0,"enemies":"3 Darklings","floor":46,"turns":1},{"damage":0,"enemies":"Maw","floor":47,"turns":3},{"damage":12,"enemies":"Reptomancer","floor":48,"turns":4},{"damage":11,"enemies":"Time Eater","floor":50,"turns":6},{"damage":39,"enemies":"Shield and Spear","floor":54,"turns":5},{"damage":44,"enemies":"The Heart","floor":55,"turns":3}],"seed_played":"-6466457530469507210","potions_obtained":[{"floor":2.0,"key":"Energy Potion"},{"floor":5.0,"key":"SpeedPotion"},{"floor":8.0,"key":"Fire Potion"},{"floor":12.0,"key":"Dexterity Potion"},{"floor":19.0,"key":"GamblersBrew"},{"floor":25,"key":"PowerPotion"},{"floor":27,"key":"GamblersBrew"},{"floor":33,"key":"FairyPotion"}],"is_trial":false,"path_per_floor":["M","M","$","M","M","R","?","M","T","R","M","E","M","E","R","B",null,"M","M","$","M","M","R","?","M","T","E","$","R","?","M","R","B",null,"M","M","$","?","$","E","R","E","T","R","E","M","M","E","R","B",null,"R","$","E","B"],"character_chosen":"IRONCLAD","items_purchased":["Thread and Needle","Limit Break","Bag of Marbles","Whirlwind","Apotheosis"],"campfire_rested":1,"item_purchase_floors":[20,28,28,37,53],"current_hp_per_floor":[47,47,47,52,44,44,44,14,14,36,36,42,48,32,32,29,64,67,55,55,39,45,45,45,61,61,51,51,51,75,75,75,75,75,75,75,75,75,75,75,75,75,75,75,55,61,67,75,75,70,74,74,74,41,0],"gold":30,"neow_bonus":"REMOVE_TWO","is_prod":false,"is_daily":false,"chose_seed":false,"campfire_upgraded":5,"win_rate":0,"timestamp":1553277155,"path_taken":["M","M","$","M","M","R","?","M","T","R","M","E","M","E","R","BOSS","M","M","$","M","?","R","?","?","T","E","?","R","?","M","R","BOSS","M","M","$","?","$","E","R","E","T","R","E","?","M","E","R","BOSS","R","$","E","BOSS"],"build_version":"2019-03-15","purchased_purges":3,"victory":false,"max_hp_per_floor":[75,75,75,75,75,75,75,75,75,75,75,75,75,75,75,75,75,75,75,75,75,75,75,75,75,75,75,75,75,75,75,75,75,75,75,75,75,75,75,75,75,75,75,75,75,75,75,75,75,75,75,75,75,75,75],"card_choices":[{"not_picked":["Flex","Carnage"],"picked":"Twin Strike","floor":1.0},{"not_picked":["Fire Breathing","Heavy Blade"],"picked":"True Grit","floor":2.0},{"not_picked":["Sword Boomerang","Havoc"],"picked":"Thunderclap","floor":4.0},{"not_picked":["Clothesline","Iron Wave"],"picked":"Spot Weakness","floor":5.0},{"not_picked":["Armaments","Inflame"],"picked":"Rampage","floor":8.0},{"not_picked":["True Grit","Blood for Blood"],"picked":"Heavy Blade","floor":11.0},{"not_picked":["Second Wind","Dual Wield"],"picked":"Impervious","floor":12.0},{"not_picked":["Pommel Strike","Power Through"],"picked":"Shrug It Off","floor":13.0},{"not_picked":["Wild Strike","Heavy Blade"],"picked":"Battle Trance","floor":14.0},{"not_picked":["Berserk","Bludgeon"],"picked":"Reaper","floor":16.0},{"not_picked":["Sword Boomerang","Twin Strike"],"picked":"Heavy Blade","floor":18.0},{"not_picked":["True Grit","Sword Boomerang","Heavy Blade"],"picked":"SKIP","floor":19.0},{"not_picked":["Dropkick","Thunderclap","Twin Strike"],"picked":"SKIP","floor":21.0},{"not_picked":["Thunderclap","Anger"],"picked":"Shrug It Off","floor":22.0},{"not_picked":["Iron Wave","Perfected Strike"],"picked":"Cleave","floor":25},{"not_picked":["Iron Wave","Thunderclap","Sword Boomerang"],"picked":"SKIP","floor":27},{"not_picked":["Flex","Metallicize"],"picked":"Limit Break","floor":30},{"not_picked":["Sentinel","Anger","Power Through+1"],"picked":"SKIP","floor":31},{"not_picked":["Juggernaut","Demon Form"],"picked":"Exhume","floor":33},{"not_picked":["Pommel Strike","Wild Strike+1","Iron Wave+1"],"picked":"SKIP","floor":35},{"not_picked":["Pommel Strike","Wild Strike+1","Iron Wave+1"],"picked":"SKIP","floor":35},{"not_picked":["Warcry","Cleave","Iron Wave+1"],"picked":"SKIP","floor":36},{"not_picked":["Warcry","Cleave","Iron Wave+1"],"picked":"SKIP","floor":36},{"not_picked":["Wild Strike","Feel No Pain"],"picked":"Impervious","floor":40},{"not_picked":["Armaments","Uppercut"],"picked":"Headbutt+1","floor":42},{"not_picked":["Iron Wave","Searing Blow","True Grit"],"picked":"SKIP","floor":45},{"not_picked":["Power Through","Perfected Strike+1"],"picked":"Evolve+1","floor":46},{"not_picked":["Carnage+1","Heavy Blade","Pummel"],"picked":"SKIP","floor":47},{"not_picked":["Perfected Strike","Warcry+1"],"picked":"Offering","floor":48},{"not_picked":["Sword Boomerang","Wild Strike+1"],"picked":"Power Through+1","floor":54}],"player_experience":2723681,"relics_obtained":[{"floor":9.0,"key":"Lantern"},{"floor":12.0,"key":"Vajra"},{"floor":14.0,"key":"Art of War"},{"floor":26,"key":"Ice Cream"},{"floor":27,"key":"Ancient Tea Set"},{"floor":30,"key":"Girya"},{"floor":30,"key":"Gremlin Horn"},{"floor":40,"key":"Omamori"},{"floor":42,"key":"Happy Flower"},{"floor":45,"key":"Kunai"},{"floor":48,"key":"Bottled Tornado"},{"floor":54,"key":"Oddly Smooth Stone"}],"event_choices":[{"damage_healed":0.0,"max_hp_gain":0.0,"max_hp_loss":0.0,"gold_gain":0.0,"event_name":"The Woman in Blue","player_choice":"Bought 1 Potion","floor":7.0,"gold_loss":0.0,"damage_taken":0.0},{"damage_healed":0.0,"max_hp_gain":0.0,"max_hp_loss":0.0,"gold_gain":275.0,"event_name":"Golden Shrine","player_choice":"Desecrate","floor":24.0,"gold_loss":0.0,"damage_taken":0.0,"cards_obtained":["Regret"]},{"damage_healed":0,"gold_gain":0,"player_choice":"Fight","damage_taken":0,"max_hp_gain":0,"max_hp_loss":0,"event_name":"Colosseum","floor":30,"gold_loss":0},{"damage_healed":0,"gold_gain":0,"player_choice":"Fought Nobs","damage_taken":0,"max_hp_gain":0,"max_hp_loss":0,"event_name":"Colosseum","floor":30,"gold_loss":0},{"damage_healed":0,"gold_gain":0,"player_choice":"Gave Potion","damage_taken":0,"relics_obtained":["Smiling Mask"],"max_hp_gain":0,"max_hp_loss":0,"event_name":"WeMeetAgain","floor":38,"gold_loss":0}],"is_beta":true,"boss_relics":[{"not_picked":["Lizard Tail","Mark of Pain"],"picked":"Velvet Choker"},{"not_picked":["Snecko Eye","Fusion Hammer"],"picked":"Sozu"}],"items_purged_floors":[28,39,53],"is_endless":false,"potions_floor_spawned":[2,5,8,12,19,22,25,27,30,33,36,42,48],"killed_by":"The Heart","ascension_level":17}