{"gold_per_floor":[364,374,104,279,298,298,326,326,326,337,337,337,81,81,81,81],"floor_reached":16,"playtime":439,"items_purged":["Strike_R","Doubt"],"score":118,"play_id":"37cc35f5-a8d0-4201-9236-fdc9cf307cf3","local_time":"20181231013723","is_ascension_mode":true,"campfire_choices":[{"data":"Bash","floor":6,"key":"SMITH"},{"floor":8,"key":"REST"},{"data":"Entrench","floor":11,"key":"SMITH"},{"floor":15,"key":"REST"}],"neow_cost":"PERCENT_DAMAGE","seed_source_timestamp":706613638155637,"circlet_count":0,"master_deck":["Strike_R","Strike_R","Strike_R","Strike_R","Defend_R","Defend_R","Defend_R","Defend_R","Bash+1","Thunderclap","Pommel Strike","Iron Wave","Entrench+1","Armaments"],"relics":["Burning Blood","HandDrill","Peace Pipe","Ornamental Fan","Bag of Preparation","Regal Pillow"],"potions_floor_usage":[10],"damage_taken":[{"damage":0,"enemies":"Small Slimes","floor":1,"turns":3},{"damage":0,"enemies":"2 Louse","floor":2,"turns":3},{"damage":9,"enemies":"Jaw Worm","floor":5,"turns":3},{"damage":62,"enemies":"Lagavulin","floor":7,"turns":7},{"damage":8,"enemies":"Exordium Thugs","floor":10,"turns":3},{"damage":73,"enemies":"Slime Boss","floor":16,"turns":9}],"seed_played":"9194070512930962419","potions_obtained":[{"floor":2,"key":"AttackPotion"},{"floor":7,"key":"LiquidBronze"}],"is_trial":false,"path_per_floor":["M","M","$","?","M","R","E","R","T","M","R","?","$","?","R","B"],"character_chosen":"IRONCLAD","items_purchased":["HandDrill","Bag of Preparation"],"campfire_rested":2,"item_purchase_floors":[3,13],"current_hp_per_floor":[62,68,68,68,65,65,9,33,33,31,31,31,31,24,63,0],"gold":81,"neow_bonus":"TWO_FIFTY_GOLD","is_prod":false,"is_daily":false,"chose_seed":false,"campfire_upgraded":2,"win_rate":0,"timestamp":1546187843,"path_taken":["M","M","$","?","M","R","E","R","T","M","R","?","$","?","R","BOSS"],"build_version":"2018-12-20","purchased_purges":2,"victory":false,"max_hp_per_floor":[80,80,80,80,80,80,80,80,80,80,80,80,80,80,80,80],"card_choices":[{"not_picked":["Feel No Pain","Combust"],"picked":"Thunderclap","floor":1},{"not_picked":["Corruption","Sword Boomerang"],"picked":"Pommel Strike","floor":2},{"not_picked":["Intimidate","Dropkick"],"picked":"Iron Wave","floor":5},{"not_picked":["Reckless Charge","Rampage"],"picked":"Entrench","floor":7},{"not_picked":["True Grit","Twin Strike"],"picked":"Armaments","floor":10}],"player_experience":290758,"relics_obtained":[{"floor":7,"key":"Peace Pipe"},{"floor":9,"key":"Ornamental Fan"}],"event_choices":[{"damage_healed":0,"gold_gain":175,"player_choice":"AGREE","damage_taken":0,"max_hp_gain":0,"max_hp_loss":0,"event_name":"Liars Game","floor":4,"gold_loss":0,"cards_obtained":["Doubt"]},{"damage_healed":0,"gold_gain":0,"player_choice":"Searched \u00270\u0027 times","damage_taken":0,"max_hp_gain":0,"max_hp_loss":0,"event_name":"Dead Adventurer","floor":12,"gold_loss":0},{"damage_healed":0,"gold_gain":0,"player_choice":"Success","damage_taken":7,"relics_obtained":["Regal Pillow"],"max_hp_gain":0,"max_hp_loss":0,"event_name":"Scrap Ooze","floor":14,"gold_loss":0}],"is_beta":false,"boss_relics":[],"items_purged_floors":[3,13],"is_endless":false,"potions_floor_spawned":[2,7],"killed_by":"Slime Boss","ascension_level":4}