{"gold_per_floor":[113,130,55,55,29,29,59,59,59,84,84,102,102,102,102,102],"floor_reached":16,"playtime":447,"items_purged":["Strike_R"],"score":106,"play_id":"393f7075-33c4-4dbf-94aa-536cb40fa278","local_time":"20181231014501","is_ascension_mode":true,"campfire_choices":[{"data":"Entrench","floor":6,"key":"SMITH"},{"floor":8,"key":"REST"},{"data":"Shrug It Off","floor":11,"key":"SMITH"},{"data":"Heavy Blade","floor":13,"key":"SMITH"},{"floor":15,"key":"REST"}],"neow_cost":"NONE","seed_source_timestamp":707063088819885,"circlet_count":0,"master_deck":["Strike_R","Strike_R","Strike_R","Defend_R","Defend_R","Defend_R","Defend_R","Bash","Entrench+1","Shrug It Off+1","Heavy Blade+1","Flex","Second Wind","Intimidate"],"relics":["Burning Blood","Golden Idol","Odd Mushroom","WingedGreaves"],"potions_floor_usage":[],"damage_taken":[{"damage":18,"enemies":"Jaw Worm","floor":1,"turns":4},{"damage":0,"enemies":"2 Louse","floor":2,"turns":3},{"damage":38,"enemies":"The Mushroom Lair","floor":7,"turns":6},{"damage":16,"enemies":"Small Slimes","floor":10,"turns":3},{"damage":4,"enemies":"Red Slaver","floor":12,"turns":5},{"damage":38,"enemies":"Slime Boss","floor":16,"turns":6}],"seed_played":"-4566165192132493694","potions_obtained":[{"floor":1,"key":"GamblersBrew"},{"floor":10,"key":"Energy Potion"}],"is_trial":false,"path_per_floor":["M","M","$","?","$","R","?","R","T","M","R","M","R","?","R","B"],"character_chosen":"IRONCLAD","items_purchased":["Flex"],"campfire_rested":2,"item_purchase_floors":[5],"current_hp_per_floor":[68,74,74,54,54,54,22,46,46,36,36,38,38,38,62,24],"gold":102,"neow_bonus":"TRANSFORM_CARD","is_prod":false,"is_daily":false,"chose_seed":false,"campfire_upgraded":3,"win_rate":0,"timestamp":1546188301,"path_taken":["M","M","$","?","$","R","?","R","T","M","R","M","R","?","R","BOSS"],"build_version":"2018-12-20","purchased_purges":1,"victory":false,"max_hp_per_floor":[80,80,80,80,80,80,80,80,80,80,80,80,80,80,80,80],"card_choices":[{"not_picked":["Corruption","Anger"],"picked":"Shrug It Off","floor":1},{"not_picked":["Disarm","Thunderclap"],"picked":"Heavy Blade","floor":2},{"not_picked":["Inflame","Cleave"],"picked":"Second Wind","floor":10},{"not_picked":["Warcry","Clash"],"picked":"Intimidate","floor":12}],"player_experience":291197,"relics_obtained":[{"floor":7,"key":"Odd Mushroom"},{"floor":9,"key":"WingedGreaves"}],"event_choices":[{"damage_healed":0,"gold_gain":0,"player_choice":"Take Damage","damage_taken":20,"relics_obtained":["Golden Idol"],"max_hp_gain":0,"max_hp_loss":0,"event_name":"Golden Idol","floor":4,"gold_loss":0},{"damage_healed":0,"gold_gain":0,"player_choice":"Fought Mushrooms","damage_taken":0,"max_hp_gain":0,"max_hp_loss":0,"event_name":"Mushrooms","floor":7,"gold_loss":0},{"damage_healed":0,"gold_gain":0,"player_choice":"Ignored","damage_taken":0,"max_hp_gain":0,"max_hp_loss":0,"event_name":"Liars Game","floor":14,"gold_loss":0}],"is_beta":false,"boss_relics":[],"items_purged_floors":[3],"is_endless":false,"potions_floor_spawned":[1,10],"killed_by":"Slime Boss","ascension_level":4}