{"gold_per_floor":[111,111,111,111,132,132,146,180,180,180,196,209,13,48,48,141,141,157,157,107,122,140,140,180,80,80,80,96,2,2,16,16,111,111,127,140,56,1,126,126,139,139,139,179,18,49,49,64,64,64,64,64,25,63,63],"floor_reached":56,"playtime":4901,"items_purged":["Strike_B","Strike_B"],"score":2186,"play_id":"87d4edcf-900c-4067-8d67-c539947a5c88","local_time":"20190319054426","is_ascension_mode":true,"campfire_choices":[{"data":"Loop","floor":6,"key":"SMITH"},{"data":"Sunder","floor":10,"key":"SMITH"},{"data":"Defragment","floor":15,"key":"SMITH"},{"data":"Zap","floor":23,"key":"SMITH"},{"data":"Dualcast","floor":27,"key":"SMITH"},{"data":"Reinforced Body","floor":30,"key":"SMITH"},{"floor":32,"key":"REST"},{"data":"Defragment","floor":40,"key":"SMITH"},{"floor":42,"key":"RECALL"},{"data":"Coolheaded","floor":47,"key":"SMITH"},{"data":"Go for the Eyes","floor":49,"key":"SMITH"},{"data":"Streamline","floor":52,"key":"SMITH"}],"neow_cost":"NONE","seed_source_timestamp":1655306371572262,"circlet_count":0,"master_deck":["AscendersBane","Strike_B","Strike_B","Defend_B","Defend_B","Defend_B","Defend_B","Zap+1","Dualcast+1","Chill","Loop+1","Sunder+1","Chill","Streamline+1","Go for the Eyes+1","Defragment+1","Reinforced Body+1","Coolheaded+1","Leap+1","Capacitor","Ball Lightning","BootSequence+1","Reboot+1","Electrodynamics","White Noise+1","Defragment+1","Turbo+1","Leap+1","Hologram+1","Coolheaded+1","Recycle+1","Glacier+1","Chaos+1","Reprogram+1","Loop","BootSequence+1"],"relics":["Cracked Core","Oddly Smooth Stone","Bag of Preparation","Golden Idol","Happy Flower","Sundial","Symbiotic Virus","Runic Pyramid","Question Card","Matryoshka","Darkstone Periapt","Toxic Egg 2","Mercury Hourglass","Inserter","Dead Branch","Anchor","Pantograph","Cables","Pen Nib"],"potions_floor_usage":[8,24,55,55],"damage_taken":[{"damage":1,"enemies":"Jaw Worm","floor":1,"turns":3},{"damage":0,"enemies":"Small Slimes","floor":5,"turns":4},{"damage":0,"enemies":"2 Louse","floor":7,"turns":5},{"damage":13,"enemies":"Gremlin Nob","floor":8,"turns":4},{"damage":3,"enemies":"Blue Slaver","floor":11,"turns":3},{"damage":8,"enemies":"Red Slaver","floor":12,"turns":4},{"damage":0,"enemies":"3 Sentries","floor":14,"turns":6},{"damage":0,"enemies":"The Guardian","floor":16,"turns":7},{"damage":0,"enemies":"Chosen","floor":18,"turns":3},{"damage":8,"enemies":"3 Byrds","floor":21,"turns":5},{"damage":1,"enemies":"Centurion and Healer","floor":22,"turns":6},{"damage":4,"enemies":"Book of Stabbing","floor":24,"turns":5},{"damage":16,"enemies":"Snake Plant","floor":28,"turns":5},{"damage":9,"enemies":"Snecko","floor":31,"turns":8},{"damage":8,"enemies":"Collector","floor":33,"turns":6},{"damage":0,"enemies":"Orb Walker","floor":35,"turns":3},{"damage":0,"enemies":"3 Darklings","floor":36,"turns":3},{"damage":0,"enemies":"Mind Bloom Boss Battle","floor":39,"turns":6},{"damage":0,"enemies":"Jaw Worm Horde","floor":41,"turns":5},{"damage":2,"enemies":"Reptomancer","floor":44,"turns":5},{"damage":0,"enemies":"Nemesis","floor":46,"turns":7},{"damage":0,"enemies":"Sphere and 2 Shapes","floor":48,"turns":4},{"damage":3,"enemies":"Time Eater","floor":50,"turns":8},{"damage":47,"enemies":"Shield and Spear","floor":54,"turns":6},{"damage":34,"enemies":"The Heart","floor":55,"turns":11}],"seed_played":"-6678778125389188738","potions_obtained":[{"floor":1,"key":"AttackPotion"},{"floor":8,"key":"Block Potion"},{"floor":12,"key":"Dexterity Potion"},{"floor":24,"key":"LiquidBronze"},{"floor":35,"key":"FocusPotion"},{"floor":36,"key":"Dexterity Potion"}],"is_trial":false,"path_per_floor":["M","?","?","?","M","R","M","E","T","R","M","M","$","E","R","B",null,"M","T","?","M","M","R","E","$","T","R","M","?","R","M","R","B",null,"M","M","$","$","?","R","M","R","T","E","$","E","R","M","R","B",null,"R","$","E","B",null],"character_chosen":"DEFECT","items_purchased":["Defragment","Reinforced Body","Defragment","Turbo+1","Recycle+1","Glacier+1","Loop"],"campfire_rested":1,"item_purchase_floors":[13,13,37,38,45,45,53],"current_hp_per_floor":[63,68,57,57,57,57,57,44,44,44,41,33,33,33,33,33,60,60,60,60,52,51,51,47,47,47,47,31,31,31,22,42,34,60,60,60,60,60,60,60,60,60,60,58,58,58,58,58,58,66,68,68,68,21,12],"gold":63,"neow_bonus":"RANDOM_COMMON_RELIC","is_prod":false,"is_daily":false,"chose_seed":false,"campfire_upgraded":10,"win_rate":0,"timestamp":1552941866,"path_taken":["M","?","?","?","M","R","M","E","T","R","M","M","?","E","R","BOSS","M","?","?","?","M","R","E","$","T","R","M","?","R","M","R","BOSS","M","M","?","$","?","R","M","R","T","E","$","E","R","M","R","BOSS","R","$","E","BOSS"],"build_version":"2019-03-15","purchased_purges":2,"victory":true,"max_hp_per_floor":[71,76,76,69,69,69,69,69,69,69,69,69,69,69,69,69,69,69,69,69,69,69,69,69,69,69,69,69,69,69,69,69,69,69,69,69,69,69,69,69,69,69,69,69,69,69,69,69,69,69,69,69,69,69,69],"card_choices":[{"not_picked":["Reprogram","Sweeping Beam"],"picked":"Chill","floor":1},{"not_picked":["Coolheaded","Barrage"],"picked":"Loop","floor":5},{"not_picked":["Capacitor","Barrage"],"picked":"Sunder","floor":7},{"not_picked":["Rainbow","Streamline"],"picked":"Chill","floor":8},{"not_picked":["Barrage","Steam Power"],"picked":"Streamline","floor":11},{"not_picked":["Beam Cell","Leap"],"picked":"Go for the Eyes","floor":12},{"not_picked":["Beam Cell","Heatsinks","Turbo"],"picked":"SKIP","floor":14},{"not_picked":["Rebound","Steam"],"picked":"Coolheaded","floor":18},{"not_picked":["Hello World","Stack","Gash"],"picked":"Leap+1","floor":21},{"not_picked":["Go for the Eyes","Conserve Battery","Auto Shields+1"],"picked":"Capacitor","floor":22},{"not_picked":["Barrage","Rebound","Reprogram"],"picked":"Ball Lightning","floor":24},{"not_picked":["Go for the Eyes","Sweeping Beam","Lockon"],"picked":"BootSequence+1","floor":28},{"not_picked":["Beam Cell","Rebound","Cold Snap"],"picked":"Reboot+1","floor":31},{"not_picked":["Biased Cognition","Meteor Strike","Machine Learning"],"picked":"Electrodynamics","floor":33},{"not_picked":["Coolheaded+1","Conserve Battery+1","Rebound"],"picked":"White Noise+1","floor":35},{"not_picked":["Amplify+1","Steam+1","Compile Driver+1","Doom and Gloom"],"picked":"SKIP","floor":36},{"not_picked":["Ball Lightning","Self Repair","Go for the Eyes"],"picked":"Leap+1","floor":39},{"not_picked":["Leap+1","Aggregate+1","Tempest+1"],"picked":"Hologram+1","floor":41},{"not_picked":["Tempest+1","Rebound","Barrage"],"picked":"Coolheaded+1","floor":44},{"not_picked":["Go for the Eyes","Rainbow+1","Cold Snap"],"picked":"Chaos+1","floor":46},{"not_picked":["Coolheaded+1","Scrape","Streamline"],"picked":"Reprogram+1","floor":48},{"not_picked":["Chaos+1","Turbo+1","Barrage"],"picked":"BootSequence+1","floor":54}],"player_experience":2711258,"relics_obtained":[{"floor":8,"key":"Happy Flower"},{"floor":9,"key":"Sundial"},{"floor":14,"key":"Symbiotic Virus"},{"floor":19,"key":"Question Card"},{"floor":24,"key":"Matryoshka"},{"floor":26,"key":"Darkstone Periapt"},{"floor":26,"key":"Toxic Egg 2"},{"floor":39,"key":"Dead Branch"},{"floor":43,"key":"Anchor"},{"floor":44,"key":"Pantograph"},{"floor":46,"key":"Cables"},{"floor":54,"key":"Pen Nib"}],"event_choices":[{"damage_healed":0,"gold_gain":0,"player_choice":"Donut","damage_taken":0,"max_hp_gain":5,"max_hp_loss":0,"event_name":"Big Fish","floor":2,"gold_loss":0},{"damage_healed":0,"gold_gain":0,"player_choice":"Success","damage_taken":11,"relics_obtained":["Bag of Preparation"],"max_hp_gain":0,"max_hp_loss":0,"event_name":"Scrap Ooze","floor":3,"gold_loss":0},{"damage_healed":0,"gold_gain":0,"player_choice":"Lose Max HP","damage_taken":0,"relics_obtained":["Golden Idol"],"max_hp_gain":0,"max_hp_loss":7,"event_name":"Golden Idol","floor":4,"gold_loss":0},{"damage_healed":0,"gold_gain":0,"player_choice":"Bet on Owner","damage_taken":0,"max_hp_gain":0,"max_hp_loss":0,"event_name":"The Joust","floor":20,"gold_loss":50},{"damage_healed":0,"gold_gain":0,"player_choice":"Paid Gold","damage_taken":0,"relics_obtained":["Mercury Hourglass"],"max_hp_gain":0,"max_hp_loss":0,"event_name":"WeMeetAgain","floor":29,"gold_loss":94},{"damage_healed":0,"gold_gain":0,"player_choice":"Fight","damage_taken":0,"max_hp_gain":0,"max_hp_loss":0,"event_name":"MindBloom","floor":39,"gold_loss":0}],"is_beta":true,"boss_relics":[{"not_picked":["Pandora\u0027s Box","Sozu"],"picked":"Runic Pyramid"},{"not_picked":["Fusion Hammer","FrozenCore"],"picked":"Inserter"}],"items_purged_floors":[13,25],"is_endless":false,"potions_floor_spawned":[1,8,12,16,22,24,28,35,36,41,48],"ascension_level":17}