{"gold_per_floor":[110,110,71,71,89,115,115,143,143,158,158,185,196,208,208,307,307,320,320,19,31,43,70,70,70,93,93,112,138,138,153,153,251,251,266,266,266,88,108,108,136,136,186,186,286,302,319,334,334,334],"floor_reached":51,"playtime":6672,"items_purged":["Strike_G","Strike_G"],"score":746,"play_id":"09be1a33-8972-4973-b358-7b484de652eb","local_time":"20181224001822","is_ascension_mode":true,"campfire_choices":[{"data":"Neutralize","floor":7,"key":"SMITH"},{"data":"Escape Plan","floor":11,"key":"SMITH"},{"data":"Tactician","floor":15,"key":"SMITH"},{"data":"Bane","floor":25,"key":"SMITH"},{"floor":27,"key":"REST"},{"data":"Calculated Gamble","floor":30,"key":"SMITH"},{"floor":32,"key":"REST"},{"data":"Acrobatics","floor":40,"key":"SMITH"},{"floor":42,"key":"REST"},{"data":"Footwork","floor":44,"key":"SMITH"},{"floor":49,"key":"REST"}],"neow_cost":"NONE","seed_source_timestamp":90814505416355,"circlet_count":0,"master_deck":["Defend_G","Defend_G","Defend_G","Survivor","Neutralize+1","Underhanded Strike","Escape Plan+1","Noxious Fumes","Prepared","Calculated Gamble+1","Crippling Poison","Backflip","Acrobatics+1","Tactician+1","Grand Finale","Bane+1","Well Laid Plans","Outmaneuver","Dagger Throw","Prepared+1","Escape Plan","Heel Hook","Underhanded Strike+1","Blur","Slice+1","Concentrate+1","All Out Attack","Footwork+1","Reflex+1","Acrobatics+1","Leg Sweep+1","Slice+1"],"relics":["Ring of the Snake","NeowsBlessing","Paper Crane","Dodecahedron","Strawberry","Ninja Scroll","Empty Cage","Happy Flower","Sundial","Dream Catcher","Ancient Tea Set","Runic Pyramid","Darkstone Periapt","Anchor"],"potions_floor_usage":[16,16,23,29,29,33,50,50,50],"damage_taken":[{"damage":0,"enemies":"2 Louse","floor":1,"turns":1},{"damage":0,"enemies":"Jaw Worm","floor":5,"turns":1},{"damage":0,"enemies":"3 Sentries","floor":6,"turns":1},{"damage":17,"enemies":"Lagavulin","floor":8,"turns":9},{"damage":0,"enemies":"Cultist","floor":10,"turns":4},{"damage":14,"enemies":"3 Sentries","floor":12,"turns":7},{"damage":12,"enemies":"Large Slime","floor":13,"turns":6},{"damage":2,"enemies":"3 Louse","floor":14,"turns":3},{"damage":2,"enemies":"The Guardian","floor":16,"turns":13},{"damage":0,"enemies":"3 Byrds","floor":18,"turns":4},{"damage":11,"enemies":"Spheric Guardian","floor":21,"turns":6},{"damage":6,"enemies":"Centurion and Healer","floor":22,"turns":6},{"damage":19,"enemies":"Gremlin Leader","floor":23,"turns":6},{"damage":19,"enemies":"Shelled Parasite and Fungi","floor":28,"turns":5},{"damage":1,"enemies":"Book of Stabbing","floor":29,"turns":6},{"damage":7,"enemies":"Snake Plant","floor":31,"turns":5},{"damage":16,"enemies":"Champ","floor":33,"turns":10},{"damage":0,"enemies":"3 Darklings","floor":35,"turns":3},{"damage":21,"enemies":"3 Shapes","floor":39,"turns":4},{"damage":16,"enemies":"Reptomancer","floor":41,"turns":7},{"damage":0,"enemies":"3 Darklings","floor":46,"turns":3},{"damage":0,"enemies":"Transient","floor":47,"turns":5},{"damage":6,"enemies":"Sphere and 2 Shapes","floor":48,"turns":5},{"damage":17,"enemies":"Awakened One","floor":50,"turns":20}],"seed_played":"-7631017846360915377","potions_obtained":[{"floor":1,"key":"Energy Potion"},{"floor":13,"key":"SpeedPotion"},{"floor":14,"key":"SpeedPotion"},{"floor":18,"key":"LiquidBronze"},{"floor":23,"key":"Strength Potion"},{"floor":28,"key":"SkillPotion"},{"floor":31,"key":"FearPotion"},{"floor":35,"key":"SteroidPotion"},{"floor":47,"key":"Explosive Potion"}],"is_trial":false,"path_per_floor":["M","?","$","?","M","E","R","E","T","M","R","E","M","M","R","B",null,"M","?","$","M","M","E","?","R","T","R","M","E","R","M","R","B",null,"M","?","?","$","M","R","E","R","T","R","?","M","M","M","R","B",null],"character_chosen":"THE_SILENT","items_purchased":["Escape Plan","Well Laid Plans","Happy Flower","Footwork"],"campfire_rested":4,"item_purchase_floors":[3,20,20,38],"current_hp_per_floor":[70,70,70,70,70,70,70,53,60,60,60,46,34,32,32,30,77,77,77,77,66,60,41,41,41,41,64,45,44,44,37,60,44,77,77,77,77,77,56,56,40,63,63,63,63,63,63,57,77,60],"gold":334,"neow_bonus":"THREE_ENEMY_KILL","is_prod":false,"is_daily":false,"chose_seed":false,"campfire_upgraded":7,"win_rate":0,"timestamp":1545578302,"path_taken":["M","?","$","?","M","E","R","E","T","M","R","E","M","M","R","BOSS","M","?","$","M","M","E","?","R","T","R","M","E","R","M","R","BOSS","M","?","?","$","?","R","E","R","T","R","?","M","M","M","R","BOSS"],"build_version":"2018-12-20","purchased_purges":2,"victory":true,"max_hp_per_floor":[70,70,70,70,70,70,70,70,77,77,77,77,77,77,77,77,77,77,77,77,77,77,77,77,77,77,77,77,77,77,77,77,77,77,77,77,77,77,77,77,77,77,77,77,77,77,77,77,77,77],"card_choices":[{"not_picked":["Distraction","Caltrops"],"picked":"Underhanded Strike","floor":1},{"not_picked":["Quick Slash","Accuracy"],"picked":"Prepared","floor":5},{"not_picked":["Dash","Blade Dance"],"picked":"Calculated Gamble","floor":6},{"not_picked":["Terror","All Out Attack"],"picked":"Crippling Poison","floor":8},{"not_picked":["Deadly Poison","Blade Dance"],"picked":"Backflip","floor":10},{"not_picked":["Dagger Spray","Sucker Punch"],"picked":"Acrobatics","floor":12},{"not_picked":["Endless Agony","Slice"],"picked":"Tactician","floor":13},{"not_picked":["Underhanded Strike","Terror","Setup"],"picked":"SKIP","floor":14},{"not_picked":["Wraith Form v2","Burst"],"picked":"Grand Finale","floor":16},{"not_picked":["Masterful Stab","Blade Dance"],"picked":"Bane","floor":18},{"not_picked":["Dagger Throw","Underhanded Strike"],"picked":"Outmaneuver","floor":21},{"not_picked":["Endless Agony","PiercingWail"],"picked":"Dagger Throw","floor":22},{"not_picked":["Phantasmal Killer","All Out Attack"],"picked":"Prepared+1","floor":23},{"not_picked":["All Out Attack","Dodge and Roll"],"picked":"Escape Plan","floor":27},{"not_picked":["Poisoned Stab","Dagger Spray"],"picked":"Heel Hook","floor":28},{"not_picked":["After Image","Envenom"],"picked":"Underhanded Strike+1","floor":29},{"not_picked":["All Out Attack","Backflip"],"picked":"Blur","floor":31},{"not_picked":["Prepared+1","Quick Slash"],"picked":"Slice+1","floor":32},{"not_picked":["Outmaneuver+1","Acrobatics"],"picked":"Concentrate+1","floor":35},{"not_picked":["Noxious Fumes","Cloak And Dagger+1","Bane"],"picked":"SKIP","floor":39},{"not_picked":["Endless Agony","Glass Knife","Quick Slash+1"],"picked":"SKIP","floor":41},{"not_picked":["Poisoned Stab+1","Prepared"],"picked":"Reflex+1","floor":42},{"not_picked":["Quick Slash+1","Deadly Poison+1"],"picked":"Acrobatics+1","floor":46},{"not_picked":["Distraction","Dagger Spray+1"],"picked":"Leg Sweep+1","floor":47},{"not_picked":["Cloak And Dagger","Flechettes"],"picked":"Slice+1","floor":48}],"player_experience":178461,"relics_obtained":[{"floor":6,"key":"Paper Crane"},{"floor":8,"key":"Dodecahedron"},{"floor":9,"key":"Strawberry"},{"floor":12,"key":"Ninja Scroll"},{"floor":23,"key":"Sundial"},{"floor":26,"key":"Dream Catcher"},{"floor":29,"key":"Ancient Tea Set"},{"floor":41,"key":"Darkstone Periapt"},{"floor":43,"key":"Anchor"}],"event_choices":[{"cards_removed":["Strike_G"],"damage_healed":0,"gold_gain":0,"player_choice":"Forget","damage_taken":0,"max_hp_gain":0,"max_hp_loss":0,"event_name":"Living Wall","floor":2,"gold_loss":0},{"damage_healed":0,"gold_gain":0,"cards_transformed":["Defend_G"],"player_choice":"Transformed","damage_taken":0,"max_hp_gain":0,"max_hp_loss":0,"event_name":"Transmorgrifier","floor":4,"gold_loss":0,"cards_obtained":["Noxious Fumes"]},{"damage_healed":0,"gold_gain":0,"player_choice":"Ignored","damage_taken":0,"max_hp_gain":0,"max_hp_loss":0,"event_name":"Cursed Tome","floor":19,"gold_loss":0},{"damage_healed":0,"gold_gain":0,"player_choice":"Ignored","damage_taken":0,"max_hp_gain":0,"max_hp_loss":0,"event_name":"Ghosts","floor":24,"gold_loss":0},{"damage_healed":0,"gold_gain":0,"player_choice":"Ignored","damage_taken":0,"max_hp_gain":0,"max_hp_loss":0,"event_name":"Tomb of Lord Red Mask","floor":36,"gold_loss":0},{"damage_healed":0,"gold_gain":0,"cards_transformed":["Strike_G"],"player_choice":"Transformed","damage_taken":0,"max_hp_gain":0,"max_hp_loss":0,"event_name":"Transmorgrifier","floor":37,"gold_loss":0,"cards_obtained":["All Out Attack"]},{"damage_healed":0,"gold_gain":100,"player_choice":"Pray","damage_taken":0,"max_hp_gain":0,"max_hp_loss":0,"event_name":"Golden Shrine","floor":45,"gold_loss":0}],"is_beta":false,"boss_relics":[{"not_picked":["Snecko Eye","Tiny House"],"picked":"Empty Cage"},{"not_picked":["Fusion Hammer","White Beast Statue"],"picked":"Runic Pyramid"}],"items_purged_floors":[20,38],"is_endless":false,"potions_floor_spawned":[1,13,14,18,23,28,31,35,47,48],"ascension_level":1}