{"gold_per_floor":[111,84,84,84,95,95,125,125,151,183,55,69,101,120,120,217,217,188,288,288],"floor_reached":20,"playtime":1551,"items_purged":["Defend_R"],"score":266,"play_id":"fac8e436-a09d-4b47-9acc-449e7960da79","local_time":"20190602103311","is_ascension_mode":true,"campfire_choices":[{"data":"Defend_R","floor":6.0,"key":"SMITH"},{"data":"True Grit","floor":15.0,"key":"SMITH"}],"neow_cost":"NONE","seed_source_timestamp":0,"circlet_count":0,"master_deck":["Strike_R","Strike_R","Strike_R","Strike_R","Defend_R","Defend_R","Defend_R+1","Bash","Ghostly Armor+1","Evolve","Headbutt","Reckless Charge","True Grit","Shrug It Off","True Grit+1","Entrench","Barricade"],"special_seed":0,"relics":["Burning Blood","Lantern","Centennial Puzzle","Oddly Smooth Stone","Bronze Scales","Boot","Cursed Key","Nunchaku","Singing Bowl"],"potions_floor_usage":[19],"damage_taken":[{"damage":2.0,"enemies":"Small Slimes","floor":1.0,"turns":4.0},{"damage":0.0,"enemies":"Jaw Worm","floor":5.0,"turns":4.0},{"damage":16.0,"enemies":"3 Sentries","floor":7.0,"turns":11.0},{"damage":29.0,"enemies":"Lagavulin","floor":10.0,"turns":11.0},{"damage":0.0,"enemies":"Cultist","floor":12.0,"turns":4.0},{"damage":17.0,"enemies":"3 Sentries","floor":13.0,"turns":9.0},{"damage":1.0,"enemies":"3 Louse","floor":14.0,"turns":5.0},{"damage":21.0,"enemies":"Hexaghost","floor":16.0,"turns":12.0},{"damage":7,"enemies":"2 Thieves","floor":18,"turns":5},{"damage":19,"enemies":"Colosseum Slavers","floor":19,"turns":6},{"damage":27,"enemies":"Colosseum Nobs","floor":19,"turns":7},{"damage":49,"enemies":"Masked Bandits","floor":20,"turns":4}],"seed_played":"3203972498098291241","potions_obtained":[{"floor":1.0,"key":"Strength Potion"},{"floor":5.0,"key":"Poison Potion"},{"floor":7.0,"key":"Swift Potion"},{"floor":13.0,"key":"Swift Potion"},{"floor":16.0,"key":"Poison Potion"},{"floor":18,"key":"FearPotion"}],"is_trial":false,"path_per_floor":["M","?","?","?","M","R","E","?","T","E","$","M","E","M","R","B",null,"M","?","?"],"character_chosen":"IRONCLAD","items_purchased":["True Grit"],"campfire_rested":0,"item_purchase_floors":[11],"current_hp_per_floor":[76,76,76,81,85,85,75,75,75,52,52,58,47,52,52,37,73,72,40,0],"gold":288,"neow_bonus":"RANDOM_COMMON_RELIC","is_prod":false,"is_daily":false,"chose_seed":false,"campfire_upgraded":2,"win_rate":0,"timestamp":1559485991,"path_taken":["M","?","?","?","M","R","E","?","T","E","$","?","E","M","R","BOSS","M","?","?"],"build_version":"2019-01-23","purchased_purges":1,"victory":false,"max_hp_per_floor":[80,80,80,85,85,85,85,85,85,85,85,85,85,85,85,85,85,85,87,87],"card_choices":[{"not_picked":["Body Slam","True Grit"],"picked":"Ghostly Armor","floor":1.0},{"not_picked":["Flex","Havoc"],"picked":"Evolve","floor":5.0},{"not_picked":["Fiend Fire","Cleave"],"picked":"Headbutt","floor":7.0},{"not_picked":["Carnage","Headbutt","Combust"],"picked":"SKIP","floor":10.0},{"not_picked":["Sword Boomerang","Rage"],"picked":"Shrug It Off","floor":12.0},{"not_picked":["Thunderclap","Fiend Fire"],"picked":"True Grit","floor":13.0},{"not_picked":["Anger","Searing Blow"],"picked":"Entrench","floor":14.0},{"not_picked":["Impervious","Reaper"],"picked":"Barricade","floor":16.0},{"not_picked":["Sword Boomerang","Armaments","Cleave+1"],"picked":"SKIP","floor":18},{"not_picked":["Carnage","Heavy Blade+1","Anger"],"picked":"Singing Bowl","floor":19}],"player_experience":351463,"relics_obtained":[{"floor":7.0,"key":"Centennial Puzzle"},{"floor":9.0,"key":"Oddly Smooth Stone"},{"floor":10.0,"key":"Bronze Scales"},{"floor":13.0,"key":"Boot"},{"floor":19,"key":"Nunchaku"},{"floor":19,"key":"Singing Bowl"}],"event_choices":[{"damage_healed":0.0,"max_hp_gain":0.0,"max_hp_loss":0.0,"gold_gain":0.0,"event_name":"World of Goop","player_choice":"Left Gold","floor":2.0,"gold_loss":27.0,"damage_taken":0.0},{"damage_healed":0.0,"max_hp_gain":0.0,"max_hp_loss":0.0,"gold_gain":0.0,"event_name":"Living Wall","player_choice":"Grow","floor":3.0,"gold_loss":0.0,"damage_taken":0.0,"cards_upgraded":["Ghostly Armor"]},{"damage_healed":0.0,"max_hp_gain":5.0,"max_hp_loss":0.0,"gold_gain":0.0,"event_name":"Big Fish","player_choice":"Donut","floor":4.0,"gold_loss":0.0,"damage_taken":0.0},{"damage_healed":0.0,"max_hp_gain":0.0,"max_hp_loss":0.0,"gold_gain":0.0,"cards_transformed":["Strike_R"],"event_name":"Transmorgrifier","player_choice":"Transformed","floor":8.0,"gold_loss":0.0,"damage_taken":0.0,"cards_obtained":["Reckless Charge"]},{"damage_healed":0,"gold_gain":0,"player_choice":"Fight","damage_taken":0,"max_hp_gain":0,"max_hp_loss":0,"event_name":"Colosseum","floor":19,"gold_loss":0},{"damage_healed":0,"gold_gain":0,"player_choice":"Fought Nobs","damage_taken":0,"max_hp_gain":0,"max_hp_loss":0,"event_name":"Colosseum","floor":19,"gold_loss":0},{"damage_healed":0,"gold_gain":0,"player_choice":"Fought Bandits","damage_taken":0,"max_hp_gain":0,"max_hp_loss":0,"event_name":"Masked Bandits","floor":20,"gold_loss":0}],"is_beta":false,"boss_relics":[{"not_picked":["Coffee Dripper","Pandora\u0027s Box"],"picked":"Cursed Key"}],"items_purged_floors":[11],"is_endless":false,"potions_floor_spawned":[1,5,7,13,16,18,19],"killed_by":"Masked Bandits","ascension_level":8}