{"gold_per_floor":[118,5,5,5,16,16,16,48,48,60,87,99,111,136,148,256,268,295,307,338,368,399,411,439,0,25,25,25,5,5,32,32,133,133,150,150,4,0,14,14,45,45,94,94,94,6,6,25,25,25],"floor_reached":51,"playtime":3560,"items_purged":[],"score":738,"play_id":"6a16bbe0-9114-40c8-ba2c-496bbabeaf40","local_time":"20181116195712","is_ascension_mode":false,"campfire_choices":[{"data":"Chill","floor":6.0,"key":"SMITH"},{"data":"Hello World","floor":10.0,"key":"SMITH"},{"floor":15.0,"key":"REST"},{"floor":23.0,"key":"REST"},{"floor":30.0,"key":"REST"},{"floor":32.0,"key":"REST"},{"data":"Machine Learning","floor":40.0,"key":"SMITH"},{"floor":42.0,"key":"REST"},{"floor":49,"key":"REST"}],"neow_cost":"NONE","seed_source_timestamp":162280193129511,"circlet_count":0,"master_deck":["Strike_B","Strike_B","Strike_B+1","Strike_B","Defend_B","Defend_B+1","Defend_B+1","Zap","Dualcast","Chill+1","Force Field","Hello World+1","Coolheaded","Conserve Battery","Turbo+1","Lockon","Barrage","Rainbow+1","Chaos+1","Undo+1","Defragment","Fusion+1","Go for the Eyes+1","Chrysalis+1","Conserve Battery+1","Defragment","Leap+1","Machine Learning+1","Ball Lightning+1","Streamline+1","Doom and Gloom","Madness+1","Mind Blast","Doubt","Coolheaded+1","Madness+1","Madness+1","Steam+1"],"special_seed":0,"relics":["Cracked Core","NeowsBlessing","Vajra","Strawberry","Toxic Egg 2","MawBank","WarpedTongs","Lizard Tail","CultistMask","Membership Card","Juzu Bracelet","Centennial Puzzle","Blood Vial","Spirit Poop","Anchor","Ice Cream","Inserter","Whetstone","Lantern","Red Mask","War Paint","Happy Flower","Ancient Tea Set"],"potions_floor_usage":[50],"damage_taken":[{"damage":0.0,"enemies":"Jaw Worm","floor":1.0,"turns":1.0},{"damage":0.0,"enemies":"2 Louse","floor":5.0,"turns":1.0},{"damage":0.0,"enemies":"Lagavulin","floor":8.0,"turns":1.0},{"damage":0.0,"enemies":"Small Slimes","floor":11.0,"turns":3.0},{"damage":19.0,"enemies":"Exordium Thugs","floor":14.0,"turns":3.0},{"damage":50.0,"enemies":"Hexaghost","floor":16.0,"turns":10.0},{"damage":10.0,"enemies":"Spheric Guardian","floor":18.0,"turns":4.0},{"damage":23.0,"enemies":"Shell Parasite","floor":20.0,"turns":4.0},{"damage":23.0,"enemies":"Snecko","floor":21.0,"turns":7.0},{"damage":10.0,"enemies":"Snake Plant","floor":22.0,"turns":3.0},{"damage":19.0,"enemies":"Cultist and Chosen","floor":24.0,"turns":6.0},{"damage":22.0,"enemies":"Book of Stabbing","floor":31.0,"turns":8.0},{"damage":59.0,"enemies":"Automaton","floor":33.0,"turns":13.0},{"damage":26.0,"enemies":"3 Shapes","floor":35.0,"turns":6.0},{"damage":2.0,"enemies":"3 Darklings","floor":39.0,"turns":7.0},{"damage":48.0,"enemies":"Nemesis","floor":41.0,"turns":9.0},{"damage":26,"enemies":"Transient","floor":48,"turns":5},{"damage":39,"enemies":"Awakened One","floor":50,"turns":13}],"seed_played":"-8940767704458973591","potions_obtained":[{"floor":1.0,"key":"EssenceOfSteel"},{"floor":5.0,"key":"SkillPotion"},{"floor":8.0,"key":"SkillPotion"},{"floor":18.0,"key":"Swift Potion"},{"floor":20.0,"key":"SpeedPotion"},{"floor":21.0,"key":"Poison Potion"},{"floor":31.0,"key":"Dexterity Potion"},{"floor":33.0,"key":"Block Potion"},{"floor":41.0,"key":"LiquidBronze"}],"is_trial":false,"path_per_floor":["M","$","?","?","M","R","T","E","T","R","M","?","?","M","R","B",null,"M","?","M","M","M","R","M","$","T","?","?","$","R","E","R","B",null,"M","?","$","?","M","R","E","R","T","?","?","$","?","M","R","B",null],"character_chosen":"DEFECT","items_purchased":["Force Field","Hello World","Membership Card","Juzu Bracelet","Centennial Puzzle","Chrysalis+1","Conserve Battery+1","Defragment","Whetstone","Lantern","Ancient Tea Set","Coolheaded+1"],"campfire_rested":6,"item_purchase_floors":[2,2,25,25,25,25,25,29,37,37,46,46],"current_hp_per_floor":[75,75,68,68,68,68,75,75,75,75,75,75,75,56,80,30,82,72,72,49,26,16,40,21,21,21,21,21,21,45,25,49,41,82,56,56,56,56,56,56,10,34,34,29,82,82,72,48,72,35],"gold":25,"neow_bonus":"THREE_ENEMY_KILL","is_prod":false,"is_daily":false,"chose_seed":false,"campfire_upgraded":3,"win_rate":0,"timestamp":1542419832,"path_taken":["M","$","?","?","M","R","?","E","T","R","?","?","?","M","R","BOSS","M","?","M","?","M","R","M","?","T","?","?","?","R","E","R","BOSS","M","?","$","?","M","R","E","R","T","?","?","?","?","M","R","BOSS"],"build_version":"2018-11-15","purchased_purges":0,"victory":true,"max_hp_per_floor":[75,75,75,75,75,75,82,82,82,82,82,82,82,82,82,82,82,82,82,82,82,82,82,82,82,82,82,82,82,82,82,82,82,82,82,82,82,82,82,82,82,82,82,82,82,82,82,82,82,82],"card_choices":[{"not_picked":["Turbo","Rip and Tear"],"picked":"Chill","floor":1.0},{"not_picked":["Skim","Cold Snap"],"picked":"Conserve Battery","floor":5.0},{"not_picked":["Tempest","Hologram"],"picked":"Turbo","floor":8.0},{"not_picked":["Coolheaded+1","Beam Cell"],"picked":"Lockon","floor":11.0},{"not_picked":["Rebound","Compile Driver"],"picked":"Barrage","floor":14.0},{"not_picked":["All For One","Fission+1"],"picked":"Rainbow+1","floor":16.0},{"not_picked":["Capacitor","Cold Snap"],"picked":"Chaos+1","floor":18.0},{"not_picked":["Redo+1","Ball Lightning"],"picked":"Undo+1","floor":20.0},{"not_picked":["Hello World","All For One"],"picked":"Defragment","floor":21.0},{"not_picked":["Go for the Eyes","Skim+1"],"picked":"Fusion+1","floor":22.0},{"not_picked":["Beam Cell","Steam+1"],"picked":"Go for the Eyes","floor":24.0},{"not_picked":["Compile Driver","Lockon"],"picked":"Leap+1","floor":31.0},{"not_picked":["All For One","Hyperbeam"],"picked":"Machine Learning","floor":33.0},{"not_picked":["Go for the Eyes+1","Storm"],"picked":"Ball Lightning+1","floor":35.0},{"not_picked":["Recycle+1","Hologram+1"],"picked":"Streamline+1","floor":39.0},{"not_picked":["Leap+1","Sunder"],"picked":"Doom and Gloom","floor":41.0},{"not_picked":["Purity+1","Chrysalis+1"],"picked":"Madness+1","floor":44.0},{"not_picked":["Enlightenment+1","Panacea+1"],"picked":"Mind Blast","floor":44.0},{"not_picked":["FTL+1","Storm"],"picked":"Steam+1","floor":48}],"player_experience":405094,"relics_obtained":[{"floor":7.0,"key":"Strawberry"},{"floor":8.0,"key":"Toxic Egg 2"},{"floor":9.0,"key":"MawBank"},{"floor":26.0,"key":"Blood Vial"},{"floor":31.0,"key":"Ice Cream"},{"floor":41.0,"key":"War Paint"},{"floor":43.0,"key":"Happy Flower"}],"event_choices":[{"damage_healed":0.0,"max_hp_gain":0.0,"max_hp_loss":0.0,"gold_gain":0.0,"event_name":"Scrap Ooze","player_choice":"Success","floor":3.0,"gold_loss":0.0,"damage_taken":7.0,"relics_obtained":["Vajra"]},{"damage_healed":0.0,"max_hp_gain":0.0,"max_hp_loss":0.0,"gold_gain":0.0,"cards_transformed":["Defend_B"],"event_name":"Living Wall","player_choice":"Change","floor":4.0,"gold_loss":0.0,"damage_taken":0.0,"cards_obtained":["Coolheaded"]},{"damage_healed":0.0,"max_hp_gain":0.0,"max_hp_loss":0.0,"gold_gain":0.0,"event_name":"Golden Wing","player_choice":"Ignored","floor":12.0,"gold_loss":0.0,"damage_taken":0.0},{"damage_healed":0.0,"max_hp_gain":0.0,"max_hp_loss":0.0,"gold_gain":0.0,"event_name":"Accursed Blacksmith","player_choice":"Rummage","floor":13.0,"gold_loss":0.0,"damage_taken":0.0,"relics_obtained":["WarpedTongs"],"cards_obtained":["Pain"]},{"damage_healed":0.0,"max_hp_gain":0.0,"max_hp_loss":0.0,"gold_gain":0.0,"event_name":"FaceTrader","player_choice":"Trade","floor":19.0,"gold_loss":0.0,"damage_taken":0.0,"relics_obtained":["CultistMask"]},{"cards_removed":["Pain"],"damage_healed":0.0,"max_hp_gain":0.0,"max_hp_loss":0.0,"gold_gain":0.0,"event_name":"Bonfire Elementals","player_choice":"Offered Curse","floor":27.0,"gold_loss":0.0,"damage_taken":0.0,"relics_obtained":["Spirit Poop"]},{"damage_healed":0.0,"max_hp_gain":0.0,"max_hp_loss":0.0,"gold_gain":0.0,"event_name":"WeMeetAgain","player_choice":"Gave Potion","floor":28.0,"gold_loss":0.0,"damage_taken":0.0,"relics_obtained":["Anchor"]},{"damage_healed":0.0,"max_hp_gain":0.0,"max_hp_loss":0.0,"gold_gain":0.0,"event_name":"Mysterious Sphere","player_choice":"Ignored","floor":36.0,"gold_loss":0.0,"damage_taken":0.0},{"damage_healed":0.0,"max_hp_gain":0.0,"max_hp_loss":0.0,"gold_gain":0.0,"event_name":"Tomb of Lord Red Mask","player_choice":"Paid","floor":38.0,"gold_loss":4.0,"damage_taken":0.0,"relics_obtained":["Red Mask"]},{"damage_healed":0.0,"max_hp_gain":0.0,"max_hp_loss":0.0,"gold_gain":0.0,"event_name":"SensoryStone","player_choice":"Memory 2","floor":44.0,"gold_loss":0.0,"damage_taken":5.0},{"damage_healed":53.0,"max_hp_gain":0.0,"max_hp_loss":0.0,"gold_gain":0.0,"event_name":"MindBloom","player_choice":"Heal","floor":45.0,"gold_loss":0.0,"damage_taken":0.0,"cards_obtained":["Doubt"]},{"damage_healed":0,"gold_gain":0,"player_choice":"Embrace Madness","damage_taken":10,"max_hp_gain":0,"max_hp_loss":0,"event_name":"Winding Halls","floor":47,"gold_loss":0,"cards_obtained":["Madness","Madness"]}],"is_beta":false,"boss_relics":[{"not_picked":["Cursed Key","Tiny House"],"picked":"Lizard Tail"},{"not_picked":["Empty Cage","Astrolabe"],"picked":"Inserter"}],"items_purged_floors":[],"is_endless":false,"potions_floor_spawned":[1,5,8,18,20,21,31,33,41],"ascension_level":0}