{"gold_per_floor":[116,41,41,58,29,29,60,60,111,111,186,242,258,269,269,347,347,365,381,128,108,108,108,108],"floor_reached":24,"playtime":1247,"items_purged":["Strike_B"],"score":470,"play_id":"63118ae8-eb01-40e9-b1c4-358defe407c8","local_time":"20190430070703","is_ascension_mode":true,"campfire_choices":[{"data":"Sunder","floor":6,"key":"SMITH"},{"data":"Hologram","floor":8,"key":"SMITH"},{"data":"Zap","floor":10,"key":"SMITH"},{"data":"Hologram","floor":15,"key":"SMITH"},{"floor":23,"key":"REST"}],"neow_cost":"NONE","seed_source_timestamp":309982908726248,"circlet_count":0,"master_deck":["AscendersBane","Strike_B","Strike_B","Defend_B","Defend_B","Defend_B","Defend_B","Zap+1","Dualcast","Cold Snap","Sunder+1","Go for the Eyes","Hologram+1","Hologram+1","Coolheaded","Machine Learning","Machine Learning","Beam Cell","Compile Driver+1","Chrysalis"],"relics":["Cracked Core","NeowsBlessing","Happy Flower","Vajra","Tiny Chest","Runic Pyramid"],"potions_floor_usage":[12,16,22],"damage_taken":[{"damage":0,"enemies":"2 Louse","floor":1,"turns":1},{"damage":0,"enemies":"Small Slimes","floor":4,"turns":1},{"damage":0,"enemies":"3 Sentries","floor":7,"turns":1},{"damage":0,"enemies":"Gremlin Nob","floor":12,"turns":4},{"damage":0,"enemies":"Jaw Worm","floor":13,"turns":2},{"damage":1,"enemies":"3 Louse","floor":14,"turns":3},{"damage":18,"enemies":"Slime Boss","floor":16,"turns":9},{"damage":10,"enemies":"Spheric Guardian","floor":18,"turns":6},{"damage":14,"enemies":"Shell Parasite","floor":19,"turns":6},{"damage":1,"enemies":"Sentry and Sphere","floor":22,"turns":3},{"damage":34,"enemies":"Book of Stabbing","floor":24,"turns":5}],"seed_played":"4060352904884223157","potions_obtained":[{"floor":7,"key":"EssenceOfSteel"},{"floor":13,"key":"FocusPotion"},{"floor":14,"key":"GamblersBrew"},{"floor":16,"key":"SmokeBomb"}],"is_trial":false,"path_per_floor":["M","?","$","M","$","R","E","R","T","R","?","E","M","M","R","B",null,"M","M","$","?","M","R","E"],"character_chosen":"DEFECT","items_purchased":["Go for the Eyes","Chrysalis"],"campfire_rested":1,"item_purchase_floors":[5,20],"current_hp_per_floor":[64,64,64,64,64,64,64,64,64,64,53,53,53,52,52,34,62,52,38,38,38,37,58,24],"gold":108,"neow_bonus":"THREE_ENEMY_KILL","is_prod":false,"is_daily":false,"chose_seed":false,"campfire_upgraded":4,"win_rate":0,"timestamp":1556575623,"path_taken":["M","?","$","M","$","R","E","R","T","R","?","E","?","M","R","BOSS","M","M","$","?","M","R","E"],"build_version":"2019-04-23","purchased_purges":1,"victory":false,"max_hp_per_floor":[71,71,71,71,71,71,71,71,71,71,71,71,71,71,71,71,71,71,71,71,71,71,71,71],"card_choices":[{"not_picked":["Conserve Battery","Recycle"],"picked":"Cold Snap","floor":1},{"not_picked":["Hello World","Redo"],"picked":"Sunder","floor":4},{"not_picked":["Rebound","Coolheaded"],"picked":"Hologram","floor":7},{"not_picked":["Tempest","Doom and Gloom"],"picked":"Hologram","floor":12},{"not_picked":["Barrage","Beam Cell"],"picked":"Coolheaded","floor":13},{"not_picked":["Double Energy","Hologram"],"picked":"Machine Learning","floor":14},{"not_picked":["Multi-Cast","Meteor Strike"],"picked":"Machine Learning","floor":16},{"not_picked":["Rebound","Steam"],"picked":"Beam Cell","floor":18},{"not_picked":["Static Discharge","Barrage"],"picked":"Compile Driver+1","floor":19}],"player_experience":3109408,"relics_obtained":[{"floor":7,"key":"Happy Flower"},{"floor":9,"key":"Vajra"},{"floor":12,"key":"Tiny Chest"}],"event_choices":[{"cards_removed":["Strike_B"],"damage_healed":0,"gold_gain":0,"player_choice":"Card Removal","damage_taken":0,"max_hp_gain":0,"max_hp_loss":0,"event_name":"The Cleric","floor":2,"gold_loss":75},{"damage_healed":0,"gold_gain":75,"player_choice":"Gather Gold","damage_taken":11,"max_hp_gain":0,"max_hp_loss":0,"event_name":"World of Goop","floor":11,"gold_loss":0},{"damage_healed":0,"gold_gain":0,"player_choice":"Bought 1 Potion","damage_taken":0,"max_hp_gain":0,"max_hp_loss":0,"event_name":"The Woman in Blue","floor":21,"gold_loss":0}],"is_beta":true,"boss_relics":[{"not_picked":["Tiny House","Black Star"],"picked":"Runic Pyramid"}],"items_purged_floors":[20],"is_endless":false,"potions_floor_spawned":[7,13,14,16,22],"killed_by":"Book of Stabbing","ascension_level":17}