{"gold_per_floor":[114,129,129,141,160,160,222,250,277,277],"floor_reached":10,"playtime":498,"items_purged":[],"score":126,"play_id":"da316898-cfc6-45ca-90d8-19365464fc91","local_time":"20190520075541","is_ascension_mode":true,"campfire_choices":[{"data":"Entrench","floor":6.0,"key":"SMITH"}],"neow_cost":"PERCENT_DAMAGE","seed_source_timestamp":86021479865275,"circlet_count":0,"master_deck":["AscendersBane","Strike_R","Strike_R","Strike_R","Strike_R","Strike_R","Defend_R","Defend_R","Defend_R","Defend_R+1","Bash","Offering+1","Body Slam","Entrench+1","Pommel Strike","Twin Strike","Cleave","Reckless Charge"],"special_seed":0,"relics":["Burning Blood","Bag of Marbles","War Paint","Strawberry","Blood Vial"],"potions_floor_usage":[10],"damage_taken":[{"damage":4.0,"enemies":"2 Louse","floor":1.0,"turns":5.0},{"damage":7.0,"enemies":"Small Slimes","floor":2.0,"turns":4.0},{"damage":8.0,"enemies":"Jaw Worm","floor":4.0,"turns":2.0},{"damage":11.0,"enemies":"3 Louse","floor":5.0,"turns":6.0},{"damage":11.0,"enemies":"Gremlin Nob","floor":7.0,"turns":3.0},{"damage":28.0,"enemies":"3 Sentries","floor":8.0,"turns":7.0},{"damage":26,"enemies":"Lagavulin","floor":10,"turns":5}],"seed_played":"2787786977247484703","potions_obtained":[{"floor":2.0,"key":"Explosive Potion"},{"floor":5.0,"key":"Strength Potion"},{"floor":8.0,"key":"Block Potion"}],"is_trial":false,"path_per_floor":["M","M","?","M","M","R","?","E","T","E"],"character_chosen":"IRONCLAD","items_purchased":[],"campfire_rested":0,"item_purchase_floors":[],"current_hp_per_floor":[52,51,46,44,39,39,34,19,19,0],"gold":277,"neow_bonus":"THREE_RARE_CARDS","is_prod":false,"is_daily":false,"chose_seed":false,"campfire_upgraded":1,"win_rate":0,"timestamp":1558306541,"path_taken":["M","M","?","M","M","R","?","E","T","E"],"build_version":"2019-05-07","purchased_purges":0,"victory":false,"max_hp_per_floor":[75,75,75,75,75,75,75,82,82,82],"card_choices":[{"not_picked":["Reaper","Fiend Fire"],"picked":"Offering","floor":0.0},{"not_picked":["Iron Wave","Warcry"],"picked":"Body Slam","floor":1.0},{"not_picked":["Flex","Body Slam"],"picked":"Entrench","floor":2.0},{"not_picked":["Anger","Infernal Blade"],"picked":"Pommel Strike","floor":4.0},{"not_picked":["Heavy Blade","Thunderclap"],"picked":"Twin Strike","floor":5.0},{"not_picked":["Flex","Sentinel"],"picked":"Cleave","floor":7.0},{"not_picked":["Headbutt","Hemokinesis"],"picked":"Reckless Charge","floor":8.0}],"player_experience":3290885,"relics_obtained":[{"floor":7.0,"key":"War Paint"},{"floor":8.0,"key":"Strawberry"},{"floor":9.0,"key":"Blood Vial"}],"event_choices":[{"damage_healed":0.0,"max_hp_gain":0.0,"max_hp_loss":0.0,"gold_gain":0.0,"event_name":"Scrap Ooze","player_choice":"Success","floor":3.0,"gold_loss":0.0,"damage_taken":5.0,"relics_obtained":["Bag of Marbles"]},{"damage_healed":0.0,"max_hp_gain":0.0,"max_hp_loss":0.0,"gold_gain":0.0,"event_name":"Dead Adventurer","player_choice":"Searched \u00271\u0027 times","floor":7.0,"gold_loss":0.0,"damage_taken":0.0}],"is_beta":true,"boss_relics":[],"items_purged_floors":[],"is_endless":false,"potions_floor_spawned":[2,5,8],"killed_by":"Lagavulin","ascension_level":17}