{"gold_per_floor":[114,131,150,150,168,168,200,254,280,24,24,39,39,53,53,127,127,143,156,175,175,18,18,46,46],"floor_reached":25,"playtime":960,"items_purged":["Strike_B"],"score":390,"play_id":"91ef6e4e-522f-4023-9fb0-dd5a4e121f9e","local_time":"20181205230203","is_ascension_mode":true,"campfire_choices":[{"data":"Zap","floor":6,"key":"SMITH"},{"data":"Apotheosis","floor":11,"key":"SMITH"},{"floor":13,"key":"REST"},{"data":"Sunder","floor":15,"key":"SMITH"},{"floor":23,"key":"REST"}],"neow_cost":"NONE","seed_source_timestamp":168666512114569,"circlet_count":0,"master_deck":["AscendersBane","Strike_B+1","Strike_B+1","Strike_B","Defend_B","Defend_B","Defend_B","Defend_B","Zap+1","Dualcast","Sunder+1","Leap","Streamline","Sunder","Melter","Apotheosis+1","Conserve Battery","Electrodynamics","Cold Snap","Ball Lightning","Hologram","Echo Form","Ball Lightning+1"],"relics":["Cracked Core","Whetstone","Happy Flower","PreservedInsect","Inserter","Blood Vial","Pen Nib"],"potions_floor_usage":[7,16,18,20,25,25],"damage_taken":[{"damage":1,"enemies":"Cultist","floor":1,"turns":3},{"damage":2,"enemies":"Jaw Worm","floor":2,"turns":3},{"damage":1,"enemies":"2 Louse","floor":3,"turns":2},{"damage":8,"enemies":"Large Slime","floor":5,"turns":5},{"damage":20,"enemies":"Lagavulin","floor":7,"turns":4},{"damage":0,"enemies":"2 Fungi Beasts","floor":12,"turns":3},{"damage":0,"enemies":"Exordium Wildlife","floor":14,"turns":3},{"damage":6,"enemies":"The Guardian","floor":16,"turns":12},{"damage":3,"enemies":"3 Byrds","floor":18,"turns":4},{"damage":7,"enemies":"Chosen","floor":19,"turns":4},{"damage":9,"enemies":"Snake Plant","floor":20,"turns":4},{"damage":61,"enemies":"Book of Stabbing","floor":24,"turns":6},{"damage":14,"enemies":"Snecko","floor":25,"turns":2}],"seed_played":"1215589094244094233","potions_obtained":[{"floor":5,"key":"FearPotion"},{"floor":7,"key":"Fire Potion"},{"floor":14,"key":"Weak Potion"},{"floor":18,"key":"Weak Potion"},{"floor":19,"key":"SteroidPotion"},{"floor":24,"key":"LiquidBronze"}],"is_trial":false,"path_per_floor":["M","M","M","?","M","R","E","?","T","$","R","M","R","M","R","B",null,"M","M","M","?","$","R","E","M"],"character_chosen":"DEFECT","items_purchased":["Apotheosis","Blood Vial"],"campfire_rested":2,"item_purchase_floors":[10,22],"current_hp_per_floor":[63,61,60,60,52,52,32,32,32,32,32,32,53,53,53,47,65,62,55,46,46,46,67,8,0],"gold":46,"neow_bonus":"RANDOM_COMMON_RELIC","is_prod":false,"is_daily":false,"chose_seed":false,"campfire_upgraded":3,"win_rate":0,"timestamp":1544018523,"path_taken":["M","M","?","?","M","R","E","?","T","$","R","M","R","M","R","BOSS","M","M","M","?","$","R","E","M"],"build_version":"2018-12-05","purchased_purges":1,"victory":false,"max_hp_per_floor":[71,71,71,71,71,71,71,71,71,71,71,71,71,71,71,71,71,71,71,71,71,71,71,71,71],"card_choices":[{"not_picked":["Go for the Eyes","Beam Cell"],"picked":"Sunder","floor":1},{"not_picked":["Turbo","Doom and Gloom"],"picked":"Leap","floor":2},{"not_picked":["Barrage","Redo"],"picked":"Streamline","floor":3},{"not_picked":["Conserve Battery","Capacitor"],"picked":"Sunder","floor":5},{"not_picked":["Barrage","Reprogram"],"picked":"Melter","floor":7},{"not_picked":["Compile Driver","Blizzard","Scrape"],"picked":"SKIP","floor":12},{"not_picked":["Auto Shields","Rebound"],"picked":"Conserve Battery","floor":14},{"not_picked":["Machine Learning","Hyperbeam"],"picked":"Electrodynamics","floor":16},{"not_picked":["Leap","Go for the Eyes"],"picked":"Cold Snap","floor":18},{"not_picked":["Blizzard","Sweeping Beam"],"picked":"Ball Lightning","floor":19},{"not_picked":["Barrage","Blizzard+1"],"picked":"Hologram","floor":20},{"not_picked":["Steam","Leap"],"picked":"Ball Lightning+1","floor":24}],"player_experience":2513674,"relics_obtained":[{"floor":7,"key":"Happy Flower"},{"floor":9,"key":"PreservedInsect"},{"floor":24,"key":"Pen Nib"}],"event_choices":[{"damage_healed":0,"gold_gain":0,"player_choice":"Ignored","damage_taken":0,"max_hp_gain":0,"max_hp_loss":0,"event_name":"Liars Game","floor":4,"gold_loss":0},{"damage_healed":0,"gold_gain":54,"player_choice":"Gained Gold","damage_taken":0,"max_hp_gain":0,"max_hp_loss":0,"event_name":"Golden Wing","floor":8,"gold_loss":0},{"damage_healed":0,"gold_gain":0,"player_choice":"Read","damage_taken":0,"max_hp_gain":0,"max_hp_loss":0,"event_name":"The Library","floor":21,"gold_loss":0,"cards_obtained":["Echo Form"]}],"is_beta":true,"boss_relics":[{"not_picked":["Sozu","Pandora\u0027s Box"],"picked":"Inserter"}],"items_purged_floors":[10],"is_endless":false,"potions_floor_spawned":[5,7,14,18,19,24],"killed_by":"Snecko","ascension_level":15}