{"gold_per_floor":[119,119,133,58,77,77,77,110,110,110,128,147,181,196,196,196],"floor_reached":16,"playtime":953,"items_purged":[],"score":207,"play_id":"5311c5a1-cd8e-459b-8183-4ee7f18cb428","local_time":"20190330011713","is_ascension_mode":true,"campfire_choices":[{"data":"Bash","floor":6.0,"key":"SMITH"},{"floor":10.0,"key":"REST"},{"floor":15.0,"key":"REST"}],"neow_cost":"TEN_PERCENT_HP_LOSS","seed_source_timestamp":2593179898861997,"circlet_count":0,"master_deck":["AscendersBane","Strike_R","Strike_R","Strike_R","Strike_R","Strike_R","Defend_R","Defend_R","Defend_R","Bash+1","Dropkick","Sever Soul","Pommel Strike","Rage","Twin Strike","Ghostly Armor"],"special_seed":0,"relics":["Burning Blood","Champion Belt","Golden Idol","Ice Cream","Gremlin Horn","Mango"],"potions_floor_usage":[16,16],"damage_taken":[{"damage":3.0,"enemies":"2 Louse","floor":1.0,"turns":4.0},{"damage":4.0,"enemies":"Cultist","floor":3.0,"turns":3.0},{"damage":4.0,"enemies":"Jaw Worm","floor":5.0,"turns":6.0},{"damage":30.0,"enemies":"Lagavulin","floor":8.0,"turns":5.0},{"damage":0.0,"enemies":"3 Louse","floor":11.0,"turns":3.0},{"damage":7.0,"enemies":"Looter","floor":12.0,"turns":4.0},{"damage":37.0,"enemies":"3 Sentries","floor":13.0,"turns":10.0},{"damage":11.0,"enemies":"Large Slime","floor":14.0,"turns":4.0},{"damage":30,"enemies":"Slime Boss","floor":16,"turns":10}],"seed_played":"-3500135961526057958","potions_obtained":[{"floor":1.0,"key":"Weak Potion"},{"floor":3.0,"key":"GamblersBrew"},{"floor":5.0,"key":"Swift Potion"},{"floor":11.0,"key":"Weak Potion"}],"is_trial":false,"path_per_floor":["M","?","M","?","M","R","?","E","T","R","M","M","E","M","R","B"],"character_chosen":"IRONCLAD","items_purchased":[],"campfire_rested":2,"item_purchase_floors":[],"current_hp_per_floor":[68,68,68,68,68,68,45,21,21,41,47,46,29,24,48,18],"gold":196,"neow_bonus":"ONE_RARE_RELIC","is_prod":false,"is_daily":false,"chose_seed":false,"campfire_upgraded":1,"win_rate":0,"timestamp":1553876233,"path_taken":["M","?","?","?","M","R","?","E","T","R","M","M","E","M","R","BOSS"],"build_version":"2019-03-15","purchased_purges":0,"victory":false,"max_hp_per_floor":[68,68,68,68,68,68,68,68,68,68,68,68,82,82,82,82],"card_choices":[{"not_picked":["Corruption","Infernal Blade"],"picked":"Dropkick","floor":1.0},{"not_picked":["Heavy Blade","Twin Strike"],"picked":"Sever Soul","floor":3.0},{"not_picked":["Clash","Anger","Flex"],"picked":"SKIP","floor":5.0},{"not_picked":["Infernal Blade","Thunderclap"],"picked":"Pommel Strike","floor":8.0},{"not_picked":["Body Slam","Perfected Strike","Cleave"],"picked":"SKIP","floor":11.0},{"not_picked":["Berserk","Heavy Blade"],"picked":"Rage","floor":12.0},{"not_picked":["Sword Boomerang","Rage"],"picked":"Twin Strike","floor":13.0},{"not_picked":["Hemokinesis","Cleave"],"picked":"Ghostly Armor","floor":14.0}],"player_experience":2763548,"relics_obtained":[{"floor":8.0,"key":"Ice Cream"},{"floor":9.0,"key":"Gremlin Horn"},{"floor":13.0,"key":"Mango"}],"event_choices":[{"damage_healed":0.0,"max_hp_gain":0.0,"max_hp_loss":0.0,"gold_gain":0.0,"event_name":"Match and Keep!","player_choice":"0 cards matched","floor":2.0,"gold_loss":0.0,"damage_taken":0.0,"cards_obtained":[]},{"cards_removed":["Defend_R"],"damage_healed":0.0,"max_hp_gain":0.0,"max_hp_loss":0.0,"gold_gain":0.0,"event_name":"The Cleric","player_choice":"Card Removal","floor":4.0,"gold_loss":75.0,"damage_taken":0.0},{"damage_healed":0.0,"max_hp_gain":0.0,"max_hp_loss":0.0,"gold_gain":0.0,"event_name":"Golden Idol","player_choice":"Take Damage","floor":7.0,"gold_loss":0.0,"damage_taken":23.0,"relics_obtained":["Golden Idol"]}],"is_beta":true,"boss_relics":[],"items_purged_floors":[],"is_endless":false,"potions_floor_spawned":[1,3,5,11,13,14],"killed_by":"Slime Boss","ascension_level":17}