{"gold_per_floor":[131,154,178,201,233,272,284,312,351,363,395,433,445,507,519,531],"floor_reached":16,"playtime":1140,"items_purged":[],"score":211,"play_id":"02d8dc6b-eeff-4aac-921d-33efc0562715","local_time":"20190413175941","is_ascension_mode":true,"campfire_choices":[{"data":"Dualcast","floor":7.0,"key":"SMITH"},{"data":"Chill","floor":10.0,"key":"SMITH"},{"data":"Double Energy","floor":13.0,"key":"SMITH"},{"data":"Reboot","floor":15.0,"key":"SMITH"}],"neow_cost":"NONE","seed_source_timestamp":93234839806082,"circlet_count":0,"master_deck":["AscendersBane","Strike_B","Strike_B","Strike_B","Strike_B","Defend_B","Defend_B","Defend_B","Defend_B","Zap","Dualcast+1","Ball Lightning","Ball Lightning","Ball Lightning","Leap","Chill+1","Reboot+1","Coolheaded","Double Energy+1"],"special_seed":0,"relics":["Cracked Core","MawBank","Boot","Anchor","PreservedInsect"],"potions_floor_usage":[],"damage_taken":[{"damage":9.0,"enemies":"Jaw Worm","floor":1.0,"turns":4.0},{"damage":1.0,"enemies":"Cultist","floor":2.0,"turns":3.0},{"damage":7.0,"enemies":"2 Louse","floor":3.0,"turns":2.0},{"damage":1.0,"enemies":"2 Fungi Beasts","floor":4.0,"turns":3.0},{"damage":1.0,"enemies":"3 Louse","floor":5.0,"turns":3.0},{"damage":10.0,"enemies":"3 Sentries","floor":6.0,"turns":7.0},{"damage":0.0,"enemies":"Looter","floor":8.0,"turns":2.0},{"damage":0.0,"enemies":"Exordium Thugs","floor":11.0,"turns":3.0},{"damage":12.0,"enemies":"Gremlin Nob","floor":12.0,"turns":4.0},{"damage":26,"enemies":"Slime Boss","floor":16,"turns":7}],"seed_played":"6226424940327979329","potions_obtained":[{"floor":2.0,"key":"Poison Potion"},{"floor":3.0,"key":"Weak Potion"},{"floor":4.0,"key":"Dexterity Potion"}],"is_trial":false,"path_per_floor":["M","M","M","M","M","E","R","M","T","R","M","E","R","?","R","B"],"character_chosen":"DEFECT","items_purchased":[],"campfire_rested":0,"item_purchase_floors":[],"current_hp_per_floor":[55,54,47,46,45,35,35,35,35,35,35,23,23,23,23,0],"gold":531,"neow_bonus":"RANDOM_COMMON_RELIC","is_prod":false,"is_daily":false,"chose_seed":false,"campfire_upgraded":4,"win_rate":0,"timestamp":1555145981,"path_taken":["M","M","M","M","M","E","R","M","T","R","M","E","R","?","R","BOSS"],"build_version":"2019-04-04","purchased_purges":0,"victory":false,"max_hp_per_floor":[71,71,71,71,71,71,71,71,71,71,71,71,71,71,71,71],"card_choices":[{"not_picked":["Redo","Hello World"],"picked":"Ball Lightning","floor":1.0},{"not_picked":["Capacitor","Doom and Gloom"],"picked":"Ball Lightning","floor":2.0},{"not_picked":["Beam Cell","Turbo"],"picked":"Ball Lightning","floor":3.0},{"not_picked":["Ball Lightning","Barrage"],"picked":"Leap","floor":4.0},{"not_picked":["Compile Driver","Streamline"],"picked":"Chill","floor":5.0},{"not_picked":["Steam","Gash"],"picked":"Reboot","floor":6.0},{"not_picked":["Beam Cell","Double Energy","Consume"],"picked":"SKIP","floor":8.0},{"not_picked":["Beam Cell","Ball Lightning"],"picked":"Coolheaded","floor":11.0},{"not_picked":["Redo","Tempest"],"picked":"Double Energy","floor":12.0}],"player_experience":2927040,"relics_obtained":[{"floor":6.0,"key":"Boot"},{"floor":9.0,"key":"Anchor"},{"floor":12.0,"key":"PreservedInsect"}],"event_choices":[{"damage_healed":0.0,"max_hp_gain":0.0,"max_hp_loss":0.0,"gold_gain":50.0,"event_name":"Golden Shrine","player_choice":"Pray","floor":14.0,"gold_loss":0.0,"damage_taken":0.0}],"is_beta":true,"boss_relics":[],"items_purged_floors":[],"is_endless":false,"potions_floor_spawned":[2,3,4,5],"killed_by":"Slime Boss","ascension_level":17}