{"gold_per_floor":[111,129,140,151,165,165,14,39,87,87,98,98,98,109,109,109],"floor_reached":16,"playtime":806,"items_purged":["Strike_R"],"score":192,"play_id":"7e893d94-89ee-4191-8707-f889b72bf2be","local_time":"20190501001419","is_ascension_mode":true,"campfire_choices":[{"floor":6,"key":"REST"},{"floor":10,"key":"REST"},{"data":"Armaments","floor":15,"key":"SMITH"}],"neow_cost":"PERCENT_DAMAGE","seed_source_timestamp":372058651844466,"circlet_count":0,"master_deck":["AscendersBane","Strike_R","Strike_R","Defend_R","Defend_R","Defend_R","Defend_R","Bash","Violence","Enlightenment","Shrug It Off","Armaments+1","Twin Strike","Blood for Blood","Body Slam","Searing Blow","Iron Wave","True Grit"],"relics":["Burning Blood","Unceasing Top","Anchor"],"potions_floor_usage":[4,8],"damage_taken":[{"damage":6,"enemies":"Cultist","floor":1,"turns":4},{"damage":8,"enemies":"2 Louse","floor":2,"turns":4},{"damage":6,"enemies":"Small Slimes","floor":3,"turns":5},{"damage":31,"enemies":"Exordium Thugs","floor":4,"turns":5},{"damage":3,"enemies":"3 Louse","floor":5,"turns":4},{"damage":41,"enemies":"Gremlin Nob","floor":8,"turns":5},{"damage":6,"enemies":"2 Fungi Beasts","floor":11,"turns":4},{"damage":0,"enemies":"Red Slaver","floor":14,"turns":3},{"damage":35,"enemies":"The Guardian","floor":16,"turns":6}],"seed_played":"-3965072277433383225","potions_obtained":[{"floor":2,"key":"FearPotion"},{"floor":3,"key":"GamblersBrew"}],"is_trial":false,"path_per_floor":["M","M","M","M","M","R","$","E","T","R","M","?","?","M","R","B"],"character_chosen":"IRONCLAD","items_purchased":["Searing Blow"],"campfire_rested":2,"item_purchase_floors":[7],"current_hp_per_floor":[50,48,48,23,26,48,48,13,13,35,35,28,28,34,34,0],"gold":109,"neow_bonus":"RANDOM_COLORLESS_2","is_prod":false,"is_daily":false,"chose_seed":false,"campfire_upgraded":1,"win_rate":0,"timestamp":1556637259,"path_taken":["M","?","M","M","M","R","?","E","T","R","M","?","?","?","R","BOSS"],"build_version":"2019-04-23","purchased_purges":1,"victory":false,"max_hp_per_floor":[75,75,75,75,75,75,75,75,75,75,75,75,75,75,75,75],"card_choices":[{"not_picked":["Dual Wield","Heavy Blade"],"picked":"Shrug It Off","floor":1},{"not_picked":["Anger","Fire Breathing"],"picked":"Armaments","floor":2},{"not_picked":["Warcry","Combust"],"picked":"Twin Strike","floor":3},{"not_picked":["Sword Boomerang","True Grit"],"picked":"Blood for Blood","floor":4},{"not_picked":["Armaments","Wild Strike"],"picked":"Body Slam","floor":5},{"not_picked":["Thunderclap","Heavy Blade"],"picked":"Iron Wave","floor":8},{"not_picked":["Havoc","Rampage","Headbutt"],"picked":"SKIP","floor":11},{"not_picked":["Power Through","Perfected Strike"],"picked":"True Grit","floor":14}],"player_experience":3119359,"relics_obtained":[{"floor":8,"key":"Unceasing Top"},{"floor":9,"key":"Anchor"}],"event_choices":[{"cards_removed":["Strike_R"],"damage_healed":0,"gold_gain":0,"player_choice":"Card Removal","damage_taken":7,"max_hp_gain":0,"max_hp_loss":0,"event_name":"Golden Wing","floor":12,"gold_loss":0},{"cards_removed":["Strike_R"],"damage_healed":0,"gold_gain":0,"player_choice":"Purged","damage_taken":0,"max_hp_gain":0,"max_hp_loss":0,"event_name":"Purifier","floor":13,"gold_loss":0}],"is_beta":true,"boss_relics":[],"items_purged_floors":[7],"is_endless":false,"potions_floor_spawned":[2,3],"killed_by":"The Guardian","ascension_level":17}