{"gold_per_floor":[363,363,36,51,71,71,102,120,143,153,138],"floor_reached":11,"playtime":546,"items_purged":[],"score":131,"play_id":"a69d481d-b8ce-471e-96b5-549f9bd84b2f","local_time":"20190312175704","is_ascension_mode":true,"campfire_choices":[{"data":"Defragment","floor":6,"key":"SMITH"}],"neow_cost":"TEN_PERCENT_HP_LOSS","seed_source_timestamp":1098847821157404,"circlet_count":0,"master_deck":["AscendersBane","Strike_B","Strike_B","Strike_B","Defend_B","Defend_B","Defend_B","Defend_B","Zap","Dualcast","Chill","Loop","Defragment+1","Streamline","Skim","Steam","White Noise"],"relics":["Cracked Core","Calipers","Dream Catcher"],"potions_floor_usage":[7,10],"damage_taken":[{"damage":2,"enemies":"Jaw Worm","floor":1,"turns":3},{"damage":0,"enemies":"2 Louse","floor":4,"turns":3},{"damage":2,"enemies":"Small Slimes","floor":5,"turns":5},{"damage":37,"enemies":"Gremlin Nob","floor":7,"turns":4},{"damage":15,"enemies":"Exordium Wildlife","floor":8,"turns":6},{"damage":2,"enemies":"Gremlin Gang","floor":10,"turns":6},{"damage":11,"enemies":"Looter","floor":11,"turns":1}],"seed_played":"9148038967988038154","potions_obtained":[{"floor":1,"key":"GamblersBrew"},{"floor":5,"key":"Swift Potion"},{"floor":10,"key":"Dexterity Potion"}],"is_trial":false,"path_per_floor":["M","?","$","M","M","R","E","M","T","M","M"],"character_chosen":"DEFECT","items_purchased":["Calipers","Loop"],"campfire_rested":0,"item_purchase_floors":[3,3],"current_hp_per_floor":[62,62,62,62,60,60,23,8,8,6,0],"gold":138,"neow_bonus":"TWO_FIFTY_GOLD","is_prod":false,"is_daily":false,"chose_seed":false,"campfire_upgraded":1,"win_rate":0,"timestamp":1552381024,"path_taken":["M","?","$","M","M","R","E","M","T","M","M"],"build_version":"2019-02-06","purchased_purges":0,"victory":false,"max_hp_per_floor":[64,64,64,64,64,64,64,64,64,64,64],"card_choices":[{"not_picked":["Auto Shields","Cold Snap"],"picked":"Chill","floor":1},{"not_picked":["Coolheaded","Go for the Eyes"],"picked":"Defragment","floor":4},{"not_picked":["Consume","Fusion"],"picked":"Streamline","floor":5},{"not_picked":["Hello World","Turbo"],"picked":"Skim","floor":7},{"not_picked":["Scrape","Reprogram"],"picked":"Steam","floor":8},{"not_picked":["Steam","Hologram"],"picked":"White Noise","floor":10}],"player_experience":2669843,"relics_obtained":[{"floor":7,"key":"Dream Catcher"}],"event_choices":[{"cards_removed":["Strike_B"],"damage_healed":0,"gold_gain":0,"player_choice":"Forget","damage_taken":0,"max_hp_gain":0,"max_hp_loss":0,"event_name":"Living Wall","floor":2,"gold_loss":0}],"is_beta":true,"boss_relics":[],"items_purged_floors":[],"is_endless":false,"potions_floor_spawned":[1,5,10],"killed_by":"Looter","ascension_level":15}