{"gold_per_floor":[109,123,133,58,68,68,86,86,86,86,86,86,99,99,99,201,201,214,229,229,129,146,146,177,177,477,169,169,194,194,227,227,329,329,344,344,344,143,0,0,12,12,12,23,37,37,52,70,70,70],"floor_reached":51,"playtime":3768,"items_purged":["Strike_B","Strike_B","Strike_B","Defend_B"],"score":710,"play_id":"45f6bb31-faad-4906-bc09-3a1032e0bab4","local_time":"20181226015617","is_ascension_mode":true,"campfire_choices":[{"data":"Dualcast","floor":6,"key":"SMITH"},{"data":"Sweeping Beam","floor":8,"key":"SMITH"},{"data":"Ball Lightning","floor":12,"key":"SMITH"},{"data":"Steam","floor":15,"key":"SMITH"},{"floor":23,"key":"REST"},{"floor":25,"key":"REST"},{"floor":30,"key":"REST"},{"floor":32,"key":"REST"},{"data":"Madness","floor":40,"key":"SMITH"},{"data":"Madness","floor":42,"key":"SMITH"},{"floor":49,"key":"REST"}],"neow_cost":"NONE","seed_source_timestamp":272406786773760,"circlet_count":0,"master_deck":["Defend_B","Defend_B","Defend_B+1","Zap+1","Dualcast+1","Sweeping Beam+1","Turbo","Ball Lightning+1","Genetic Algorithm","Steam+1","Echo Form","White Noise+1","Auto Shields","White Noise+1","Force Field+1","FTL","Steam+1","Buffer","Storm","Madness+1","Madness+1","Recycle+1"],"relics":["Cracked Core","Blue Candle","Nuclear Battery","Smiling Mask","Old Coin","War Paint","Bag of Preparation","Turnip","Art of War","Busted Crown","Happy Flower","Red Mask","Strawberry"],"potions_floor_usage":[16,16,16,24,41,50,50],"damage_taken":[{"damage":2,"enemies":"Jaw Worm","floor":1,"turns":2},{"damage":0,"enemies":"Small Slimes","floor":2,"turns":3},{"damage":6,"enemies":"Cultist","floor":3,"turns":3},{"damage":15,"enemies":"Lots of Slimes","floor":5,"turns":3},{"damage":2,"enemies":"3 Louse","floor":7,"turns":2},{"damage":8,"enemies":"Large Slime","floor":13,"turns":4},{"damage":17,"enemies":"Hexaghost","floor":16,"turns":7},{"damage":12,"enemies":"3 Byrds","floor":18,"turns":4},{"damage":0,"enemies":"Chosen","floor":19,"turns":4},{"damage":37,"enemies":"3 Cultists","floor":22,"turns":6},{"damage":27,"enemies":"Gremlin Leader","floor":24,"turns":6},{"damage":42,"enemies":"Slavers","floor":29,"turns":8},{"damage":9,"enemies":"Gremlin Leader","floor":31,"turns":8},{"damage":21,"enemies":"Automaton","floor":33,"turns":11},{"damage":21,"enemies":"3 Darklings","floor":35,"turns":4},{"damage":0,"enemies":"3 Shapes","floor":41,"turns":4},{"damage":0,"enemies":"Sphere and 2 Shapes","floor":44,"turns":4},{"damage":0,"enemies":"4 Shapes","floor":45,"turns":7},{"damage":10,"enemies":"Jaw Worm Horde","floor":47,"turns":2},{"damage":0,"enemies":"Maw","floor":48,"turns":9},{"damage":74,"enemies":"Awakened One","floor":50,"turns":14}],"seed_played":"6560136995286990075","potions_obtained":[{"floor":2,"key":"LiquidBronze"},{"floor":3,"key":"FocusPotion"},{"floor":13,"key":"FearPotion"},{"floor":19,"key":"SteroidPotion"},{"floor":33,"key":"Block Potion"},{"floor":44,"key":"FairyPotion"},{"floor":47,"key":"PowerPotion"},{"floor":48,"key":"Swift Potion"}],"is_trial":false,"path_per_floor":["M","M","M","$","M","R","M","R","T","$","?","R","M","?","R","B",null,"M","M","?","$","M","R","E","R","T","$","T","E","R","E","R","B",null,"M","?","?","$","?","R","M","R","T","M","M","$","M","M","R","B",null],"character_chosen":"DEFECT","items_purchased":["Force Field","War Paint","FTL","Happy Flower"],"campfire_rested":5,"item_purchase_floors":[27,27,27,38],"current_hp_per_floor":[73,73,67,67,52,52,50,50,50,50,55,55,47,40,40,23,80,68,68,68,68,31,55,28,52,52,52,52,10,34,25,49,28,80,59,59,49,49,49,49,49,49,56,56,56,56,46,46,72,8],"gold":70,"neow_bonus":"UPGRADE_CARD","is_prod":false,"is_daily":false,"chose_seed":false,"campfire_upgraded":6,"win_rate":0,"timestamp":1545756977,"path_taken":["M","M","M","$","M","R","M","R","T","$","?","R","M","?","R","BOSS","M","M","?","$","?","R","E","R","T","$","?","E","R","E","R","BOSS","M","?","?","$","?","R","M","R","T","M","M","?","M","?","R","BOSS"],"build_version":"2018-12-20","purchased_purges":4,"victory":true,"max_hp_per_floor":[75,75,75,75,75,75,75,75,75,75,80,80,80,80,80,80,80,80,80,80,80,80,80,80,80,80,80,80,80,80,80,80,80,80,80,80,80,80,80,80,80,80,87,87,87,87,87,87,87,87],"card_choices":[{"not_picked":["Cold Snap","Rebound"],"picked":"Sweeping Beam","floor":1},{"not_picked":["Storm","Chill"],"picked":"Turbo","floor":2},{"not_picked":["Scrape","Static Discharge","Cold Snap"],"picked":"SKIP","floor":3},{"not_picked":["Reinforced Body","Beam Cell"],"picked":"Ball Lightning","floor":5},{"not_picked":["Gash","Hello World"],"picked":"Genetic Algorithm","floor":7},{"not_picked":["Cold Snap","All For One"],"picked":"Steam","floor":13},{"not_picked":["Reboot","Meteor Strike"],"picked":"Echo Form","floor":16},{"not_picked":["Compile Driver","FTL"],"picked":"White Noise","floor":18},{"not_picked":["Ball Lightning","Chill"],"picked":"Auto Shields","floor":19},{"not_picked":["Barrage","Steam+1"],"picked":"White Noise+1","floor":22},{"not_picked":["Blizzard","Cold Snap"],"picked":"Hello World","floor":24},{"not_picked":["Scrape+1","Hologram"],"picked":"Steam+1","floor":29},{"not_picked":["Consume","Sweeping Beam","Capacitor"],"picked":"SKIP","floor":31},{"not_picked":["Echo Form","Hyperbeam"],"picked":"Buffer","floor":33},{"not_picked":[],"picked":"Storm","floor":35},{"not_picked":["Rip and Tear+1"],"picked":"SKIP","floor":41},{"not_picked":["Blizzard"],"picked":"SKIP","floor":44},{"not_picked":["Barrage+1"],"picked":"SKIP","floor":45},{"not_picked":[],"picked":"Recycle+1","floor":47},{"not_picked":["Compile Driver"],"picked":"SKIP","floor":48}],"player_experience":199473,"relics_obtained":[{"floor":9,"key":"Blue Candle"},{"floor":24,"key":"Smiling Mask"},{"floor":26,"key":"Old Coin"},{"floor":28,"key":"Bag of Preparation"},{"floor":29,"key":"Turnip"},{"floor":31,"key":"Art of War"},{"floor":43,"key":"Strawberry"}],"event_choices":[{"damage_healed":0,"gold_gain":0,"player_choice":"Donut","damage_taken":0,"max_hp_gain":5,"max_hp_loss":0,"event_name":"Big Fish","floor":11,"gold_loss":0},{"cards_removed":["Strike_B"],"damage_healed":0,"gold_gain":0,"player_choice":"Card Removal","damage_taken":7,"max_hp_gain":0,"max_hp_loss":0,"event_name":"Golden Wing","floor":14,"gold_loss":0},{"damage_healed":0,"gold_gain":0,"player_choice":"Upgraded","damage_taken":0,"max_hp_gain":0,"max_hp_loss":0,"event_name":"Upgrade Shrine","floor":20,"gold_loss":0,"cards_upgraded":["White Noise"]},{"cards_removed":["Hello World"],"damage_healed":0,"gold_gain":0,"player_choice":"Removed Power","damage_taken":0,"max_hp_gain":0,"max_hp_loss":0,"event_name":"Falling","floor":36,"gold_loss":0},{"damage_healed":0,"gold_gain":0,"player_choice":"Embrace Madness","damage_taken":10,"max_hp_gain":0,"max_hp_loss":0,"event_name":"Winding Halls","floor":37,"gold_loss":0,"cards_obtained":["Madness","Madness"]},{"damage_healed":0,"gold_gain":0,"player_choice":"Paid","damage_taken":0,"relics_obtained":["Red Mask"],"max_hp_gain":0,"max_hp_loss":0,"event_name":"Tomb of Lord Red Mask","floor":39,"gold_loss":143}],"is_beta":false,"boss_relics":[{"not_picked":["White Beast Statue","FrozenCore"],"picked":"Nuclear Battery"},{"not_picked":["Pandora\u0027s Box","Fusion Hammer"],"picked":"Busted Crown"}],"items_purged_floors":[4,21,27,38],"is_endless":false,"potions_floor_spawned":[2,3,13,19,33,44,47,48],"ascension_level":2}