{"gold_per_floor":[109,109,109,124,134,134,148,3,84,95,120,85,120,133,133,236,236,253,333,348,464,481,481,495,495,495,2,32,51,1,14,14,116,116,128,138,152,152,333,333],"floor_reached":40,"playtime":3071,"items_purged":[],"score":604,"play_id":"fd713a9f-863a-4545-be0e-93d51a764a52","local_time":"20190117194214","is_ascension_mode":false,"campfire_choices":[{"data":"ReplayTheSpireMod:Strike From Hell","floor":6.0,"key":"SMITH"},{"floor":15.0,"key":"REST"},{"floor":23.0,"key":"REST"},{"floor":25.0,"key":"REST"},{"floor":32.0,"key":"DIG"}],"neow_cost":"","seed_source_timestamp":0,"circlet_count":0,"master_deck":["Strike_R","Strike_R","Defend_R","Defend_R","Defend_R","Bash","Flex","Sever Soul+1","Run Through","Anger","ReplayTheSpireMod:Strike From Hell+1","Demonic Infusion","Armaments","Spot Weakness","ReplayTheSpireMod:Limb From Limb","Replay:Many Hands","Shrug It Off","ReplayTheSpireMod:Stacked+1","Headbutt+1","Flame Barrier","Dual Strike","Warcry+1","Flex+1","Bloodthirst+1","Pot Of Greed+1","Pot Of Greed+1","Pot Of Greed+1","ReplayTheSpireMod:Stacked","Perfected Strike","Hemogenesis","Body Slam","SwordBurial","Invigoration+1","ReplayTheSpireMod:Stacked+1","Metallicize+1","Pot Of Greed+1","ReplayTheSpireMod:Muscle Training+1","Thunderclap+1","Sword Boomerang+1","Ghostly Armor"],"special_seed":0,"relics":["Burning Blood","ReplayTheSpireMod:TigerMarble","Boot","RetroEgg","hubris:ToyBattleship","ReplayFunnel","Replay:Rubber Ducky","Ooze Armor","Grinning Jar","Paper Frog","Toy Ornithopter","Girya","Happy Flower","Rawhide","Astrolabe"],"potions_floor_usage":[],"damage_taken":[{"damage":6.0,"enemies":"2 Louse","floor":1.0,"turns":2.0},{"damage":11.0,"enemies":"Jaw Worm","floor":4.0,"turns":2.0},{"damage":0.0,"enemies":"Cultist","floor":5.0,"turns":2.0},{"damage":12.0,"enemies":"2 Fungi Beasts","floor":7.0,"turns":3.0},{"damage":4.0,"enemies":"Blue Slaver","floor":10.0,"turns":3.0},{"damage":34.0,"enemies":"Lagavulin","floor":11.0,"turns":6.0},{"damage":38.0,"enemies":"Gremlin Nob","floor":13.0,"turns":5.0},{"damage":19.0,"enemies":"Exordium Thugs","floor":14.0,"turns":3.0},{"damage":19.0,"enemies":"RustBeast","floor":16.0,"turns":7.0},{"damage":23.0,"enemies":"Shell Parasite","floor":18.0,"turns":4.0},{"damage":0.0,"enemies":"Spheric Guardian","floor":20.0,"turns":3.0},{"damage":8.0,"enemies":"Snake Plant","floor":21.0,"turns":3.0},{"damage":16.0,"enemies":"Cultist and Chosen","floor":22.0,"turns":6.0},{"damage":0.0,"enemies":"Snecko","floor":24.0,"turns":3.0},{"damage":69.0,"enemies":"Shelled Parasite and Fungi","floor":28.0,"turns":13.0},{"damage":15.0,"enemies":"Shelled Parasite and Fungi","floor":29.0,"turns":4.0},{"damage":10.0,"enemies":"Cultist and Chosen","floor":31.0,"turns":6.0},{"damage":27.0,"enemies":"Champ","floor":33.0,"turns":13.0},{"damage":0.0,"enemies":"3 Shapes","floor":35.0,"turns":4.0},{"damage":38.0,"enemies":"3 Darklings","floor":36.0,"turns":8.0},{"damage":44.0,"enemies":"Maw","floor":37.0,"turns":8.0},{"damage":44,"enemies":"4 Shapes","floor":39,"turns":9},{"damage":52,"enemies":"Giant Head","floor":40,"turns":6}],"seed_played":"-310633827966748371","potions_obtained":[{"floor":1.0,"key":"Weak Potion"},{"floor":4.0,"key":"SpeedPotion"},{"floor":13.0,"key":"SteroidPotion"},{"floor":22.0,"key":"Regen Potion"},{"floor":29.0,"key":"Milkshake"},{"floor":33.0,"key":"GamblersBrew"},{"floor":35.0,"key":"Dexterity Potion"},{"floor":36.0,"key":"Fire Potion"}],"is_trial":false,"path_per_floor":["M","?","?","M","M","R","M","$","T","M","E","?","E","M","R","B",null,"M","?","M","M","M","R","M","R","T","$","MIM","M","$","M","R","B",null,"M","M","M","?","M","E"],"character_chosen":"IRONCLAD","items_purchased":["hubris:ToyBattleship","Flex","Sever Soul","Boot","Paper Frog","Toy Ornithopter","ReplayTheSpireMod:Stacked","Dexterity Potion"],"campfire_rested":3,"item_purchase_floors":[0,0,0,8,27,27,27,30],"current_hp_per_floor":[80,80,80,75,80,80,74,74,74,76,48,68,36,23,47,34,80,63,31,37,35,25,49,55,79,79,79,57,56,56,69,69,80,80,80,62,46,46,25,0],"gold":333,"neow_bonus":"","is_prod":false,"is_daily":false,"chose_seed":false,"campfire_upgraded":1,"win_rate":0,"timestamp":1547775734,"path_taken":["M","?","?","M","M","R","?","$","T","M","E","?","E","M","R","BOSS","M","?","M","M","M","R","M","R","T","?","?","M","$","M","R","BOSS","M","?","M","?","M","E"],"build_version":"2019-01-17","purchased_purges":0,"victory":false,"max_hp_per_floor":[80,80,80,80,80,80,80,80,80,80,80,80,80,80,80,80,80,80,80,80,80,80,80,80,80,80,80,80,80,80,80,80,80,80,80,80,80,80,80,80],"card_choices":[{"not_picked":["Entrench","Flex"],"picked":"Run Through","floor":1.0},{"not_picked":["Shrug It Off","Carnage"],"picked":"Anger","floor":4.0},{"not_picked":["Intimidate","Pommel Strike"],"picked":"ReplayTheSpireMod:Strike From Hell","floor":5.0},{"not_picked":["ReplayTheSpireMod:Limb From Limb","Body Slam"],"picked":"Demonic Infusion","floor":7.0},{"not_picked":["ReplayTheSpireMod:Stacked","Run Through"],"picked":"Uppercut","floor":10.0},{"not_picked":["Burning Pact","Blood for Blood"],"picked":"Armaments","floor":11.0},{"not_picked":["Rupture","Shrug It Off"],"picked":"Spot Weakness","floor":13.0},{"not_picked":["Dual Strike","Armaments"],"picked":"ReplayTheSpireMod:Limb From Limb","floor":14.0},{"not_picked":["Demon Form","Limit Break"],"picked":"Replay:Many Hands","floor":16.0},{"not_picked":["Wild Strike","Dropkick"],"picked":"Shrug It Off","floor":18.0},{"not_picked":["Thunderclap","Blood for Blood+1"],"picked":"ReplayTheSpireMod:Stacked+1","floor":19.0},{"not_picked":["Wild Strike+1","Feel No Pain+1"],"picked":"Headbutt+1","floor":19.0},{"not_picked":["Anger","Whirlwind"],"picked":"Flame Barrier","floor":19.0},{"not_picked":["True Grit+1","conspire:ExplosiveBarrier"],"picked":"Dual Strike","floor":20.0},{"not_picked":["Armaments","Whirlwind"],"picked":"Warcry+1","floor":21.0},{"not_picked":["ReplayTheSpireMod:Stacked","Anger"],"picked":"Flex","floor":22.0},{"not_picked":["Seeing Red","Sword Boomerang"],"picked":"Bloodthirst+1","floor":24.0},{"not_picked":["Replay:Undeath\u0027s Touch","Wild Strike+1"],"picked":"Perfected Strike","floor":28.0},{"not_picked":["Havoc+1","Second Wind+1"],"picked":"Hemogenesis","floor":29.0},{"not_picked":["Feel No Pain","Clothesline"],"picked":"Body Slam","floor":31.0},{"not_picked":["Impervious","Berserk"],"picked":"SwordBurial","floor":33.0},{"not_picked":["Reckless Charge","True Grit"],"picked":"ReplayTheSpireMod:Muscle Training","floor":35.0},{"not_picked":["Run Through","Headbutt"],"picked":"Thunderclap+1","floor":36.0},{"not_picked":["Headbutt","Battle Trance"],"picked":"Sword Boomerang+1","floor":37.0},{"not_picked":["Flex+1","Defy Death"],"picked":"Ghostly Armor","floor":39}],"player_experience":486598,"relics_obtained":[{"floor":2.0,"key":"ReplayTheSpireMod:TigerMarble"},{"floor":9.0,"key":"RetroEgg"},{"floor":11.0,"key":"ReplayFunnel"},{"floor":13.0,"key":"Replay:Rubber Ducky"},{"floor":26.0,"key":"Grinning Jar"},{"floor":28.0,"key":"Girya"},{"floor":32.0,"key":"Rawhide"}],"event_choices":[{"damage_healed":0.0,"max_hp_gain":0.0,"max_hp_loss":0.0,"gold_gain":0.0,"event_name":"Upgrade Shrine","player_choice":"Upgraded","floor":3.0,"gold_loss":0.0,"damage_taken":0.0,"cards_upgraded":["Sever Soul"]},{"damage_healed":20.0,"max_hp_gain":0.0,"max_hp_loss":0.0,"gold_gain":0.0,"event_name":"The Cleric","player_choice":"Healed","floor":12.0,"gold_loss":35.0,"damage_taken":0.0},{"cards_removed":["Uppercut"],"damage_healed":0,"gold_gain":0,"player_choice":"Removed Attack","damage_taken":0,"max_hp_gain":0,"max_hp_loss":0,"event_name":"Falling","floor":38,"gold_loss":0}],"is_beta":false,"boss_relics":[{"not_picked":["Velvet Choker","Pandora\u0027s Box"],"picked":"Ooze Armor"},{"not_picked":["hubris:TerracottaHorce","Runic Dome"],"picked":"Astrolabe"}],"items_purged_floors":[],"is_endless":false,"potions_floor_spawned":[1,4,13,22,24,29,31,33,35,36],"killed_by":"Giant Head","ascension_level":0}