{"path_per_floor":["M","$","?","$","?","E","R","E","T","R","M","$","M","M","R","B",null,"M","$","?","M","M","R","M","M","T","R","E","M","?","?","R","B",null,"M","M","$","M","M","R","?","?","T"],"character_chosen":"THE_SILENT","items_purchased":["Catalyst","Backstab","Deadly Poison","Apotheosis","Snake Skull","Poison Potion"],"gold_per_floor":[109,30,30,30,30,61,61,92,92,92,115,21,46,62,62,185,185,198,10,10,35,59,59,78,92,117,117,160,174,174,74,74,193,193,217,235,31,51,67,67,67,67,121],"floor_reached":44,"campfire_rested":6,"playtime":3289,"current_hp_per_floor":[68,68,68,68,68,47,68,42,42,63,63,63,63,63,63,48,70,70,70,70,65,48,69,64,48,48,69,64,55,55,55,70,29,70,49,47,47,19,4,25,25,25,25],"items_purged":[],"gold":121,"play_id":"f48dcf8b-e7b3-4dcb-802a-f944180ad559","is_prod":false,"is_daily":false,"is_ascension_mode":false,"campfire_upgraded":1,"path_taken":["M","?","?","?","?","E","R","E","T","R","M","?","M","M","R","BOSS","M","?","?","M","M","R","M","M","T","R","E","M","?","?","R","BOSS","M","M","$","M","M","R","?","?","T","M"],"build_version":"2018-02-01-PROD3","purchased_purges":0,"victory":false,"master_deck":["Defend_G+1","Defend_G+1","Defend_G+1","Defend_G+1","Defend_G+1","Strike_G+1","Strike_G+1","Strike_G+1","Strike_G+1","Strike_G+1","Survivor","Neutralize","Quick Slash+1","Catalyst","Quick Slash","PiercingWail","Glass Knife","Backstab","Deadly Poison","Outmaneuver","Bouncing Flask+1","Die Die Die","Deadly Poison","Bane","Prepared","Endless Agony","Bane","Quick Slash+1","Apotheosis","Quick Slash+1","Doppelganger","Slice+1","Distraction+1","Infinite Blades","Dagger Spray","J.A.X.","Venomology","Poisoned Stab+1","Quick Slash","Deadly Poison","Dagger Spray+1"],"max_hp_per_floor":[70,70,70,70,70,70,70,70,70,70,70,70,70,70,70,70,70,70,70,70,70,70,70,70,70,70,70,70,70,70,70,70,70,70,70,70,70,70,70,70,70,70,70],"relics":["Ring of the Snake","Ancient Tea Set","Anchor","Golden Idol","Whetstone","Ginger","Thread and Needle","Orrery","Juzu Bracelet","Mercury Hourglass","Black Star","Snake Skull","Orichalcum"],"card_choices":[{"not_picked":["Eviscerate","After Image"],"picked":"Quick Slash"},{"not_picked":["Calculated Gamble","Well Laid Plans"],"picked":"Quick Slash"},{"not_picked":["Deflect","Escape Plan"],"picked":"PiercingWail"},{"not_picked":["Skewer","Outmaneuver"],"picked":"Glass Knife"},{"not_picked":["All Out Attack","Dagger Throw"],"picked":"Outmaneuver"},{"not_picked":["Quick Slash","Distraction"],"picked":"Bouncing Flask"},{"not_picked":["Tools of the Trade","Phantasmal Killer"],"picked":"Die Die Die"},{"not_picked":["Deflect","Riddle With Holes"],"picked":"Deadly Poison"},{"not_picked":["PiercingWail","Outmaneuver"],"picked":"Bane"},{"not_picked":["Dagger Throw","Caltrops"],"picked":"Prepared"},{"not_picked":["Malaise","Flying Knee"],"picked":"Endless Agony"},{"not_picked":["Skewer","Predator"],"picked":"Bane"},{"not_picked":["Acrobatics","Sucker Punch"],"picked":"Quick Slash"},{"not_picked":["Backflip","Riddle With Holes"],"picked":"Quick Slash"},{"not_picked":["Dagger Spray","Dagger Throw"],"picked":"Doppelganger"},{"not_picked":["Dagger Throw","Acrobatics"],"picked":"Slice"},{"not_picked":["Deadly Poison","Poisoned Stab"],"picked":"Distraction"},{"not_picked":["Footwork","Acrobatics"],"picked":"Infinite Blades"},{"not_picked":["Calculated Gamble","Malaise"],"picked":"Dagger Spray"},{"not_picked":["Glass Knife","Night Terror"],"picked":"Venomology"},{"not_picked":["Infinite Blades","Dagger Spray"],"picked":"Poisoned Stab"},{"not_picked":["Skewer","Prepared"],"picked":"Quick Slash"},{"not_picked":["PiercingWail","Dagger Throw"],"picked":"Deadly Poison"},{"not_picked":["Choke","Slice"],"picked":"Dagger Spray"}],"player_experience":105859,"potions_floor_usage":[6,16,22,24,33,33,33,35,36,36,38,38,38,39],"damage_taken":[{"damage":2,"enemies":"Blue Slaver","floor":1,"turns":5},{"damage":21,"enemies":"Gremlin Nob","floor":6,"turns":4},{"damage":26,"enemies":"3 Sentries","floor":8,"turns":11},{"damage":0,"enemies":"Small Slimes","floor":11,"turns":2},{"damage":0,"enemies":"Cultist","floor":13,"turns":2},{"damage":0,"enemies":"2 Fungi Beasts","floor":14,"turns":2},{"damage":15,"enemies":"Slime Boss","floor":16,"turns":12},{"damage":0,"enemies":"Chosen","floor":18,"turns":4},{"damage":5,"enemies":"2 Thieves","floor":21,"turns":3},{"damage":17,"enemies":"Slaver and Parasite","floor":22,"turns":4},{"damage":5,"enemies":"Centurion and Healer","floor":24,"turns":4},{"damage":16,"enemies":"Snake Plant","floor":25,"turns":3},{"damage":5,"enemies":"Book of Stabbing","floor":28,"turns":5},{"damage":9,"enemies":"Snecko","floor":29,"turns":5},{"damage":41,"enemies":"Automaton","floor":33,"turns":9},{"damage":21,"enemies":"3 Shapes","floor":35,"turns":4},{"damage":14,"enemies":"3 Darklings","floor":36,"turns":4},{"damage":37,"enemies":"Sphere and 2 Shapes","floor":38,"turns":6},{"damage":15,"enemies":"Maw","floor":39,"turns":6},{"damage":26,"enemies":"4 Shapes","floor":44,"turns":2}],"event_choices":[{"event_name":"Accursed Blacksmith","player_choice":"Rummage","floor":3,"damage_taken":0},{"event_name":"Golden Idol","player_choice":"Take Wound","floor":5,"damage_taken":0},{"event_name":"Back to Basics","player_choice":"Simplicity","floor":20,"damage_taken":0},{"event_name":"Fountain of Cleansing","player_choice":"Removed Curse","floor":30,"damage_taken":0},{"event_name":"Drug Dealer","player_choice":"Got JAXXED","floor":31,"damage_taken":0},{"event_name":"Mysterious Sphere","player_choice":"Ignore","floor":41,"damage_taken":0},{"event_name":"Purifier","player_choice":"Skipped","floor":42,"damage_taken":0}],"boss_relics":[{"not_picked":["Snecko Eye","Tiny House"],"picked":"Orrery"},{"not_picked":["Cursed Key","Velvet Choker"],"picked":"Black Star"}],"potions_floor_spawned":[1,11,13,16,21,22,24,28,35],"seed_played":"7208597601515966870","killed_by":"4 Shapes","ascension_level":0,"is_trial":false}