{"gold_per_floor":[116,135,152,172,183,183,213,213,213,44,44,69,69,96,96,167,167,183,183,183,198,198,198,213,128,196,196,196,228,228,254,254,330,330,342,67,67,27,27,27,27,53,53,80,80,100,100,100,100,100],"floor_reached":50,"playtime":2637,"items_purged":[],"score":1089,"play_id":"021706d5-3399-4f63-b2c1-5bcf11f42d90","local_time":"20190519031030","is_ascension_mode":true,"campfire_choices":[{"data":"True Grit","floor":6.0,"key":"SMITH"},{"data":"Demon Form","floor":8.0,"key":"SMITH"},{"floor":15.0,"key":"REST"},{"data":"Dark Embrace","floor":23.0,"key":"SMITH"},{"floor":27.0,"key":"REST"},{"data":"Limit Break","floor":32.0,"key":"SMITH"},{"data":"Double Tap","floor":40.0,"key":"SMITH"},{"data":"Heavy Blade","floor":45.0,"key":"SMITH"},{"floor":47,"key":"REST"},{"floor":49,"key":"RECALL"}],"neow_cost":"TEN_PERCENT_HP_LOSS","seed_source_timestamp":1935940455740314,"circlet_count":0,"master_deck":["AscendersBane","Thunderclap","True Grit+1","Demon Form+1","Dropkick","Feed","Dark Embrace+1","Disarm","Second Wind","Seeing Red","Double Tap+1","Offering","Shockwave+1","Limit Break+1","Feed","Clothesline+1","Body Slam+1","Feed+1","Heavy Blade+1","Headbutt+1","Intimidate","Madness","Madness"],"special_seed":0,"relics":["Burning Blood","Peace Pipe","Gremlin Horn","Pen Nib","Orichalcum","Juzu Bracelet","Bottled Lightning","Pandora\u0027s Box","Omamori","Mercury Hourglass","Centennial Puzzle","Strawberry","Astrolabe","Paper Frog","Regal Pillow","Calipers"],"potions_floor_usage":[46,50],"damage_taken":[{"damage":7.0,"enemies":"Cultist","floor":1.0,"turns":4.0},{"damage":2.0,"enemies":"2 Louse","floor":2.0,"turns":3.0},{"damage":9.0,"enemies":"Jaw Worm","floor":3.0,"turns":4.0},{"damage":20.0,"enemies":"Exordium Wildlife","floor":4.0,"turns":5.0},{"damage":16.0,"enemies":"Blue Slaver","floor":5.0,"turns":5.0},{"damage":18.0,"enemies":"Gremlin Nob","floor":7.0,"turns":3.0},{"damage":14.0,"enemies":"3 Sentries","floor":12.0,"turns":8.0},{"damage":4.0,"enemies":"Lagavulin","floor":14.0,"turns":6.0},{"damage":28.0,"enemies":"The Guardian","floor":16.0,"turns":11.0},{"damage":9.0,"enemies":"2 Thieves","floor":18.0,"turns":2.0},{"damage":0.0,"enemies":"3 Byrds","floor":21.0,"turns":3.0},{"damage":33.0,"enemies":"Shelled Parasite and Fungi","floor":24.0,"turns":4.0},{"damage":13.0,"enemies":"Gremlin Leader","floor":29.0,"turns":3.0},{"damage":28.0,"enemies":"Slavers","floor":31.0,"turns":4.0},{"damage":18.0,"enemies":"Automaton","floor":33.0,"turns":5.0},{"damage":2.0,"enemies":"Orb Walker","floor":35.0,"turns":2.0},{"damage":42.0,"enemies":"Nemesis","floor":42.0,"turns":5.0},{"damage":7.0,"enemies":"Giant Head","floor":44.0,"turns":4.0},{"damage":41,"enemies":"3 Darklings","floor":46,"turns":5},{"damage":52,"enemies":"Time Eater","floor":50,"turns":5}],"seed_played":"2662061507279036574","potions_obtained":[{"floor":1.0,"key":"Regen Potion"},{"floor":3.0,"key":"AttackPotion"},{"floor":4.0,"key":"SteroidPotion"},{"floor":12.0,"key":"EssenceOfSteel"},{"floor":29.0,"key":"Weak Potion"},{"floor":31.0,"key":"Poison Potion"},{"floor":35.0,"key":"Ancient Potion"},{"floor":38.0,"key":"GamblersBrew"},{"floor":42.0,"key":"PowerPotion"},{"floor":46,"key":"BloodPotion"}],"is_trial":false,"path_per_floor":["M","M","M","M","M","R","E","R","T","$","?","E","?","E","R","B",null,"M","?","?","M","?","R","M","?","T","R","?","E","?","E","R","B",null,"M","$","?","?","?","R","?","E","T","E","R","M","R","?","R","B"],"character_chosen":"IRONCLAD","items_purchased":["Orichalcum","Paper Frog"],"campfire_rested":3,"item_purchase_floors":[10,36],"current_hp_per_floor":[67,68,65,51,41,41,29,29,29,29,9,16,16,18,38,16,55,55,55,55,64,64,64,40,40,40,63,63,59,59,47,47,38,79,86,86,86,86,86,86,86,50,50,52,52,21,66,47,47,5],"gold":100,"neow_bonus":"ONE_RARE_RELIC","is_prod":false,"is_daily":false,"chose_seed":false,"campfire_upgraded":6,"win_rate":0,"timestamp":1558203030,"path_taken":["M","M","M","M","M","R","E","R","T","?","?","E","?","E","R","BOSS","M","?","?","M","?","R","M","?","T","R","?","E","?","E","R","BOSS","M","$","?","?","?","R","?","E","T","E","R","M","R","?","R","BOSS"],"build_version":"2019-05-07","purchased_purges":0,"victory":false,"max_hp_per_floor":[68,68,68,68,68,68,68,68,68,68,68,68,68,68,68,68,68,71,71,71,74,74,74,77,77,77,77,77,80,80,90,90,93,93,96,96,96,96,96,96,96,96,96,99,99,103,103,103,103,103],"card_choices":[{"not_picked":["Hemokinesis","Cleave"],"picked":"Thunderclap","floor":1.0},{"not_picked":["Infernal Blade","Sever Soul"],"picked":"Pommel Strike","floor":2.0},{"not_picked":["Hemokinesis","Sword Boomerang","Sentinel"],"picked":"SKIP","floor":3.0},{"not_picked":["Sentinel","Wild Strike"],"picked":"True Grit","floor":4.0},{"not_picked":["Perfected Strike","Headbutt"],"picked":"Cleave","floor":5.0},{"not_picked":["Bloodletting","Brutality"],"picked":"Demon Form","floor":7.0},{"not_picked":["Clash","Feel No Pain"],"picked":"Flame Barrier","floor":12.0},{"not_picked":["Warcry","Corruption"],"picked":"Dropkick","floor":14.0},{"not_picked":["Immolate","Double Tap"],"picked":"Feed","floor":16.0},{"not_picked":["Dual Wield","Havoc"],"picked":"Shockwave+1","floor":18.0},{"not_picked":["Perfected Strike","Bloodletting","Clash"],"picked":"SKIP","floor":21.0},{"not_picked":["Metallicize","Havoc","Perfected Strike"],"picked":"SKIP","floor":24.0},{"not_picked":["Bloodletting","Clothesline","Immolate"],"picked":"SKIP","floor":29.0},{"not_picked":["Shrug It Off","Clothesline","Hemokinesis"],"picked":"SKIP","floor":31.0},{"not_picked":["Barricade","Brutality"],"picked":"Feed","floor":33.0},{"not_picked":["Flex+1","Twin Strike"],"picked":"Heavy Blade","floor":35.0},{"not_picked":["Anger","Thunderclap"],"picked":"Headbutt+1","floor":42.0},{"not_picked":["Infernal Blade","Flex"],"picked":"Intimidate","floor":44.0},{"not_picked":["Clash","Bloodletting","Havoc"],"picked":"SKIP","floor":46}],"player_experience":3279598,"relics_obtained":[{"floor":7.0,"key":"Gremlin Horn"},{"floor":9.0,"key":"Pen Nib"},{"floor":12.0,"key":"Juzu Bracelet"},{"floor":14.0,"key":"Bottled Lightning"},{"floor":26.0,"key":"Mercury Hourglass"},{"floor":29.0,"key":"Centennial Puzzle"},{"floor":31.0,"key":"Strawberry"},{"floor":42.0,"key":"Regal Pillow"},{"floor":44.0,"key":"Calipers"}],"event_choices":[{"damage_healed":0.0,"max_hp_gain":0.0,"max_hp_loss":0.0,"gold_gain":0.0,"event_name":"Shining Light","player_choice":"Entered Light","floor":11.0,"gold_loss":0.0,"damage_taken":20.0,"cards_upgraded":["Defend_R","Defend_R"]},{"damage_healed":0.0,"max_hp_gain":0.0,"max_hp_loss":0.0,"gold_gain":0.0,"event_name":"Golden Wing","player_choice":"Ignored","floor":13.0,"gold_loss":0.0,"damage_taken":0.0},{"damage_healed":0.0,"max_hp_gain":0.0,"max_hp_loss":0.0,"gold_gain":0.0,"event_name":"The Mausoleum","player_choice":"Ignored","floor":19.0,"gold_loss":0.0,"damage_taken":0.0},{"damage_healed":0.0,"max_hp_gain":0.0,"max_hp_loss":0.0,"gold_gain":0.0,"cards_transformed":["Wild Strike","Bash"],"event_name":"Drug Dealer","player_choice":"Became Test Subject","floor":20.0,"gold_loss":0.0,"damage_taken":0.0,"cards_obtained":["Limit Break","Brutality"]},{"cards_removed":["Clash"],"damage_healed":0.0,"max_hp_gain":0.0,"max_hp_loss":0.0,"gold_gain":0.0,"event_name":"Purifier","player_choice":"Purged","floor":22.0,"gold_loss":0.0,"damage_taken":0.0},{"damage_healed":0.0,"max_hp_gain":0.0,"max_hp_loss":0.0,"gold_gain":0.0,"event_name":"Addict","player_choice":"Obtained Relic","floor":25.0,"gold_loss":85.0,"damage_taken":0.0,"relics_obtained":["Omamori"]},{"cards_removed":["Iron Wave"],"damage_healed":0.0,"max_hp_gain":0.0,"max_hp_loss":0.0,"gold_gain":0.0,"event_name":"Back to Basics","player_choice":"Elegance","floor":28.0,"gold_loss":0.0,"damage_taken":0.0},{"damage_healed":0.0,"max_hp_gain":0.0,"max_hp_loss":0.0,"gold_gain":0.0,"event_name":"Ghosts","player_choice":"Ignored","floor":30.0,"gold_loss":0.0,"damage_taken":0.0},{"damage_healed":0.0,"max_hp_gain":0.0,"max_hp_loss":0.0,"gold_gain":0.0,"event_name":"Mysterious Sphere","player_choice":"Ignored","floor":37.0,"gold_loss":0.0,"damage_taken":0.0},{"damage_healed":0.0,"max_hp_gain":0.0,"max_hp_loss":0.0,"gold_gain":0.0,"event_name":"The Woman in Blue","player_choice":"Bought 3 Potions","floor":38.0,"gold_loss":0.0,"damage_taken":0.0},{"cards_removed":["Brutality"],"damage_healed":0.0,"max_hp_gain":0.0,"max_hp_loss":0.0,"gold_gain":0.0,"event_name":"Falling","player_choice":"Removed Power","floor":39.0,"gold_loss":0.0,"damage_taken":0.0},{"damage_healed":0.0,"max_hp_gain":0.0,"max_hp_loss":0.0,"gold_gain":0.0,"event_name":"SecretPortal","player_choice":"Ignored","floor":41.0,"gold_loss":0.0,"damage_taken":0.0},{"damage_healed":0,"gold_gain":0,"player_choice":"Embrace Madness","damage_taken":19,"max_hp_gain":0,"max_hp_loss":0,"event_name":"Winding Halls","floor":48,"gold_loss":0,"cards_obtained":["Madness","Madness"]}],"is_beta":true,"boss_relics":[{"not_picked":["Coffee Dripper","Runic Cube"],"picked":"Pandora\u0027s Box"},{"not_picked":["Black Star","Fusion Hammer"],"picked":"Astrolabe"}],"items_purged_floors":[],"is_endless":false,"potions_floor_spawned":[1,3,4,12,29,31,35,42,46],"killed_by":"Time Eater","ascension_level":17}