{"gold_per_floor":[112,29,46,57,69,101,160,191,191,191,221,234,253,263,263,340,340,352,352,352,4,22,54,54,87,87,103,115,115,3,17,17,91,91,105,121,134,134,26,26,51,68,95,130,148,148,163,198,198,198],"floor_reached":51,"playtime":5846,"items_purged":[],"score":1881,"play_id":"737120ec-3f0e-4f27-9dfc-71d6c8889349","local_time":"20190528204811","is_ascension_mode":true,"campfire_choices":[{"floor":10,"key":"REST"},{"floor":15,"key":"REST"},{"data":"Corruption","floor":24,"key":"SMITH"},{"data":"Inflame","floor":32,"key":"SMITH"},{"data":"Jack Of All Trades","floor":40,"key":"SMITH"},{"data":"Rupture","floor":46,"key":"SMITH"},{"data":"Pommel Strike","floor":49,"key":"SMITH"}],"neow_cost":"NONE","seed_source_timestamp":189861716811292,"circlet_count":0,"master_deck":["AscendersBane","Strike_R+1","Strike_R+1","Strike_R+1","Strike_R+1","Strike_R+1","Defend_R+1","Defend_R+1","Defend_R+1","Defend_R+1","Bash","Battle Trance","Shrug It Off","Metallicize","Clothesline","Dropkick","Infernal Blade","Uppercut","Shrug It Off","Combust","Pommel Strike+1","Limit Break","Corruption+1","Shrug It Off","Disarm","Berserk","Rupture+1","Body Slam","Feed","Infernal Blade","Inflame+1","Shrug It Off","Sentinel","Body Slam","Rupture","Rupture","Shockwave","Headbutt","Sword Boomerang","Jack Of All Trades+1","Blood for Blood+1","Spot Weakness","Offering","Pommel Strike+1","Rupture","Shrug It Off"],"relics":["Burning Blood","Orichalcum","Ginger","Mummified Hand","Potion Belt","Blue Candle","Happy Flower","Snecko Eye","Strange Spoon","Bird Faced Urn","Bottled Tornado","Self Forming Clay","Orrery","Molten Egg 2","Red Skull","Gremlin Horn","Vajra"],"potions_floor_usage":[6,6,8,23,37,42,44,50,50,50,50,50,50],"damage_taken":[{"damage":6,"enemies":"Cultist","floor":1,"turns":4},{"damage":6,"enemies":"Jaw Worm","floor":3,"turns":3},{"damage":0,"enemies":"2 Louse","floor":4,"turns":2},{"damage":0,"enemies":"2 Fungi Beasts","floor":5,"turns":4},{"damage":15,"enemies":"Gremlin Nob","floor":6,"turns":6},{"damage":18,"enemies":"Gremlin Nob","floor":7,"turns":5},{"damage":8,"enemies":"3 Sentries","floor":8,"turns":10},{"damage":24,"enemies":"Gremlin Nob","floor":11,"turns":5},{"damage":1,"enemies":"Exordium Thugs","floor":12,"turns":4},{"damage":11,"enemies":"Lots of Slimes","floor":13,"turns":5},{"damage":13,"enemies":"Large Slime","floor":14,"turns":3},{"damage":62,"enemies":"The Guardian","floor":16,"turns":11},{"damage":1,"enemies":"Spheric Guardian","floor":18,"turns":3},{"damage":3,"enemies":"2 Thieves","floor":22,"turns":4},{"damage":2,"enemies":"Book of Stabbing","floor":23,"turns":4},{"damage":9,"enemies":"Slavers","floor":25,"turns":5},{"damage":0,"enemies":"Centurion and Healer","floor":27,"turns":5},{"damage":3,"enemies":"Cultist and Chosen","floor":28,"turns":5},{"damage":2,"enemies":"Snecko","floor":31,"turns":3},{"damage":3,"enemies":"Automaton","floor":33,"turns":6},{"damage":3,"enemies":"3 Darklings","floor":35,"turns":5},{"damage":0,"enemies":"Orb Walker","floor":36,"turns":2},{"damage":9,"enemies":"Transient","floor":37,"turns":6},{"damage":3,"enemies":"Nemesis","floor":41,"turns":7},{"damage":17,"enemies":"3 Darklings","floor":42,"turns":5},{"damage":36,"enemies":"Reptomancer","floor":44,"turns":5},{"damage":7,"enemies":"Spire Growth","floor":45,"turns":4},{"damage":11,"enemies":"Transient","floor":47,"turns":6},{"damage":3,"enemies":"Giant Head","floor":48,"turns":4},{"damage":15,"enemies":"Time Eater","floor":50,"turns":5}],"seed_played":"-912119331826433105","potions_obtained":[{"floor":1,"key":"EssenceOfSteel"},{"floor":3,"key":"Weak Potion"},{"floor":7,"key":"SkillPotion"},{"floor":11,"key":"FearPotion"},{"floor":14,"key":"SkillPotion"},{"floor":16,"key":"Weak Potion"},{"floor":25,"key":"SteroidPotion"},{"floor":28,"key":"SteroidPotion"},{"floor":31,"key":"EssenceOfSteel"},{"floor":36,"key":"Fire Potion"},{"floor":41,"key":"PowerPotion"},{"floor":42,"key":"Explosive Potion"},{"floor":45,"key":"PowerPotion"},{"floor":48,"key":"EntropicBrew"}],"is_trial":false,"path_per_floor":["M","$","M","M","M","E","?","E","T","R","E","M","M","M","R","B",null,"M","?","?","$","M","E","R","E","T","M","M","?","$","M","R","B",null,"M","M","M","?","$","R","E","M","T","E","M","R","M","E","R","B",null],"character_chosen":"IRONCLAD","items_purchased":["Battle Trance","Corruption","Strange Spoon","Shrug It Off","Inflame","Shrug It Off","Jack Of All Trades"],"campfire_rested":2,"item_purchase_floors":[2,21,21,21,30,30,39],"current_hp_per_floor":[68,68,68,74,75,66,54,52,52,74,56,61,56,49,71,15,60,65,65,65,65,68,72,72,72,72,75,75,75,75,75,75,78,78,78,78,78,78,78,78,78,78,78,61,68,68,79,81,81,76],"gold":198,"neow_bonus":"RANDOM_COMMON_RELIC","is_prod":false,"is_daily":false,"chose_seed":false,"campfire_upgraded":5,"win_rate":0,"timestamp":1559065691,"path_taken":["M","$","?","M","M","E","?","E","T","R","E","M","M","M","R","BOSS","M","?","?","$","M","E","R","E","T","M","M","?","$","M","R","BOSS","M","M","M","?","$","R","E","M","T","E","M","R","?","E","R","BOSS"],"build_version":"2019-01-23","purchased_purges":0,"victory":true,"max_hp_per_floor":[75,75,75,75,75,75,75,75,75,75,75,75,75,75,75,75,75,75,75,75,75,75,75,75,75,75,75,75,75,75,75,75,78,78,78,78,78,78,78,78,78,81,81,81,81,81,81,81,81,81],"card_choices":[{"not_picked":["Twin Strike","Thunderclap","Clash"],"picked":"SKIP","floor":1},{"not_picked":["Armaments","Power Through"],"picked":"Shrug It Off","floor":3},{"not_picked":["Barricade","Flex"],"picked":"Metallicize","floor":4},{"not_picked":["Sword Boomerang","Combust"],"picked":"Clothesline","floor":5},{"not_picked":["Inflame","Blood for Blood"],"picked":"Dropkick","floor":6},{"not_picked":["Heavy Blade","Bloodletting"],"picked":"Infernal Blade","floor":8},{"not_picked":["Clothesline","Wild Strike"],"picked":"Uppercut","floor":11},{"not_picked":["Thunderclap","Wild Strike"],"picked":"Shrug It Off","floor":12},{"not_picked":["Armaments","Anger"],"picked":"Combust","floor":13},{"not_picked":["Burning Pact","Pummel"],"picked":"Pommel Strike","floor":14},{"not_picked":["Double Tap","Exhume"],"picked":"Limit Break","floor":16},{"not_picked":["Clash","True Grit","Cleave"],"picked":"SKIP","floor":18},{"not_picked":["Clothesline","Heavy Blade+1"],"picked":"Disarm","floor":22},{"not_picked":["Pummel","Cleave"],"picked":"Berserk","floor":23},{"not_picked":["Blood for Blood","Body Slam"],"picked":"Rupture","floor":25},{"not_picked":["Iron Wave","Shrug It Off"],"picked":"Body Slam","floor":27},{"not_picked":["Warcry","Cleave"],"picked":"Feed","floor":28},{"not_picked":["Havoc","True Grit"],"picked":"Sentinel","floor":31},{"not_picked":["Immolate","Reaper"],"picked":"Feed","floor":33},{"not_picked":["Flex+1","Cleave"],"picked":"Body Slam","floor":34},{"not_picked":["Body Slam","Clash"],"picked":"Rupture","floor":34},{"not_picked":["Havoc","Anger"],"picked":"Rupture","floor":34},{"not_picked":["Fiend Fire","True Grit","Iron Wave+1"],"picked":"SKIP","floor":35},{"not_picked":["Cleave+1","Heavy Blade+1"],"picked":"Shockwave","floor":36},{"not_picked":["Clothesline","Reckless Charge+1"],"picked":"Headbutt","floor":37},{"not_picked":["Wild Strike","Twin Strike+1"],"picked":"Blood for Blood","floor":41},{"not_picked":["Clash+1","Second Wind"],"picked":"Spot Weakness","floor":42},{"not_picked":["Shrug It Off+1","Bloodletting"],"picked":"Offering","floor":44},{"not_picked":["Ghostly Armor","Thunderclap+1"],"picked":"Pommel Strike+1","floor":45},{"not_picked":["Armaments","Carnage+1"],"picked":"Rupture","floor":47},{"not_picked":["Spot Weakness","Corruption"],"picked":"Shrug It Off","floor":48}],"player_experience":1418023,"relics_obtained":[{"floor":6,"key":"Ginger"},{"floor":7,"key":"Mummified Hand"},{"floor":8,"key":"Potion Belt"},{"floor":9,"key":"Blue Candle"},{"floor":11,"key":"Happy Flower"},{"floor":23,"key":"Bird Faced Urn"},{"floor":25,"key":"Bottled Tornado"},{"floor":26,"key":"Self Forming Clay"},{"floor":41,"key":"Molten Egg 2"},{"floor":43,"key":"Red Skull"},{"floor":44,"key":"Gremlin Horn"},{"floor":48,"key":"Vajra"}],"event_choices":[{"damage_healed":0,"gold_gain":0,"player_choice":"Searched \u00271\u0027 times","damage_taken":0,"max_hp_gain":0,"max_hp_loss":0,"event_name":"Dead Adventurer","floor":7,"gold_loss":0},{"damage_healed":0,"gold_gain":0,"player_choice":"Simplicity","damage_taken":0,"max_hp_gain":0,"max_hp_loss":0,"event_name":"Back to Basics","floor":19,"gold_loss":0,"cards_upgraded":["Strike_R","Strike_R","Strike_R","Strike_R","Strike_R","Defend_R","Defend_R","Defend_R","Defend_R"]},{"damage_healed":0,"gold_gain":0,"player_choice":"Copied","damage_taken":0,"max_hp_gain":0,"max_hp_loss":0,"event_name":"Duplicator","floor":29,"gold_loss":0,"cards_obtained":["Infernal Blade"]},{"damage_healed":0,"gold_gain":0,"cards_transformed":["Feed"],"player_choice":"Transformed","damage_taken":0,"max_hp_gain":0,"max_hp_loss":0,"event_name":"Transmorgrifier","floor":38,"gold_loss":0,"cards_obtained":["Sword Boomerang"]}],"is_beta":false,"boss_relics":[{"not_picked":["Black Blood","Runic Dome"],"picked":"Snecko Eye"},{"not_picked":["Astrolabe","Runic Cube"],"picked":"Orrery"}],"items_purged_floors":[],"is_endless":false,"potions_floor_spawned":[1,3,7,11,14,16,25,28,31,33,36,41,42,45,48],"ascension_level":19}