{"gold_per_floor":[116,116,45,45,59,59,24,40,40,51,51,76,96,108,108,179,179,197,197,197,62,78,78,90,90,90,109,109,34,34,34,34,34],"floor_reached":33,"playtime":1239,"items_purged":[],"score":429,"play_id":"7fe25e39-42bf-42a6-a443-cb9b5b698fc8","local_time":"20181207154315","is_ascension_mode":true,"campfire_choices":[{"data":"Shrug It Off","floor":6.0,"key":"SMITH"},{"data":"Bash","floor":11.0,"key":"SMITH"},{"floor":15.0,"key":"REST"},{"data":"Demon Form","floor":23.0,"key":"SMITH"},{"data":"J.A.X.","floor":25.0,"key":"SMITH"},{"floor":32.0,"key":"REST"}],"neow_cost":"PERCENT_DAMAGE","seed_source_timestamp":314406163771811,"circlet_count":0,"master_deck":["AscendersBane","Strike_R","Strike_R","Strike_R","Strike_R","Strike_R","Bash+1","Perfected Strike+1","Shrug It Off+1","Flex","Shrug It Off","Dropkick","Twin Strike","Iron Wave","Twin Strike","Clothesline","Perfected Strike","Reaper","Pommel Strike","J.A.X.+1","Demon Form+1","Twin Strike","Battle Trance+1"],"special_seed":0,"relics":["Burning Blood","Singing Bowl","Bronze Scales","Empty Cage","Juzu Bracelet"],"potions_floor_usage":[],"damage_taken":[{"damage":2.0,"enemies":"Small Slimes","floor":1.0,"turns":4.0},{"damage":4.0,"enemies":"Jaw Worm","floor":5.0,"turns":2.0},{"damage":0.0,"enemies":"Cultist","floor":8.0,"turns":2.0},{"damage":13.0,"enemies":"Exordium Wildlife","floor":10.0,"turns":5.0},{"damage":25.0,"enemies":"3 Sentries","floor":12.0,"turns":7.0},{"damage":6.0,"enemies":"Looter","floor":13.0,"turns":2.0},{"damage":10.0,"enemies":"Large Slime","floor":14.0,"turns":4.0},{"damage":13.0,"enemies":"Slime Boss","floor":16.0,"turns":6.0},{"damage":14.0,"enemies":"2 Thieves","floor":18.0,"turns":3.0},{"damage":47.0,"enemies":"Colosseum Slavers","floor":20.0,"turns":5.0},{"damage":7.0,"enemies":"3 Byrds","floor":22.0,"turns":3.0},{"damage":51.0,"enemies":"Centurion and Healer","floor":24.0,"turns":6.0},{"damage":27.0,"enemies":"Sentry and Sphere","floor":27.0,"turns":4.0},{"damage":109,"enemies":"Automaton","floor":33,"turns":6}],"seed_played":"6410987359032073130","potions_obtained":[{"floor":1.0,"key":"Energy Potion"},{"floor":5.0,"key":"AttackPotion"},{"floor":12.0,"key":"Swift Potion"},{"floor":14.0,"key":"FearPotion"},{"floor":18.0,"key":"Block Potion"},{"floor":22.0,"key":"SkillPotion"},{"floor":24.0,"key":"GamblersBrew"}],"is_trial":false,"path_per_floor":["M","?","$","?","M","R","$","M","T","M","R","E","M","M","R","B",null,"M","?","?","$","M","R","M","R","T","M","?","?","?","?","R","B"],"character_chosen":"IRONCLAD","items_purchased":["Shrug It Off","Flex","Dropkick","Demon Form"],"campfire_rested":2,"item_purchase_floors":[3,3,7,21],"current_hp_per_floor":[68,61,61,61,63,63,63,69,69,62,62,43,43,39,65,58,81,73,73,42,42,43,43,35,35,35,25,25,25,25,25,52,0],"gold":34,"neow_bonus":"TWENTY_PERCENT_HP_BONUS","is_prod":false,"is_daily":false,"chose_seed":false,"campfire_upgraded":4,"win_rate":0,"timestamp":1544164995,"path_taken":["M","?","$","?","M","R","$","?","T","M","R","E","M","M","R","BOSS","M","?","?","$","M","R","M","R","T","M","?","?","?","?","R","BOSS"],"build_version":"2018-12-06","purchased_purges":0,"victory":false,"max_hp_per_floor":[89,89,89,89,89,89,89,89,89,89,89,89,89,89,89,89,89,89,89,89,89,89,89,89,89,89,91,91,91,91,91,91,91],"card_choices":[{"not_picked":["Clothesline","Heavy Blade"],"picked":"Perfected Strike","floor":1.0},{"not_picked":["Anger","Clash"],"picked":"Shrug It Off","floor":5.0},{"not_picked":["Flex","Hemokinesis"],"picked":"Twin Strike","floor":8.0},{"not_picked":["Clash","Wild Strike"],"picked":"Iron Wave","floor":10.0},{"not_picked":["Metallicize","True Grit"],"picked":"Twin Strike","floor":12.0},{"not_picked":["Entrench","Havoc"],"picked":"Clothesline","floor":13.0},{"not_picked":["Sword Boomerang","Rupture"],"picked":"Perfected Strike","floor":14.0},{"not_picked":["Brutality","Exhume"],"picked":"Reaper","floor":16.0},{"not_picked":["Armaments","Cleave"],"picked":"Pommel Strike","floor":18.0},{"not_picked":["Heavy Blade","Pommel Strike"],"picked":"Twin Strike","floor":22.0},{"not_picked":["Inflame","Rampage"],"picked":"Battle Trance+1","floor":24.0},{"not_picked":["Rampage","Pommel Strike","Twin Strike"],"picked":"Singing Bowl","floor":27.0}],"player_experience":2529211,"relics_obtained":[{"floor":9.0,"key":"Singing Bowl"},{"floor":12.0,"key":"Bronze Scales"},{"floor":26.0,"key":"Juzu Bracelet"}],"event_choices":[{"cards_removed":["Defend_R"],"damage_healed":0.0,"max_hp_gain":0.0,"max_hp_loss":0.0,"gold_gain":0.0,"event_name":"Golden Wing","player_choice":"Card Removal","floor":2.0,"gold_loss":0.0,"damage_taken":7.0},{"damage_healed":0.0,"max_hp_gain":0.0,"max_hp_loss":0.0,"gold_gain":0.0,"event_name":"Upgrade Shrine","player_choice":"Upgraded","floor":4.0,"gold_loss":0.0,"damage_taken":0.0,"cards_upgraded":["Perfected Strike"]},{"damage_healed":0.0,"max_hp_gain":0.0,"max_hp_loss":0.0,"gold_gain":0.0,"event_name":"Drug Dealer","player_choice":"Obtain J.A.X.","floor":19.0,"gold_loss":0.0,"damage_taken":0.0,"cards_obtained":["J.A.X."]},{"damage_healed":0.0,"max_hp_gain":0.0,"max_hp_loss":0.0,"gold_gain":0.0,"event_name":"Colosseum","player_choice":"Fight","floor":20.0,"gold_loss":0.0,"damage_taken":0.0},{"damage_healed":0.0,"max_hp_gain":0.0,"max_hp_loss":0.0,"gold_gain":0.0,"event_name":"Colosseum","player_choice":"Fled From Nobs","floor":20.0,"gold_loss":0.0,"damage_taken":0.0},{"damage_healed":0.0,"max_hp_gain":0.0,"max_hp_loss":0.0,"gold_gain":0.0,"event_name":"Vampires","player_choice":"Ignored","floor":28.0,"gold_loss":0.0,"damage_taken":0.0},{"cards_removed":["Defend_R"],"damage_healed":0.0,"max_hp_gain":0.0,"max_hp_loss":0.0,"gold_gain":0.0,"event_name":"Beggar","player_choice":"Gave Gold","floor":29.0,"gold_loss":75.0,"damage_taken":0.0},{"damage_healed":0.0,"max_hp_gain":0.0,"max_hp_loss":0.0,"gold_gain":0.0,"event_name":"The Mausoleum","player_choice":"Ignored","floor":30.0,"gold_loss":0.0,"damage_taken":0.0},{"damage_healed":0.0,"max_hp_gain":0.0,"max_hp_loss":0.0,"gold_gain":0.0,"event_name":"Ghosts","player_choice":"Ignored","floor":31.0,"gold_loss":0.0,"damage_taken":0.0}],"is_beta":true,"boss_relics":[{"not_picked":["Coffee Dripper","Fusion Hammer"],"picked":"Empty Cage"}],"items_purged_floors":[],"is_endless":false,"potions_floor_spawned":[1,5,12,14,18,22,24],"killed_by":"Automaton","ascension_level":15}