{"gold_per_floor":[113,133,133,144,219,251,251,269,317,317,287,302,302,327,327,425,425,441,441,441,8,18,18,48,48],"floor_reached":25,"playtime":1393,"items_purged":[],"score":366,"play_id":"6f6eea1b-f047-4088-8aed-683ca6037ee4","local_time":"20190506130051","is_ascension_mode":true,"campfire_choices":[{"data":"Infernal Blade","floor":7,"key":"SMITH"},{"floor":10,"key":"REST"},{"data":"Pommel Strike","floor":13,"key":"SMITH"},{"floor":15,"key":"REST"},{"floor":23,"key":"REST"}],"neow_cost":"NONE","seed_source_timestamp":2142874078075083,"circlet_count":0,"master_deck":["AscendersBane","Strike_R+1","Strike_R+1","Strike_R+1","Strike_R+1","Defend_R+1","Defend_R+1","Defend_R+1","Defend_R+1","Bash","Spot Weakness","Headbutt","Cleave","Infernal Blade+1","Clash","Pommel Strike+1","Spot Weakness","Body Slam","Seeing Red","Feed","Evolve","Dramatic Entrance","Dropkick","Pummel"],"relics":["Burning Blood","NeowsBlessing","Kunai","Dream Catcher","Happy Flower","Mark of Pain","Singing Bowl","PreservedInsect"],"potions_floor_usage":[6,8,14,16,22],"damage_taken":[{"damage":0,"enemies":"Jaw Worm","floor":1,"turns":1},{"damage":0,"enemies":"Cultist","floor":2,"turns":1},{"damage":0,"enemies":"Small Slimes","floor":4,"turns":1},{"damage":40,"enemies":"Lagavulin","floor":6,"turns":6},{"damage":9,"enemies":"Exordium Wildlife","floor":8,"turns":3},{"damage":12,"enemies":"Exordium Thugs","floor":12,"turns":5},{"damage":2,"enemies":"Gremlin Nob","floor":14,"turns":3},{"damage":36,"enemies":"The Guardian","floor":16,"turns":11},{"damage":27,"enemies":"Shell Parasite","floor":18,"turns":5},{"damage":17,"enemies":"3 Byrds","floor":22,"turns":5},{"damage":64,"enemies":"Gremlin Leader","floor":24,"turns":8},{"damage":14,"enemies":"Centurion and Healer","floor":25,"turns":1}],"seed_played":"8930297850204982258","potions_obtained":[{"floor":1,"key":"GamblersBrew"},{"floor":4,"key":"Regen Potion"},{"floor":8,"key":"Ancient Potion"},{"floor":11,"key":"Block Potion"},{"floor":14,"key":"Weak Potion"},{"floor":18,"key":"Poison Potion"},{"floor":24,"key":"Strength Potion"}],"is_trial":false,"path_per_floor":["M","M","$","M","?","E","R","M","T","R","?","M","R","E","R","B",null,"M","?","?","$","M","R","E","M"],"character_chosen":"IRONCLAD","items_purchased":["Dramatic Entrance","Dropkick","Singing Bowl"],"campfire_rested":3,"item_purchase_floors":[21,21,21],"current_hp_per_floor":[78,80,80,80,69,47,47,44,44,68,68,62,62,66,80,50,73,52,52,52,52,44,70,14,0],"gold":48,"neow_bonus":"THREE_ENEMY_KILL","is_prod":false,"is_daily":false,"chose_seed":false,"campfire_upgraded":2,"win_rate":0,"timestamp":1557136851,"path_taken":["M","M","$","M","?","E","R","M","T","R","?","?","R","E","R","BOSS","M","?","?","$","?","R","E","M"],"build_version":"2019-01-23","purchased_purges":0,"victory":false,"max_hp_per_floor":[80,80,80,80,80,80,80,80,80,80,80,80,80,80,80,80,80,80,80,80,80,83,85,87,87],"card_choices":[{"not_picked":["Flex","Thunderclap"],"picked":"Spot Weakness","floor":1},{"not_picked":["Shrug It Off","Flame Barrier"],"picked":"Headbutt","floor":2},{"not_picked":["Thunderclap","Battle Trance"],"picked":"Cleave","floor":4},{"not_picked":["Pommel Strike","Havoc"],"picked":"Infernal Blade","floor":6},{"not_picked":["Combust","Clothesline"],"picked":"Clash","floor":8},{"not_picked":["Heavy Blade","Intimidate"],"picked":"Pommel Strike","floor":10},{"not_picked":["Limit Break","Sentinel"],"picked":"Spot Weakness","floor":12},{"not_picked":["Armaments","Anger"],"picked":"Body Slam","floor":14},{"not_picked":["Thunderclap","Havoc"],"picked":"Seeing Red","floor":15},{"not_picked":["Demon Form","Impervious"],"picked":"Feed","floor":16},{"not_picked":["Headbutt","Twin Strike"],"picked":"Evolve","floor":18},{"not_picked":["Bloodletting","Anger"],"picked":"Pummel","floor":22},{"not_picked":["Anger","Sentinel+1","Flex"],"picked":"Singing Bowl","floor":23},{"not_picked":["Power Through","Whirlwind","Shockwave"],"picked":"Singing Bowl","floor":24}],"player_experience":1296952,"relics_obtained":[{"floor":6,"key":"Kunai"},{"floor":9,"key":"Dream Catcher"},{"floor":14,"key":"Happy Flower"},{"floor":24,"key":"PreservedInsect"}],"event_choices":[{"damage_healed":0,"gold_gain":75,"player_choice":"Gather Gold","damage_taken":11,"max_hp_gain":0,"max_hp_loss":0,"event_name":"World of Goop","floor":5,"gold_loss":0},{"damage_healed":0,"gold_gain":0,"player_choice":"Bought 2 Potions","damage_taken":0,"max_hp_gain":0,"max_hp_loss":0,"event_name":"The Woman in Blue","floor":11,"gold_loss":0},{"damage_healed":0,"gold_gain":0,"player_choice":"Simplicity","damage_taken":0,"max_hp_gain":0,"max_hp_loss":0,"event_name":"Back to Basics","floor":19,"gold_loss":0,"cards_upgraded":["Strike_R","Strike_R","Strike_R","Strike_R","Strike_R","Defend_R","Defend_R","Defend_R","Defend_R"]},{"cards_removed":["Strike_R"],"damage_healed":0,"gold_gain":0,"player_choice":"Offered Basic","damage_taken":0,"max_hp_gain":0,"max_hp_loss":0,"event_name":"Bonfire Elementals","floor":20,"gold_loss":0}],"is_beta":false,"boss_relics":[{"not_picked":["Runic Pyramid","Orrery"],"picked":"Mark of Pain"}],"items_purged_floors":[],"is_endless":false,"potions_floor_spawned":[1,4,8,14,18,24],"killed_by":"Centurion and Healer","ascension_level":12}