{"gold_per_floor":[117,137,137,62,73,73,91,108,134,159,159,178,178,193,193,265,265,275,289,289,46,57,57,87,87,87,87],"floor_reached":27,"playtime":1257,"items_purged":["Strike_R"],"score":425,"play_id":"e57ac94d-f7aa-4422-ac99-5e55f04a2eaa","local_time":"20190210110025","is_ascension_mode":true,"campfire_choices":[{"data":"Hemokinesis","floor":6.0,"key":"SMITH"},{"data":"Rupture","floor":11.0,"key":"SMITH"},{"data":"Armaments","floor":13.0,"key":"SMITH"},{"data":"Battle Trance","floor":15.0,"key":"SMITH"},{"floor":23,"key":"REST"},{"floor":25,"key":"REST"}],"neow_cost":"NONE","seed_source_timestamp":2664059655996422,"circlet_count":0,"master_deck":["AscendersBane","Defend_R","Defend_R","Defend_R","Defend_R","Bash","Clothesline","Rage","Hemokinesis+1","Armaments+1","Battle Trance+1","Rupture+1","Pummel","Anger","Dark Embrace","Rage","Inflame+1","Bite","Bite","Bite","Bite","Bite","Seeing Red","Warcry"],"special_seed":0,"relics":["Black Blood","Incense Burner","Bag of Marbles","PreservedInsect","Shuriken","Pen Nib","Smiling Mask"],"potions_floor_usage":[19,22],"damage_taken":[{"damage":4.0,"enemies":"Cultist","floor":1.0,"turns":4.0},{"damage":7.0,"enemies":"2 Louse","floor":2.0,"turns":4.0},{"damage":8.0,"enemies":"Jaw Worm","floor":5.0,"turns":6.0},{"damage":13.0,"enemies":"Large Slime","floor":7.0,"turns":9.0},{"damage":4.0,"enemies":"Red Slaver","floor":8.0,"turns":4.0},{"damage":16.0,"enemies":"Gremlin Nob","floor":10.0,"turns":4.0},{"damage":5.0,"enemies":"Exordium Wildlife","floor":12.0,"turns":4.0},{"damage":12.0,"enemies":"Exordium Thugs","floor":14.0,"turns":5.0},{"damage":16.0,"enemies":"Hexaghost","floor":16.0,"turns":11.0},{"damage":28.0,"enemies":"2 Thieves","floor":18.0,"turns":5.0},{"damage":8,"enemies":"3 Byrds","floor":19,"turns":6},{"damage":54,"enemies":"Sentry and Sphere","floor":22,"turns":9},{"damage":49,"enemies":"Gremlin Leader","floor":24,"turns":9},{"damage":46,"enemies":"Snecko","floor":27,"turns":5}],"seed_played":"-8095670614060976594","potions_obtained":[{"floor":2.0,"key":"EssenceOfSteel"},{"floor":7.0,"key":"SpeedPotion"},{"floor":14.0,"key":"AttackPotion"},{"floor":16.0,"key":"SteroidPotion"},{"floor":24,"key":"Energy Potion"}],"is_trial":false,"path_per_floor":["M","M","T","$","M","R","M","M","T","E","R","M","R","M","R","B",null,"M","M","?","$","M","R","E","R","T","M"],"character_chosen":"IRONCLAD","items_purchased":["Shuriken"],"campfire_rested":2,"item_purchase_floors":[21],"current_hp_per_floor":[70,69,69,69,67,67,60,62,62,52,52,53,53,47,47,37,66,48,50,50,50,29,44,23,38,38,0],"gold":87,"neow_bonus":"TRANSFORM_CARD","is_prod":false,"is_daily":false,"chose_seed":false,"campfire_upgraded":4,"win_rate":0,"timestamp":1549764025,"path_taken":["M","M","?","$","M","R","M","M","T","E","R","M","R","M","R","BOSS","M","M","?","$","M","R","E","R","T","M"],"build_version":"2019-01-23","purchased_purges":1,"victory":false,"max_hp_per_floor":[75,75,75,75,75,75,75,75,75,75,75,75,75,75,75,75,75,75,75,52,52,52,52,52,52,52,52],"card_choices":[{"not_picked":["Heavy Blade","Perfected Strike","Metallicize"],"picked":"SKIP","floor":1.0},{"not_picked":["True Grit","Perfected Strike"],"picked":"Rage","floor":2.0},{"not_picked":["Clash","Clothesline"],"picked":"Hemokinesis","floor":5.0},{"not_picked":["Sever Soul","Sentinel"],"picked":"Armaments","floor":7.0},{"not_picked":["Warcry","Perfected Strike"],"picked":"Battle Trance","floor":8.0},{"not_picked":["Combust","Iron Wave"],"picked":"Rupture","floor":10.0},{"not_picked":["Body Slam","Power Through"],"picked":"Pummel","floor":12.0},{"not_picked":["True Grit","Sword Boomerang"],"picked":"Anger","floor":14.0},{"not_picked":["Exhume","Berserk"],"picked":"Dark Embrace","floor":16.0},{"not_picked":["Armaments","Sentinel"],"picked":"Rage","floor":18.0},{"not_picked":["Twin Strike","Combust+1"],"picked":"Inflame+1","floor":19},{"not_picked":["Cleave","Whirlwind+1"],"picked":"Seeing Red","floor":22},{"not_picked":["Rage","Thunderclap"],"picked":"Warcry","floor":24}],"player_experience":598177,"relics_obtained":[{"floor":3.0,"key":"Incense Burner"},{"floor":9.0,"key":"Bag of Marbles"},{"floor":10.0,"key":"PreservedInsect"},{"floor":24,"key":"Pen Nib"},{"floor":26,"key":"Smiling Mask"}],"event_choices":[{"damage_healed":0,"gold_gain":0,"player_choice":"Became a vampire","damage_taken":0,"max_hp_gain":0,"max_hp_loss":23,"event_name":"Vampires","floor":20,"gold_loss":0,"cards_obtained":["Bite","Bite","Bite","Bite","Bite"]}],"is_beta":false,"boss_relics":[{"not_picked":["Runic Pyramid","White Beast Statue"],"picked":"Black Blood"}],"items_purged_floors":[4],"is_endless":false,"potions_floor_spawned":[2,7,14,16,18,24],"killed_by":"Snecko","ascension_level":14}