{"gold_per_floor":[113,56,76,86,104,104,130,140,140,140,166,176,188,188,188,262,262,282,296,296,296,307,307,336,43,95,95,129,145,420,119,119,194,194,204,252,265,265,275,275,275,302,302,145,172,185,185,185,185,185],"floor_reached":50,"playtime":4912,"items_purged":["Regret","Deflect"],"score":1450,"play_id":"b5cb0344-fd48-438a-abae-8ac251499a53","local_time":"20190526195357","is_ascension_mode":true,"campfire_choices":[{"data":"Skewer","floor":6.0,"key":"SMITH"},{"floor":10.0,"key":"REST"},{"floor":15.0,"key":"REST"},{"floor":23.0,"key":"REST"},{"data":"Footwork","floor":32.0,"key":"SMITH"},{"data":"Well Laid Plans","floor":40.0,"key":"SMITH"},{"data":"Noxious Fumes","floor":41.0,"key":"SMITH"},{"data":"1","floor":47.0,"key":"LIFT"},{"floor":49.0,"key":"RECALL"}],"neow_cost":"NONE","seed_source_timestamp":0,"circlet_count":0,"master_deck":["AscendersBane","Survivor","Neutralize","Predator","Skewer+1","Predator","Crippling Poison","PiercingWail","Dodge and Roll","Footwork+1","Corpse Explosion","Well Laid Plans+1","Noxious Fumes+1","Leg Sweep+1","Calculated Gamble+1","PiercingWail+1","Cloak And Dagger+1","Bullet Time+1","Eviscerate","Choke","Phantasmal Killer+1","Predator","Burst+1","Accuracy","Masterful Stab","Leg Sweep+1","PiercingWail+1","Blade Dance+1","PiercingWail+1","Doppelganger+1","Cloak And Dagger+1","Terror+1","PiercingWail+1"],"special_seed":0,"relics":["Ring of the Snake","Bronze Scales","StoneCalendar","Dead Branch","Nunchaku","FossilizedHelix","Snecko Eye","Toxic Egg 2","Ninja Scroll","Kunai","Unceasing Top","OrangePellets","Pandora\u0027s Box","WingedGreaves","Vajra","Letter Opener","Girya"],"potions_floor_usage":[],"damage_taken":[{"damage":1.0,"enemies":"Small Slimes","floor":1.0,"turns":4.0},{"damage":2.0,"enemies":"2 Louse","floor":3.0,"turns":3.0},{"damage":1.0,"enemies":"Cultist","floor":4.0,"turns":4.0},{"damage":6.0,"enemies":"3 Louse","floor":5.0,"turns":3.0},{"damage":18.0,"enemies":"Lagavulin","floor":7.0,"turns":6.0},{"damage":10.0,"enemies":"Exordium Thugs","floor":8.0,"turns":5.0},{"damage":27.0,"enemies":"Gremlin Nob","floor":11.0,"turns":4.0},{"damage":9.0,"enemies":"Blue Slaver","floor":12.0,"turns":4.0},{"damage":0.0,"enemies":"Looter","floor":13.0,"turns":2.0},{"damage":0.0,"enemies":"Slime Boss","floor":16.0,"turns":7.0},{"damage":11.0,"enemies":"Shell Parasite","floor":18.0,"turns":4.0},{"damage":0.0,"enemies":"3 Byrds","floor":19.0,"turns":2.0},{"damage":22.0,"enemies":"Shelled Parasite and Fungi","floor":22.0,"turns":4.0},{"damage":0.0,"enemies":"Gremlin Leader","floor":24.0,"turns":7.0},{"damage":5.0,"enemies":"Book of Stabbing","floor":28.0,"turns":4.0},{"damage":0.0,"enemies":"3 Cultists","floor":29.0,"turns":2.0},{"damage":0.0,"enemies":"Collector","floor":33.0,"turns":13.0},{"damage":0.0,"enemies":"Orb Walker","floor":35.0,"turns":3.0},{"damage":0.0,"enemies":"2 Orb Walkers","floor":36.0,"turns":6.0},{"damage":0.0,"enemies":"3 Darklings","floor":37.0,"turns":2.0},{"damage":12.0,"enemies":"Jaw Worm Horde","floor":39.0,"turns":5.0},{"damage":0.0,"enemies":"Reptomancer","floor":42.0,"turns":6.0},{"damage":0.0,"enemies":"Nemesis","floor":45.0,"turns":4.0},{"damage":0.0,"enemies":"Writhing Mass","floor":46.0,"turns":2.0},{"damage":37,"enemies":"Time Eater","floor":50,"turns":11}],"seed_played":"-7730986206442981000","potions_obtained":[{"floor":1.0,"key":"GamblersBrew"},{"floor":4.0,"key":"Weak Potion"},{"floor":11.0,"key":"AttackPotion"},{"floor":12.0,"key":"Energy Potion"},{"floor":16.0,"key":"Fruit Juice"},{"floor":18.0,"key":"Poison Potion"},{"floor":29.0,"key":"GamblersBrew"},{"floor":36.0,"key":"Poison Potion"},{"floor":46.0,"key":"Weak Potion"}],"is_trial":false,"path_per_floor":["M","$","M","M","M","R","E","M","T","R","E","M","M","?","R","B",null,"M","M","?","?","M","R","E","$","T","?","E","M","?","$","R","B",null,"M","?","M","?","M","R","R","E","T","$","E","M","R","?","R","B"],"character_chosen":"THE_SILENT","items_purchased":["Block Potion","Kunai","PiercingWail+1","OrangePellets","SpeedPotion"],"campfire_rested":3,"item_purchase_floors":[2,25,25,31,44],"current_hp_per_floor":[58,58,56,55,49,49,31,21,21,40,13,4,4,4,23,23,55,49,49,49,49,27,48,48,48,48,48,43,43,43,43,43,43,64,64,64,64,64,52,52,52,52,52,52,52,52,52,52,52,15],"gold":185,"neow_bonus":"RANDOM_COMMON_RELIC","is_prod":false,"is_daily":false,"chose_seed":false,"campfire_upgraded":4,"win_rate":0,"timestamp":1558868037,"path_taken":["M","$","M","M","M","R","E","M","T","R","E","M","M","?","R","BOSS","M","M","?","?","M","R","E","$","T","?","E","?","?","$","R","BOSS","M","?","M","?","M","R","R","E","T","$","E","M","R","?","R","BOSS"],"build_version":"2019-05-24v2","purchased_purges":2,"victory":false,"max_hp_per_floor":[66,66,66,66,66,66,66,66,66,66,66,66,66,66,66,66,66,71,71,71,71,71,71,71,71,71,71,71,71,71,71,71,71,71,71,71,71,67,67,67,67,67,67,67,67,67,67,67,67,67],"card_choices":[{"not_picked":["Sucker Punch","Dash"],"picked":"Predator","floor":1.0},{"not_picked":["Quick Slash","Outmaneuver","Underhanded Strike"],"picked":"SKIP","floor":3.0},{"not_picked":["Flying Knee","Poisoned Stab"],"picked":"Skewer","floor":4.0},{"not_picked":["Flying Knee","Dodge and Roll"],"picked":"Predator","floor":5.0},{"not_picked":["Caltrops","Blade Dance"],"picked":"Crippling Poison","floor":7.0},{"not_picked":["Unload","Prepared"],"picked":"PiercingWail","floor":8.0},{"not_picked":["Setup","Skewer"],"picked":"Deflect","floor":11.0},{"not_picked":["Deadly Poison","Poisoned Stab"],"picked":"Dodge and Roll","floor":12.0},{"not_picked":["Deflect","Deadly Poison"],"picked":"Footwork","floor":13.0},{"not_picked":["Phantasmal Killer","Die Die Die"],"picked":"Corpse Explosion","floor":16.0},{"not_picked":["Slice","PiercingWail"],"picked":"Well Laid Plans","floor":18.0},{"not_picked":["Escape Plan","Sucker Punch"],"picked":"Noxious Fumes","floor":19.0},{"not_picked":["Distraction+1","Backflip+1"],"picked":"Leg Sweep+1","floor":22.0},{"not_picked":["Heel Hook","Underhanded Strike"],"picked":"Calculated Gamble+1","floor":24.0},{"not_picked":["Masterful Stab","Bouncing Flask+1"],"picked":"Cloak And Dagger+1","floor":28.0},{"not_picked":["Deflect+1","Well Laid Plans","Noxious Fumes"],"picked":"SKIP","floor":29.0},{"not_picked":["Storm of Steel+1","Phantasmal Killer+1"],"picked":"Bullet Time+1","floor":33.0},{"not_picked":["Accuracy","Dodge and Roll+1"],"picked":"Blade Dance+1","floor":35.0},{"not_picked":["Dagger Throw+1","Predator+1"],"picked":"PiercingWail+1","floor":36.0},{"not_picked":["Deflect+1","Backstab"],"picked":"Doppelganger+1","floor":37.0},{"not_picked":["Bane+1","Terror+1"],"picked":"Cloak And Dagger+1","floor":39.0},{"not_picked":["Deadly Poison+1","Outmaneuver+1"],"picked":"Terror+1","floor":42.0},{"not_picked":["Sucker Punch","Masterful Stab+1","Underhanded Strike+1"],"picked":"SKIP","floor":45.0},{"not_picked":["Underhanded Strike","Quick Slash"],"picked":"PiercingWail+1","floor":46.0}],"player_experience":3338205,"relics_obtained":[{"floor":7.0,"key":"StoneCalendar"},{"floor":9.0,"key":"Dead Branch"},{"floor":11.0,"key":"Nunchaku"},{"floor":24.0,"key":"Ninja Scroll"},{"floor":28.0,"key":"Unceasing Top"},{"floor":36.0,"key":"WingedGreaves"},{"floor":42.0,"key":"Vajra"},{"floor":43.0,"key":"Letter Opener"},{"floor":45.0,"key":"Girya"}],"event_choices":[{"damage_healed":0.0,"max_hp_gain":0.0,"max_hp_loss":0.0,"gold_gain":0.0,"event_name":"Dead Adventurer","player_choice":"Searched \u00272\u0027 times","floor":14.0,"gold_loss":0.0,"damage_taken":0.0,"relics_obtained":["FossilizedHelix"]},{"damage_healed":0.0,"max_hp_gain":0.0,"max_hp_loss":0.0,"gold_gain":0.0,"event_name":"The Mausoleum","player_choice":"Opened","floor":20.0,"gold_loss":0.0,"damage_taken":0.0,"relics_obtained":["Toxic Egg 2"],"cards_obtained":["Writhe"]},{"damage_healed":0.0,"max_hp_gain":0.0,"max_hp_loss":0.0,"gold_gain":0.0,"event_name":"Vampires","player_choice":"Ignored","floor":21.0,"gold_loss":0.0,"damage_taken":0.0},{"cards_removed":["Writhe"],"damage_healed":0.0,"max_hp_gain":0.0,"max_hp_loss":0.0,"gold_gain":0.0,"event_name":"Wheel of Change","player_choice":"Card Removal","floor":27.0,"gold_loss":0.0,"damage_taken":0.0},{"damage_healed":0.0,"max_hp_gain":0.0,"max_hp_loss":0.0,"gold_gain":275.0,"event_name":"Golden Shrine","player_choice":"Desecrate","floor":30.0,"gold_loss":0.0,"damage_taken":0.0,"cards_obtained":["Regret"]},{"damage_healed":0.0,"max_hp_gain":0.0,"max_hp_loss":0.0,"gold_gain":0.0,"event_name":"Mysterious Sphere","player_choice":"Fight","floor":36.0,"gold_loss":0.0,"damage_taken":0.0},{"damage_healed":0.0,"max_hp_gain":0.0,"max_hp_loss":4.0,"gold_gain":0.0,"event_name":"Winding Halls","player_choice":"Max HP","floor":38.0,"gold_loss":0.0,"damage_taken":0.0},{"cards_removed":["Endless Agony"],"damage_healed":0.0,"max_hp_gain":0.0,"max_hp_loss":0.0,"gold_gain":0.0,"event_name":"Falling","player_choice":"Removed Attack","floor":48.0,"gold_loss":0.0,"damage_taken":0.0}],"is_beta":true,"boss_relics":[{"not_picked":["Orrery","Cursed Key"],"picked":"Snecko Eye"},{"not_picked":["Sozu","Lizard Tail"],"picked":"Pandora\u0027s Box"}],"items_purged_floors":[31,44],"is_endless":false,"potions_floor_spawned":[1,4,11,12,16,18,29,36,46],"killed_by":"Time Eater","ascension_level":18}