{"gold_per_floor":[12,26,26,26,45,45,78,92,141,167,167,198,198,29,29,105,105,120,170,16,27,27,27,27,27,27,47,47,65,97,117,117,117],"floor_reached":33,"playtime":1477,"items_purged":[],"score":570,"play_id":"0d953fec-d9cd-4bc6-8598-aaec58288978","local_time":"20190327185250","is_ascension_mode":true,"campfire_choices":[{"data":"Cleave","floor":6.0,"key":"SMITH"},{"floor":11.0,"key":"REST"},{"data":"Intimidate","floor":13.0,"key":"SMITH"},{"data":"Thunderclap","floor":15.0,"key":"SMITH"},{"data":"True Grit","floor":23,"key":"SMITH"},{"floor":25,"key":"REST"},{"floor":28,"key":"REST"},{"data":"Enlightenment","floor":32,"key":"SMITH"}],"neow_cost":"NO_GOLD","seed_source_timestamp":2397222170723492,"circlet_count":0,"master_deck":["AscendersBane","Strike_R","Strike_R","Defend_R","Defend_R","Defend_R","Defend_R","Bash","Cleave+1","Thunderclap+1","Cleave","Clash","Clothesline","Iron Wave","Intimidate+1","Double Tap","Enlightenment+1","True Grit+1","Iron Wave","Uppercut","Flame Barrier","Rage+1"],"special_seed":0,"relics":["Burning Blood","Blue Candle","Bronze Scales","Paper Frog","Juzu Bracelet","Blood Vial","Runic Pyramid","PreservedInsect","Bottled Lightning"],"potions_floor_usage":[21,30],"damage_taken":[{"damage":1.0,"enemies":"Cultist","floor":1.0,"turns":3.0},{"damage":0.0,"enemies":"Small Slimes","floor":2.0,"turns":4.0},{"damage":9.0,"enemies":"Jaw Worm","floor":5.0,"turns":4.0},{"damage":26.0,"enemies":"Gremlin Nob","floor":7.0,"turns":4.0},{"damage":16.0,"enemies":"Exordium Thugs","floor":8.0,"turns":3.0},{"damage":20.0,"enemies":"Lagavulin","floor":10.0,"turns":5.0},{"damage":1.0,"enemies":"Gremlin Nob","floor":12.0,"turns":3.0},{"damage":36.0,"enemies":"Slime Boss","floor":16.0,"turns":7.0},{"damage":27.0,"enemies":"Chosen","floor":18.0,"turns":6.0},{"damage":15,"enemies":"Spheric Guardian","floor":21,"turns":5},{"damage":16,"enemies":"Snecko","floor":27,"turns":6},{"damage":15,"enemies":"Snake Plant","floor":29,"turns":4},{"damage":12,"enemies":"Book of Stabbing","floor":30,"turns":5},{"damage":31,"enemies":"3 Cultists","floor":31,"turns":5},{"damage":48,"enemies":"Collector","floor":33,"turns":8}],"seed_played":"-25426638266934269","potions_obtained":[{"floor":1.0,"key":"Energy Potion"},{"floor":5.0,"key":"SkillPotion"},{"floor":7.0,"key":"FearPotion"},{"floor":12.0,"key":"Energy Potion"},{"floor":29,"key":"Regen Potion"},{"floor":30,"key":"SpeedPotion"}],"is_trial":false,"path_per_floor":["M","M","?","?","M","R","E","M","T","E","R","E","R","$","R","B",null,"M","?","$","M","$","R","?","R","T","M","R","M","E","M","R","B"],"character_chosen":"IRONCLAD","items_purchased":["Blood Vial","Enlightenment","True Grit"],"campfire_rested":3,"item_purchase_floors":[14,20,20],"current_hp_per_floor":[73,75,68,63,60,60,40,30,30,16,38,43,43,43,43,15,60,41,34,34,27,27,27,6,30,30,22,46,39,49,26,26,0],"gold":117,"neow_bonus":"REMOVE_TWO","is_prod":false,"is_daily":false,"chose_seed":false,"campfire_upgraded":5,"win_rate":0,"timestamp":1553680370,"path_taken":["M","?","?","?","M","R","E","M","T","E","R","E","R","$","R","BOSS","M","?","?","M","$","R","?","R","T","M","R","M","E","M","R","BOSS"],"build_version":"2019-03-15","purchased_purges":0,"victory":false,"max_hp_per_floor":[75,75,75,75,75,75,75,75,75,75,75,75,75,75,75,75,75,75,75,75,75,75,75,80,80,80,80,80,80,80,80,80,80],"card_choices":[{"not_picked":["Feel No Pain","Havoc"],"picked":"Cleave","floor":1.0},{"not_picked":["Second Wind","Flex"],"picked":"Thunderclap","floor":2.0},{"not_picked":["Body Slam","Blood for Blood"],"picked":"Cleave","floor":5.0},{"not_picked":["Searing Blow","Heavy Blade"],"picked":"Clash","floor":7.0},{"not_picked":["Headbutt","Wild Strike"],"picked":"Clothesline","floor":8.0},{"not_picked":["Seeing Red","Armaments"],"picked":"Iron Wave","floor":10.0},{"not_picked":["Blood for Blood","Flex"],"picked":"Intimidate","floor":12.0},{"not_picked":["Brutality","Juggernaut"],"picked":"Double Tap","floor":16.0},{"not_picked":["Combust","Corruption","Cleave"],"picked":"SKIP","floor":18.0},{"not_picked":["Sever Soul","Heavy Blade"],"picked":"Iron Wave","floor":21},{"not_picked":["Combust","Iron Wave"],"picked":"Uppercut","floor":27},{"not_picked":["Combust","Anger"],"picked":"Flame Barrier","floor":29},{"not_picked":["Evolve","Thunderclap","Sword Boomerang+1"],"picked":"SKIP","floor":30},{"not_picked":["Sentinel","Clothesline"],"picked":"Rage+1","floor":31}],"player_experience":2747832,"relics_obtained":[{"floor":7.0,"key":"Bronze Scales"},{"floor":10.0,"key":"Paper Frog"},{"floor":12.0,"key":"Juzu Bracelet"},{"floor":26,"key":"PreservedInsect"},{"floor":30,"key":"Bottled Lightning"}],"event_choices":[{"cards_removed":["Strike_R"],"damage_healed":0.0,"max_hp_gain":0.0,"max_hp_loss":0.0,"gold_gain":0.0,"event_name":"Golden Wing","player_choice":"Card Removal","floor":3.0,"gold_loss":0.0,"damage_taken":7.0},{"damage_healed":0.0,"max_hp_gain":0.0,"max_hp_loss":0.0,"gold_gain":0.0,"event_name":"Scrap Ooze","player_choice":"Success","floor":4.0,"gold_loss":0.0,"damage_taken":5.0,"relics_obtained":["Blue Candle"]},{"damage_healed":0,"gold_gain":50,"player_choice":"Touch","damage_taken":7,"max_hp_gain":0,"max_hp_loss":0,"event_name":"FaceTrader","floor":19,"gold_loss":0},{"damage_healed":0,"gold_gain":0,"player_choice":"Shed Blood","damage_taken":26,"max_hp_gain":5,"max_hp_loss":0,"event_name":"Forgotten Altar","floor":24,"gold_loss":0}],"is_beta":true,"boss_relics":[{"not_picked":["Fusion Hammer","White Beast Statue"],"picked":"Runic Pyramid"}],"items_purged_floors":[],"is_endless":false,"potions_floor_spawned":[1,5,7,12,29,30],"killed_by":"Collector","ascension_level":17}