{"gold_per_floor":[112,129,147,158,28,28,57,57,81,95,95,126,81,81,81,157,157,169,183,183,14,33,33,61,61,61,75,75,90,90,103,103,103],"floor_reached":33,"playtime":1686,"items_purged":["Regret"],"score":559,"play_id":"4f9c2b75-87a5-48fd-b1cd-4d689f503d51","local_time":"20190329155228","is_ascension_mode":true,"campfire_choices":[{"data":"Armaments","floor":6.0,"key":"SMITH"},{"data":"Demon Form","floor":8.0,"key":"SMITH"},{"data":"Battle Trance","floor":11.0,"key":"SMITH"},{"data":"Infernal Blade","floor":15.0,"key":"SMITH"},{"data":"Flame Barrier","floor":23.0,"key":"SMITH"},{"data":"Whirlwind","floor":25.0,"key":"SMITH"},{"data":"Flame Barrier","floor":28.0,"key":"SMITH"},{"data":"Heavy Blade","floor":32.0,"key":"SMITH"}],"neow_cost":"CURSE","seed_source_timestamp":2558859785266404,"circlet_count":0,"master_deck":["AscendersBane","Strike_R+1","Strike_R+1","Strike_R+1","Defend_R+1","Defend_R+1","Defend_R+1","Defend_R+1","Bash","Whirlwind+1","Infernal Blade+1","Uppercut+1","Carnage","Ghostly Armor","Infernal Blade","Flame Barrier+1","Dropkick","Armaments+1","Demon Form+1","Battle Trance+1","Twin Strike","Dropkick","Reaper","Heavy Blade+1","Flame Barrier+1","Reckless Charge","Flex"],"special_seed":0,"relics":["Burning Blood","Prayer Wheel","Juzu Bracelet","Regal Pillow","Busted Crown","Anchor","Singing Bowl","Ornamental Fan"],"potions_floor_usage":[33,33],"damage_taken":[{"damage":5.0,"enemies":"2 Louse","floor":1.0,"turns":3.0},{"damage":14.0,"enemies":"Cultist","floor":2.0,"turns":4.0},{"damage":5.0,"enemies":"Small Slimes","floor":3.0,"turns":3.0},{"damage":12.0,"enemies":"Looter","floor":4.0,"turns":3.0},{"damage":15.0,"enemies":"Lagavulin","floor":7.0,"turns":4.0},{"damage":12.0,"enemies":"Exordium Wildlife","floor":10.0,"turns":4.0},{"damage":24.0,"enemies":"Gremlin Nob","floor":12.0,"turns":4.0},{"damage":13.0,"enemies":"Hexaghost","floor":16.0,"turns":7.0},{"damage":24.0,"enemies":"Chosen","floor":18.0,"turns":5.0},{"damage":14.0,"enemies":"Spheric Guardian","floor":19.0,"turns":6.0},{"damage":2.0,"enemies":"Snecko","floor":22.0,"turns":3.0},{"damage":0.0,"enemies":"Gremlin Leader","floor":24.0,"turns":6.0},{"damage":0.0,"enemies":"Snake Plant","floor":27.0,"turns":2.0},{"damage":18.0,"enemies":"Sentry and Sphere","floor":29.0,"turns":7.0},{"damage":22.0,"enemies":"Shelled Parasite and Fungi","floor":31.0,"turns":5.0},{"damage":85,"enemies":"Automaton","floor":33,"turns":10}],"seed_played":"5482343642170465437","potions_obtained":[{"floor":2.0,"key":"BloodPotion"},{"floor":3.0,"key":"FearPotion"},{"floor":12.0,"key":"Explosive Potion"},{"floor":18.0,"key":"GamblersBrew"},{"floor":22.0,"key":"Fire Potion"}],"is_trial":false,"path_per_floor":["M","M","M","M","$","R","E","R","T","M","R","E","$","?","R","B",null,"M","M","?","$","M","R","E","R","T","M","R","M","?","M","R","B"],"character_chosen":"IRONCLAD","items_purchased":["Armaments","Dropkick","Anchor"],"campfire_rested":0,"item_purchase_floors":[5,13,21],"current_hp_per_floor":[69,61,62,56,56,56,47,47,47,41,41,23,23,23,23,16,60,42,46,46,46,50,50,58,58,58,64,64,69,69,70,70,0],"gold":103,"neow_bonus":"ONE_RARE_RELIC","is_prod":false,"is_daily":false,"chose_seed":false,"campfire_upgraded":8,"win_rate":0,"timestamp":1553842348,"path_taken":["M","M","M","M","$","R","E","R","T","M","R","E","$","?","R","BOSS","M","M","?","$","M","R","E","R","T","M","R","M","?","M","R","BOSS"],"build_version":"2019-03-15","purchased_purges":1,"victory":false,"max_hp_per_floor":[75,75,75,75,75,75,75,75,75,75,75,75,75,75,75,75,75,75,75,75,75,75,75,77,77,77,77,77,77,77,81,81,81],"card_choices":[{"not_picked":["Body Slam","Twin Strike"],"picked":"Whirlwind","floor":1.0},{"not_picked":["Havoc","Feel No Pain"],"picked":"Infernal Blade","floor":1.0},{"not_picked":["Flex","Iron Wave"],"picked":"Uppercut","floor":2.0},{"not_picked":["Havoc","Thunderclap"],"picked":"Carnage","floor":2.0},{"not_picked":["Rampage","Feel No Pain"],"picked":"Ghostly Armor","floor":3.0},{"not_picked":["Searing Blow","Twin Strike"],"picked":"Infernal Blade","floor":3.0},{"not_picked":["Warcry","Pommel Strike"],"picked":"Flame Barrier","floor":4.0},{"not_picked":["Sword Boomerang","Iron Wave"],"picked":"Dropkick","floor":4.0},{"not_picked":["Body Slam","Pommel Strike"],"picked":"Demon Form","floor":7.0},{"not_picked":["Pommel Strike","True Grit"],"picked":"Battle Trance","floor":10.0},{"not_picked":["Blood for Blood","Rampage","Rupture"],"picked":"SKIP","floor":10.0},{"not_picked":["Cleave","Rampage"],"picked":"Twin Strike","floor":12.0},{"not_picked":["Immolate","Fiend Fire"],"picked":"Reaper","floor":16.0},{"not_picked":["Clothesline"],"picked":"SKIP","floor":18.0},{"not_picked":["Power Through"],"picked":"SKIP","floor":18.0},{"not_picked":[],"picked":"Heavy Blade","floor":19.0},{"not_picked":["Twin Strike"],"picked":"SKIP","floor":19.0},{"not_picked":["Anger"],"picked":"SKIP","floor":22.0},{"not_picked":["Uppercut"],"picked":"SKIP","floor":22.0},{"not_picked":["Heavy Blade"],"picked":"Singing Bowl","floor":24.0},{"not_picked":[],"picked":"Flame Barrier","floor":27.0},{"not_picked":["Clothesline"],"picked":"SKIP","floor":27.0},{"not_picked":["Inflame"],"picked":"SKIP","floor":29.0},{"not_picked":["Iron Wave"],"picked":"SKIP","floor":29.0},{"not_picked":["Anger"],"picked":"Singing Bowl","floor":31.0},{"not_picked":["Wild Strike"],"picked":"Singing Bowl","floor":31.0}],"player_experience":2756320,"relics_obtained":[{"floor":7.0,"key":"Juzu Bracelet"},{"floor":12.0,"key":"Regal Pillow"},{"floor":24.0,"key":"Singing Bowl"},{"floor":26.0,"key":"Ornamental Fan"}],"event_choices":[{"damage_healed":0.0,"max_hp_gain":0.0,"max_hp_loss":0.0,"gold_gain":0.0,"event_name":"Accursed Blacksmith","player_choice":"Forge","floor":14.0,"gold_loss":0.0,"damage_taken":0.0,"cards_upgraded":["Uppercut"]},{"damage_healed":0.0,"max_hp_gain":0.0,"max_hp_loss":0.0,"gold_gain":0.0,"event_name":"Back to Basics","player_choice":"Simplicity","floor":20.0,"gold_loss":0.0,"damage_taken":0.0,"cards_upgraded":["Strike_R","Strike_R","Strike_R","Strike_R","Strike_R","Defend_R","Defend_R","Defend_R","Defend_R"]},{"damage_healed":0.0,"max_hp_gain":0.0,"max_hp_loss":0.0,"gold_gain":0.0,"cards_transformed":["Strike_R","Strike_R"],"event_name":"Drug Dealer","player_choice":"Became Test Subject","floor":30.0,"gold_loss":0.0,"damage_taken":0.0,"cards_obtained":["Reckless Charge","Flex"]}],"is_beta":true,"boss_relics":[{"not_picked":["Ectoplasm","Lizard Tail"],"picked":"Busted Crown"}],"items_purged_floors":[5],"is_endless":false,"potions_floor_spawned":[2,3,12,16,18,22],"killed_by":"Automaton","ascension_level":17}