{"gold_per_floor":[111,130,142,160,10,37,56,70,70,88,105,105,136,149,149,223,223,236,236,151,132,132,132],"floor_reached":23,"playtime":1664,"items_purged":["Strike_G"],"score":437,"play_id":"ea13a860-b265-4c8a-b1a4-3427207bb32a","local_time":"20190520230500","is_ascension_mode":true,"campfire_choices":[{"data":"Bouncing Flask","floor":12,"key":"SMITH"},{"data":"Footwork","floor":15,"key":"SMITH"}],"neow_cost":"NONE","seed_source_timestamp":271604098406235,"circlet_count":0,"master_deck":["AscendersBane","Defend_G","Defend_G","Defend_G","Defend_G","Defend_G","Strike_G","Strike_G","Strike_G","Strike_G","Survivor","Neutralize+1","Outmaneuver","Leg Sweep","Calculated Gamble","Bouncing Flask+1","Footwork+1","Bullet Time","Backflip","Night Terror","Escape Plan","A Thousand Cuts","Bouncing Flask","RitualDagger"],"relics":["Ring of the Snake","Bag of Preparation","Meat on the Bone","PreservedInsect","Fusion Hammer","Juzu Bracelet","Molten Egg 2"],"potions_floor_usage":[6,16],"damage_taken":[{"damage":6,"enemies":"Jaw Worm","floor":1,"turns":8},{"damage":0,"enemies":"Small Slimes","floor":2,"turns":3},{"damage":0,"enemies":"2 Louse","floor":3,"turns":3},{"damage":44,"enemies":"Gremlin Gang","floor":4,"turns":12},{"damage":6,"enemies":"Lagavulin","floor":6,"turns":9},{"damage":0,"enemies":"Large Slime","floor":7,"turns":8},{"damage":0,"enemies":"Blue Slaver","floor":8,"turns":5},{"damage":0,"enemies":"3 Louse","floor":10,"turns":6},{"damage":0,"enemies":"2 Fungi Beasts","floor":11,"turns":6},{"damage":14,"enemies":"Gremlin Nob","floor":13,"turns":4},{"damage":8,"enemies":"Gremlin Gang","floor":14,"turns":5},{"damage":0,"enemies":"The Guardian","floor":16,"turns":12},{"damage":12,"enemies":"Spheric Guardian","floor":18,"turns":6},{"damage":24,"enemies":"2 Thieves","floor":21,"turns":4},{"damage":32,"enemies":"Book of Stabbing","floor":23,"turns":5}],"seed_played":"-3676574643619827349","potions_obtained":[{"floor":3,"key":"Strength Potion"},{"floor":4,"key":"PowerPotion"},{"floor":6,"key":"PowerPotion"},{"floor":10,"key":"SpeedPotion"},{"floor":21,"key":"SkillPotion"}],"is_trial":false,"path_per_floor":["M","M","M","M","$","E","M","M","T","M","M","R","E","M","R","B",null,"M","?","?","M","?","E"],"character_chosen":"THE_SILENT","items_purchased":["Bouncing Flask"],"campfire_rested":0,"item_purchase_floors":[5],"current_hp_per_floor":[53,53,53,9,9,3,3,3,3,15,27,27,25,29,29,41,60,48,42,42,30,30,0],"gold":132,"neow_bonus":"UPGRADE_CARD","is_prod":false,"is_daily":false,"chose_seed":false,"campfire_upgraded":2,"win_rate":0,"timestamp":1558386300,"path_taken":["M","M","M","M","$","E","M","M","T","M","M","R","E","M","R","BOSS","M","?","?","M","?","E"],"build_version":"2019-01-23","purchased_purges":1,"victory":false,"max_hp_per_floor":[66,66,66,66,66,66,66,66,66,66,66,66,66,66,66,66,66,66,66,66,66,66,66],"card_choices":[{"not_picked":["Quick Slash","Distraction","Reflex"],"picked":"SKIP","floor":1},{"not_picked":["Concentrate","Prepared"],"picked":"Outmaneuver","floor":2},{"not_picked":["Quick Slash","Dodge and Roll"],"picked":"Leg Sweep","floor":3},{"not_picked":["Masterful Stab","Distraction"],"picked":"Calculated Gamble","floor":4},{"not_picked":["Underhanded Strike","Flying Knee"],"picked":"Footwork","floor":6},{"not_picked":["Prepared","Dodge and Roll","Outmaneuver"],"picked":"SKIP","floor":7},{"not_picked":["Prepared","Calculated Gamble","Infinite Blades"],"picked":"SKIP","floor":8},{"not_picked":["Bane","Catalyst"],"picked":"Bullet Time","floor":10},{"not_picked":["Dodge and Roll","Dagger Throw"],"picked":"Backflip","floor":11},{"not_picked":["Grand Finale","Tools of the Trade"],"picked":"Night Terror","floor":13},{"not_picked":["Leg Sweep","PiercingWail"],"picked":"Escape Plan","floor":14},{"not_picked":["Doppelganger","Grand Finale"],"picked":"A Thousand Cuts","floor":16},{"not_picked":["Tactician","Acrobatics"],"picked":"Bouncing Flask","floor":18},{"not_picked":["Bane","Flying Knee","Reflex"],"picked":"SKIP","floor":21}],"player_experience":600180,"relics_obtained":[{"floor":6,"key":"Bag of Preparation"},{"floor":9,"key":"Meat on the Bone"},{"floor":13,"key":"PreservedInsect"}],"event_choices":[{"damage_healed":0,"gold_gain":0,"player_choice":"Joined the Cult","damage_taken":6,"max_hp_gain":0,"max_hp_loss":0,"event_name":"Nest","floor":19,"gold_loss":0,"cards_obtained":["RitualDagger"]},{"damage_healed":0,"gold_gain":0,"player_choice":"Obtained Relic","damage_taken":0,"relics_obtained":["Juzu Bracelet"],"max_hp_gain":0,"max_hp_loss":0,"event_name":"Addict","floor":20,"gold_loss":85},{"damage_healed":0,"gold_gain":0,"player_choice":"Gave Potion","damage_taken":0,"relics_obtained":["Molten Egg 2"],"max_hp_gain":0,"max_hp_loss":0,"event_name":"WeMeetAgain","floor":22,"gold_loss":0}],"is_beta":false,"boss_relics":[{"not_picked":["Busted Crown","Ring of the Serpent"],"picked":"Fusion Hammer"}],"items_purged_floors":[5],"is_endless":false,"potions_floor_spawned":[3,4,6,8,10,21],"killed_by":"Book of Stabbing","ascension_level":14}