{"gold_per_floor":[115,165,176,192,209,209,234,234,257,267,267,267,267,286,286,286],"floor_reached":16,"playtime":554,"items_purged":[],"score":189,"play_id":"b80a1b11-796d-48fb-9366-b0c9c48f7063","local_time":"20190409062513","is_ascension_mode":true,"campfire_choices":[{"data":"Zap","floor":6.0,"key":"SMITH"},{"data":"Genetic Algorithm","floor":8,"key":"SMITH"},{"data":"Genetic Algorithm","floor":11,"key":"SMITH"},{"data":"Streamline","floor":13,"key":"SMITH"},{"data":"Sweeping Beam","floor":15,"key":"SMITH"}],"neow_cost":"NONE","seed_source_timestamp":3476417755977128,"circlet_count":0,"master_deck":["AscendersBane","Strike_B","Strike_B","Strike_B","Strike_B","Defend_B","Defend_B","Defend_B","Defend_B","Zap+1","Dualcast","Sweeping Beam+1","Streamline+1","Genetic Algorithm+1","Conserve Battery","Genetic Algorithm+1"],"special_seed":0,"relics":["Cracked Core","Boot","Blood Vial"],"potions_floor_usage":[7,16],"damage_taken":[{"damage":5.0,"enemies":"Small Slimes","floor":1.0,"turns":3.0},{"damage":1.0,"enemies":"Cultist","floor":3.0,"turns":3.0},{"damage":9.0,"enemies":"2 Louse","floor":4.0,"turns":2.0},{"damage":0.0,"enemies":"Large Slime","floor":5.0,"turns":3.0},{"damage":30,"enemies":"3 Sentries","floor":7,"turns":5},{"damage":6,"enemies":"3 Louse","floor":10,"turns":4},{"damage":6,"enemies":"Looter","floor":14,"turns":3},{"damage":29,"enemies":"Hexaghost","floor":16,"turns":9}],"seed_played":"3101189087146356916","potions_obtained":[{"floor":1.0,"key":"Fruit Juice"},{"floor":5.0,"key":"SteroidPotion"},{"floor":10,"key":"SkillPotion"}],"is_trial":false,"path_per_floor":["M","?","M","M","M","R","E","R","T","M","R","?","R","M","R","B"],"character_chosen":"DEFECT","items_purchased":[],"campfire_rested":0,"item_purchase_floors":[],"current_hp_per_floor":[66,66,65,56,56,56,31,31,31,27,27,54,54,50,50,23],"gold":286,"neow_bonus":"TEN_PERCENT_HP_BONUS","is_prod":false,"is_daily":false,"chose_seed":false,"campfire_upgraded":5,"win_rate":0,"timestamp":1554758713,"path_taken":["M","?","M","?","M","R","E","R","T","M","R","?","R","M","R","BOSS"],"build_version":"2019-04-04","purchased_purges":0,"victory":false,"max_hp_per_floor":[78,78,78,78,78,78,83,83,83,83,83,83,83,83,83,83],"card_choices":[{"not_picked":["Blizzard","Redo","Turbo"],"picked":"SKIP","floor":1.0},{"not_picked":["Rebound","Redo"],"picked":"Sweeping Beam","floor":3.0},{"not_picked":["Redo","Beam Cell"],"picked":"Streamline","floor":4.0},{"not_picked":["Amplify","Hologram"],"picked":"Genetic Algorithm","floor":5.0},{"not_picked":["Cold Snap","Steam"],"picked":"Conserve Battery","floor":7},{"not_picked":["Force Field","Barrage"],"picked":"Genetic Algorithm","floor":10},{"not_picked":["Barrage","Leap","Aggregate"],"picked":"SKIP","floor":14}],"player_experience":2866635,"relics_obtained":[{"floor":7,"key":"Boot"},{"floor":9,"key":"Blood Vial"}],"event_choices":[{"damage_healed":0.0,"max_hp_gain":0.0,"max_hp_loss":0.0,"gold_gain":50.0,"event_name":"Golden Shrine","player_choice":"Pray","floor":2.0,"gold_loss":0.0,"damage_taken":0.0},{"damage_healed":27,"gold_gain":0,"player_choice":"Banana","damage_taken":0,"max_hp_gain":0,"max_hp_loss":0,"event_name":"Big Fish","floor":12,"gold_loss":0}],"is_beta":true,"boss_relics":[],"items_purged_floors":[],"is_endless":false,"potions_floor_spawned":[1,5,10],"killed_by":"Hexaghost","ascension_level":17}