{"gold_per_floor":[113,129,148,148,173,173,216,216,216,196],"floor_reached":10,"playtime":313,"items_purged":[],"score":126,"play_id":"7767b1e8-4380-4fe8-961c-5f3544323563","local_time":"20190413151603","is_ascension_mode":true,"campfire_choices":[{"data":"Zap","floor":6,"key":"SMITH"}],"neow_cost":"NONE","seed_source_timestamp":84339205013670,"circlet_count":0,"master_deck":["AscendersBane","Strike_B","Strike_B","Strike_B","Defend_B","Defend_B","Defend_B","Defend_B","Zap+1","Dualcast","Tempest","Gash","White Noise","Conserve Battery","Gash","Hello World"],"relics":["Cracked Core","Golden Idol","Mummified Hand","Frozen Egg 2"],"potions_floor_usage":[],"damage_taken":[{"damage":2,"enemies":"Jaw Worm","floor":1,"turns":4},{"damage":0,"enemies":"Small Slimes","floor":2,"turns":2},{"damage":7,"enemies":"Cultist","floor":3,"turns":4},{"damage":15,"enemies":"3 Louse","floor":5,"turns":4},{"damage":43,"enemies":"3 Sentries","floor":7,"turns":7},{"damage":6,"enemies":"Exordium Thugs","floor":10,"turns":1}],"seed_played":"2308402040537394798","potions_obtained":[{"floor":1,"key":"Ancient Potion"}],"is_trial":false,"path_per_floor":["M","M","M","?","M","R","E","?","T","M"],"character_chosen":"DEFECT","items_purchased":[],"campfire_rested":0,"item_purchase_floors":[],"current_hp_per_floor":[69,69,62,62,47,47,4,4,4,0],"gold":196,"neow_bonus":"TEN_PERCENT_HP_BONUS","is_prod":false,"is_daily":false,"chose_seed":false,"campfire_upgraded":1,"win_rate":0,"timestamp":1555136163,"path_taken":["M","M","M","?","M","R","E","?","T","M"],"build_version":"2019-04-04","purchased_purges":0,"victory":false,"max_hp_per_floor":[78,78,78,71,71,71,71,71,71,71],"card_choices":[{"not_picked":["Consume","Beam Cell"],"picked":"Tempest","floor":1},{"not_picked":["Leap","Stack"],"picked":"Gash","floor":2},{"not_picked":["Redo","Steam"],"picked":"White Noise","floor":3},{"not_picked":["Rip and Tear","Stack"],"picked":"Conserve Battery","floor":5},{"not_picked":["Beam Cell","Redo"],"picked":"Gash","floor":7}],"player_experience":2924606,"relics_obtained":[{"floor":7,"key":"Mummified Hand"},{"floor":9,"key":"Frozen Egg 2"}],"event_choices":[{"damage_healed":0,"gold_gain":0,"player_choice":"Lose Max HP","damage_taken":0,"relics_obtained":["Golden Idol"],"max_hp_gain":0,"max_hp_loss":7,"event_name":"Golden Idol","floor":4,"gold_loss":0},{"damage_healed":0,"gold_gain":0,"cards_transformed":["Strike_B"],"player_choice":"Change","damage_taken":0,"max_hp_gain":0,"max_hp_loss":0,"event_name":"Living Wall","floor":8,"gold_loss":0,"cards_obtained":["Hello World"]}],"is_beta":true,"boss_relics":[],"items_purged_floors":[],"is_endless":false,"potions_floor_spawned":[1],"killed_by":"Exordium Thugs","ascension_level":17}