{"gold_per_floor":[112,112,127,127,102,135,135,157,180,208,40,56,56,86,86,164,164,184,184,106,106,106,135,135,170,193,193,193,27,27,27,27,105,105,119,165,182,182],"floor_reached":38,"playtime":2327,"items_purged":[],"score":899,"play_id":"6efb1a4e-e2c3-4d83-bbb8-c1a64a883f78","local_time":"20190518201729","is_ascension_mode":true,"campfire_choices":[{"floor":15.0,"key":"REST"},{"floor":24.0,"key":"REST"},{"floor":27.0,"key":"REST"},{"floor":32.0,"key":"REST"}],"neow_cost":"CURSE","seed_source_timestamp":29606523742332,"circlet_count":0,"master_deck":["AscendersBane","Bash","Bludgeon+1","Armaments+1","Rage","Warcry","Fiend Fire","Flame Barrier","Warcry","Corruption+1","Shrug It Off","Body Slam","Shrug It Off","Flex","Double Tap","Rupture","Infernal Blade","Warcry","Infernal Blade","Headbutt","Blood for Blood","Thunderclap","Offering","Headbutt","Flame Barrier","Corruption","Disarm","Impervious","Bite","Bite","Bite","Bite","Bite","Brutality","Pommel Strike","Combust","True Grit+1","Body Slam+1","Second Wind","Second Wind","Pummel+1","Pommel Strike","Exhume"],"special_seed":0,"relics":["Burning Blood","Juzu Bracelet","Odd Mushroom","Unceasing Top","Boot","Pandora\u0027s Box","Spirit Poop","Enchiridion","Prayer Wheel","Self Forming Clay","Ancient Tea Set","Omamori","Shovel","Orrery","Pocketwatch"],"potions_floor_usage":[],"damage_taken":[{"damage":6.0,"enemies":"Cultist","floor":1.0,"turns":3.0},{"damage":0.0,"enemies":"Small Slimes","floor":3.0,"turns":2.0},{"damage":23.0,"enemies":"Gremlin Nob","floor":6.0,"turns":4.0},{"damage":25.0,"enemies":"The Mushroom Lair","floor":8.0,"turns":4.0},{"damage":20.0,"enemies":"Lagavulin","floor":10.0,"turns":4.0},{"damage":4.0,"enemies":"2 Louse","floor":12.0,"turns":3.0},{"damage":10.0,"enemies":"3 Sentries","floor":14.0,"turns":6.0},{"damage":35.0,"enemies":"The Guardian","floor":16.0,"turns":16.0},{"damage":9.0,"enemies":"3 Byrds","floor":18.0,"turns":3.0},{"damage":25.0,"enemies":"Gremlin Leader","floor":23.0,"turns":3.0},{"damage":38.0,"enemies":"Slavers","floor":25.0,"turns":7.0},{"damage":6.0,"enemies":"Collector","floor":33.0,"turns":4.0},{"damage":17.0,"enemies":"Orb Walker","floor":35.0,"turns":4.0},{"damage":46.0,"enemies":"2 Orb Walkers","floor":36.0,"turns":5.0},{"damage":15.0,"enemies":"3 Shapes","floor":37.0,"turns":9.0},{"damage":61,"enemies":"Writhing Mass","floor":38,"turns":3}],"seed_played":"2045564679446336353","potions_obtained":[{"floor":1.0,"key":"Ancient Potion"},{"floor":3.0,"key":"SkillPotion"},{"floor":6.0,"key":"SkillPotion"},{"floor":14.0,"key":"SkillPotion"},{"floor":16.0,"key":"Ancient Potion"},{"floor":18.0,"key":"Block Potion"},{"floor":36.0,"key":"BloodPotion"}],"is_trial":false,"path_per_floor":["M","?","M","?","$","E","?","?","T","E","$","M","?","E","R","B",null,"M","?","$","?","?","E","R","E","T","R","?","$","?","?","R","B",null,"M","?","M","M"],"character_chosen":"IRONCLAD","items_purchased":["Warcry","Corruption","Shrug It Off","Body Slam","Corruption","Omamori"],"campfire_rested":4,"item_purchase_floors":[5,11,11,11,20,29],"current_hp_per_floor":[68,68,74,74,74,57,57,38,38,26,26,30,30,28,50,23,62,61,61,61,40,40,23,45,15,15,37,37,37,37,37,59,67,73,73,41,56,0],"gold":182,"neow_bonus":"THREE_RARE_CARDS","is_prod":false,"is_daily":false,"chose_seed":false,"campfire_upgraded":0,"win_rate":0,"timestamp":1558199849,"path_taken":["M","?","M","?","$","E","?","?","T","E","$","M","?","E","R","BOSS","M","?","?","?","?","E","R","E","T","R","?","$","?","?","R","BOSS","M","?","M","M"],"build_version":"2019-01-23","purchased_purges":0,"victory":false,"max_hp_per_floor":[75,75,75,75,75,75,75,75,75,75,75,75,75,75,75,75,75,75,75,75,75,75,75,75,75,75,75,75,75,75,75,75,75,75,75,75,75,75],"card_choices":[{"not_picked":["Reaper","Barricade"],"picked":"Bludgeon","floor":0.0},{"not_picked":["Havoc","Hemokinesis"],"picked":"Armaments","floor":1.0},{"not_picked":["Clothesline","Iron Wave"],"picked":"Rage","floor":3.0},{"not_picked":["Carnage","Thunderclap"],"picked":"Fiend Fire","floor":6.0},{"not_picked":["Headbutt","Heavy Blade"],"picked":"Flame Barrier","floor":8.0},{"not_picked":["Hemokinesis","Clash"],"picked":"Warcry","floor":10.0},{"not_picked":["Entrench","Thunderclap"],"picked":"Shrug It Off","floor":12.0},{"not_picked":["Wild Strike","Reckless Charge"],"picked":"Flex","floor":14.0},{"not_picked":["Barricade","Bludgeon"],"picked":"Double Tap","floor":16.0},{"not_picked":["Rupture","Fire Breathing"],"picked":"Flame Barrier","floor":18.0},{"not_picked":["Reaper","Second Wind+1"],"picked":"Disarm","floor":23.0},{"not_picked":["Barricade","Dual Wield"],"picked":"Impervious","floor":25.0},{"not_picked":["Barricade","Juggernaut"],"picked":"Brutality","floor":33.0},{"not_picked":["Clothesline+1","Armaments"],"picked":"Pommel Strike","floor":34.0},{"not_picked":["Heavy Blade","Perfected Strike"],"picked":"Combust","floor":34.0},{"not_picked":["Sword Boomerang","Uppercut"],"picked":"True Grit+1","floor":34.0},{"not_picked":["Warcry","Cleave"],"picked":"Body Slam+1","floor":34.0},{"not_picked":["Clash","Corruption+1"],"picked":"Second Wind","floor":34.0},{"not_picked":["Twin Strike","Perfected Strike"],"picked":"Second Wind","floor":35.0},{"not_picked":["Combust","Armaments"],"picked":"Pummel+1","floor":35.0},{"not_picked":["Clash+1","Heavy Blade"],"picked":"Pommel Strike","floor":36.0},{"not_picked":["True Grit","Iron Wave"],"picked":"Exhume","floor":37.0},{"not_picked":["Body Slam","Wild Strike","Anger+1"],"picked":"SKIP","floor":37.0}],"player_experience":1362827,"relics_obtained":[{"floor":6.0,"key":"Juzu Bracelet"},{"floor":8.0,"key":"Odd Mushroom"},{"floor":9.0,"key":"Blood Vial"},{"floor":10.0,"key":"Unceasing Top"},{"floor":14.0,"key":"Boot"},{"floor":21.0,"key":"Enchiridion"},{"floor":23.0,"key":"Prayer Wheel"},{"floor":25.0,"key":"Self Forming Clay"},{"floor":26.0,"key":"Ancient Tea Set"},{"floor":36.0,"key":"Pocketwatch"}],"event_choices":[{"damage_healed":0.0,"max_hp_gain":0.0,"max_hp_loss":0.0,"gold_gain":0.0,"event_name":"The Cleric","player_choice":"Leave","floor":2.0,"gold_loss":0.0,"damage_taken":0.0},{"damage_healed":0.0,"max_hp_gain":0.0,"max_hp_loss":0.0,"gold_gain":0.0,"event_name":"Upgrade Shrine","player_choice":"Upgraded","floor":4.0,"gold_loss":0.0,"damage_taken":0.0,"cards_upgraded":["Bludgeon"]},{"damage_healed":0.0,"max_hp_gain":0.0,"max_hp_loss":0.0,"gold_gain":0.0,"event_name":"Living Wall","player_choice":"Grow","floor":7.0,"gold_loss":0.0,"damage_taken":0.0,"cards_upgraded":["Armaments"]},{"damage_healed":0.0,"max_hp_gain":0.0,"max_hp_loss":0.0,"gold_gain":0.0,"event_name":"Mushrooms","player_choice":"Fought Mushrooms","floor":8.0,"gold_loss":0.0,"damage_taken":0.0},{"damage_healed":0.0,"max_hp_gain":0.0,"max_hp_loss":0.0,"gold_gain":0.0,"event_name":"Accursed Blacksmith","player_choice":"Forge","floor":13.0,"gold_loss":0.0,"damage_taken":0.0,"cards_upgraded":["Corruption"]},{"cards_removed":["Clumsy"],"damage_healed":0.0,"max_hp_gain":0.0,"max_hp_loss":0.0,"gold_gain":0.0,"event_name":"Bonfire Elementals","player_choice":"Offered Curse","floor":19.0,"gold_loss":0.0,"damage_taken":0.0,"relics_obtained":["Spirit Poop"]},{"damage_healed":0.0,"max_hp_gain":0.0,"max_hp_loss":0.0,"gold_gain":0.0,"event_name":"Cursed Tome","player_choice":"Obtained Book","floor":21.0,"gold_loss":0.0,"damage_taken":21.0},{"damage_healed":0.0,"max_hp_gain":0.0,"max_hp_loss":0.0,"gold_gain":0.0,"event_name":"Beggar","player_choice":"Ignored","floor":22.0,"gold_loss":0.0,"damage_taken":0.0},{"damage_healed":0.0,"max_hp_gain":0.0,"max_hp_loss":0.0,"gold_gain":0.0,"event_name":"Vampires","player_choice":"Became a vampire (Vial)","floor":28.0,"relics_lost":["Blood Vial"],"gold_loss":0.0,"damage_taken":0.0,"cards_obtained":["Bite","Bite","Bite","Bite","Bite"]},{"damage_healed":0.0,"max_hp_gain":0.0,"max_hp_loss":0.0,"gold_gain":0.0,"event_name":"The Mausoleum","player_choice":"Opened","floor":30.0,"gold_loss":0.0,"damage_taken":0.0,"relics_obtained":["Shovel"],"cards_obtained":["Writhe"]},{"damage_healed":0.0,"max_hp_gain":0.0,"max_hp_loss":0.0,"gold_gain":0.0,"event_name":"Forgotten Altar","player_choice":"Smashed Altar","floor":31.0,"gold_loss":0.0,"damage_taken":0.0,"cards_obtained":["Decay"]},{"damage_healed":0.0,"max_hp_gain":0.0,"max_hp_loss":0.0,"gold_gain":0.0,"event_name":"Mysterious Sphere","player_choice":"Fight","floor":36.0,"gold_loss":0.0,"damage_taken":0.0}],"is_beta":false,"boss_relics":[{"not_picked":["Calling Bell","Philosopher\u0027s Stone"],"picked":"Pandora\u0027s Box"},{"not_picked":["Fusion Hammer","Velvet Choker"],"picked":"Orrery"}],"items_purged_floors":[],"is_endless":false,"potions_floor_spawned":[1,3,6,14,16,18,36],"killed_by":"Writhing Mass","ascension_level":16}