{"gold_per_floor":[109,109,109,123,140,173,173,190,262,5,5,5,5,5,5,100,100,112,112,28,28,41,7,20,20,47,47,47,79,97,97,97,198,198,211,266,279,314,330,330,340,340,340,375,375,386,416,416,416,416],"floor_reached":50,"playtime":3565,"items_purged":[],"score":921,"play_id":"66a0d1be-aef0-46f4-82bf-1ee5038d1062","local_time":"20180803213432","is_ascension_mode":false,"campfire_choices":[{"data":"BasicCrystalCard","floor":7.0,"key":"SMITH"},{"data":"Dualcast","floor":13.0,"key":"SMITH"},{"data":"Streamline","floor":15.0,"key":"SMITH"},{"data":"Self Repair","floor":25.0,"key":"SMITH"},{"floor":28.0,"key":"REST"},{"data":"Core Surge","floor":32.0,"key":"SMITH"},{"data":"Conserve Battery","floor":40,"key":"SMITH"},{"data":"Turbo","floor":42,"key":"SMITH"},{"floor":49,"key":"REST"}],"neow_cost":"","seed_source_timestamp":0,"circlet_count":0,"master_deck":["Strike_B","Strike_B","Strike_B","Defend_B","Defend_B","Defend_B","Defend_B","Zap","Dualcast+1","Coolheaded","Turbo+1","Defragment+1","BootSequence","BasicCrystalCard+1","Sweeping Beam","Streamline+1","Regret","Core Surge+1","Coolheaded","ReplayGash","RitualDagger","Self Repair+1","Hologram+1","Redo+1","ReplayGash","Compile Driver+1","ReplayRNGCard","Fusion+1","Doom and Gloom+1","Conserve Battery+1","Turbo+1","Gash","Sunder+1","Turbo+1","Chaos+1","Static Discharge+1","Hyperbeam"],"special_seed":0,"relics":["Cracked Core","Lee\u0027s Waffle","Gambling Chip","Broken Mirror","AmplifyCore","Centennial Puzzle","Pantograph","Kunai","Rawhide","Ancient Bracer","Meat on the Bone","Inserter","Nilry\u0027s Codex","Blue Doll","The Courier","Art of War","CosmicIsotope","Thread and Needle","Blood Vial","Onion Ring","Happy Flower","StoneCalendar","Juzu Bracelet"],"potions_floor_usage":[33,33,36,36,41,45,50,50],"damage_taken":[{"damage":0.0,"enemies":"Cultist","floor":1.0,"turns":3.0},{"damage":0.0,"enemies":"Small Slimes","floor":4.0,"turns":3.0},{"damage":0.0,"enemies":"2 Louse","floor":5.0,"turns":2.0},{"damage":7.0,"enemies":"3 Sentries","floor":6.0,"turns":6.0},{"damage":0.0,"enemies":"Exordium Thugs","floor":8.0,"turns":3.0},{"damage":25.0,"enemies":"Slime Boss","floor":16.0,"turns":6.0},{"damage":3.0,"enemies":"2 Thieves","floor":18.0,"turns":2.0},{"damage":1.0,"enemies":"Chosen","floor":22.0,"turns":4.0},{"damage":36.0,"enemies":"Slaver and Parasite","floor":24.0,"turns":12.0},{"damage":28.0,"enemies":"Slaver and Parasite","floor":29.0,"turns":7.0},{"damage":8.0,"enemies":"Chosen and Byrds","floor":30.0,"turns":5.0},{"damage":23,"enemies":"Pondfish","floor":33,"turns":13},{"damage":24,"enemies":"3 Shapes","floor":35,"turns":7},{"damage":53,"floor":36,"turns":5},{"damage":14,"enemies":"Orb Walker","floor":37,"turns":4},{"damage":31,"enemies":"Orb Walker","floor":38,"turns":6},{"damage":8,"enemies":"Sphere and 2 Shapes","floor":39,"turns":4},{"damage":17,"enemies":"Flame Bruiser 2 Orb","floor":41,"turns":6},{"damage":20,"enemies":"2 Orb Walkers","floor":44,"turns":4},{"damage":29,"floor":45,"turns":5},{"damage":6,"enemies":"Transient","floor":46,"turns":5},{"damage":21,"enemies":"Giant Head","floor":47,"turns":8},{"damage":83,"enemies":"Awakened One","floor":50,"turns":8}],"seed_played":"-7691480009608441243","potions_obtained":[{"floor":1.0,"key":"Poison Potion"},{"floor":6.0,"key":"FearPotion"},{"floor":16.0,"key":"Fire Potion"},{"floor":24.0,"key":"FearPotion"},{"floor":30.0,"key":"Toxic Potion"},{"floor":33,"key":"Toxic Potion"},{"floor":35,"key":"Block Potion"},{"floor":38,"key":"Fire Potion"},{"floor":44,"key":"ReplayShieldPotion"},{"floor":45,"key":"SpeedPotion"},{"floor":47,"key":"SkillPotion"}],"is_trial":false,"path_per_floor":["M","T","?","M","M","E","R","M","T","$","?","?","R","T","R","B",null,"M","?","$","?","M","$","M","R","T","?","R","NM","M","?","R","B",null,"M","?","M","NM","M","R","M","R","T","E","?","M","E","?","R"],"character_chosen":"DEFECT","items_purchased":["Lee\u0027s Waffle","Broken Mirror","Turbo","Kunai","ReplayGash","Gash","Hologram+1"],"campfire_rested":2,"item_purchase_floors":[0,0,0,10,20,20,23],"current_hp_per_floor":[77,77,77,77,77,70,70,70,70,70,67,67,67,67,67,52,77,74,58,58,52,51,51,41,41,41,41,64,58,67,67,67,64,77,63,32,40,31,47,47,54,54,54,65,58,64,55,55,77,0],"gold":416,"neow_bonus":"","is_prod":false,"is_daily":false,"chose_seed":false,"campfire_upgraded":7,"win_rate":0,"timestamp":1533350072,"path_taken":["M","?","?","M","M","E","R","M","T","$","?","?","R","?","R","BOSS","M","?","$","?","M","$","M","R","T","?","R","NM","M","?","R","BOSS","M","?","?","NM","M","R","M","R","T","E","?","M","E","?","R","BOSS"],"build_version":"2018-08-02","purchased_purges":0,"victory":false,"max_hp_per_floor":[77,77,77,77,77,77,77,77,77,77,77,77,77,77,77,77,77,77,77,77,77,77,77,77,77,77,77,77,77,77,77,77,77,77,77,77,77,77,77,77,77,77,77,77,77,77,77,77,77,77],"card_choices":[{"not_picked":["Panic Button","Rebound"],"picked":"Defragment","floor":1.0},{"not_picked":["Compile Driver","Sweeping Beam"],"picked":"BootSequence","floor":4.0},{"not_picked":["Go for the Eyes","Barrage"],"picked":"BasicCrystalCard","floor":5.0},{"not_picked":["Heatsinks","Hologram"],"picked":"Sweeping Beam","floor":6.0},{"not_picked":["ReplaySort","Compile Driver"],"picked":"Streamline","floor":8.0},{"not_picked":["Meteor Strike","Thunder Strike"],"picked":"Core Surge","floor":16.0},{"not_picked":["Sweeping Beam","Storm"],"picked":"Coolheaded","floor":18.0},{"not_picked":["Redo+1","Auto Shields"],"picked":"Self Repair","floor":22.0},{"not_picked":["Barrage","ReplayTheSpireMod:GoodbyeWorld"],"picked":"Redo+1","floor":24.0},{"not_picked":["ReplayTheSpireMod:GoodbyeWorld","Streamline"],"picked":"ReplayGash","floor":29.0},{"not_picked":["Barrage","Double Energy"],"picked":"Compile Driver+1","floor":30.0},{"not_picked":["Thunder Strike","Seek"],"picked":"ReplayRNGCard","floor":33},{"not_picked":["Gash+1","Turbo+1"],"picked":"Fusion+1","floor":35},{"not_picked":["Barrage+1","Leap+1"],"picked":"Doom and Gloom+1","floor":36},{"not_picked":["RefreshScreen","Steam+1"],"picked":"Conserve Battery","floor":37},{"not_picked":["Amplify","Gash+1"],"picked":"Turbo+1","floor":38},{"not_picked":["Barrage+1","Hologram"],"picked":"Gash","floor":39},{"not_picked":["Reinforced Body","Gash"],"picked":"Sunder+1","floor":41},{"not_picked":["Heatsinks","Leap"],"picked":"Turbo+1","floor":44},{"not_picked":["Sweeping Beam","Redo+1"],"picked":"Chaos+1","floor":45},{"not_picked":["Turbo","Consume"],"picked":"Static Discharge+1","floor":46},{"not_picked":["Steam","Chaos"],"picked":"Hyperbeam","floor":47}],"player_experience":363807,"relics_obtained":[{"floor":2.0,"key":"AmplifyCore"},{"floor":6.0,"key":"Centennial Puzzle"},{"floor":9.0,"key":"Pantograph"},{"floor":14.0,"key":"Meat on the Bone"},{"floor":19.0,"key":"Nilry\u0027s Codex"},{"floor":26.0,"key":"Blue Doll"},{"floor":29.0,"key":"The Courier"},{"floor":36,"key":"Thread and Needle"},{"floor":38,"key":"Blood Vial"},{"floor":43,"key":"Onion Ring"},{"floor":44,"key":"Happy Flower"},{"floor":45,"key":"StoneCalendar"},{"floor":47,"key":"Juzu Bracelet"}],"event_choices":[{"event_name":"Scrap Ooze","player_choice":"success","floor":11.0,"damage_taken":3.0},{"event_name":"Big Fish","player_choice":"Box","floor":12.0,"damage_taken":0.0},{"event_name":"Cursed Tome","player_choice":"Obtained Book","floor":19.0,"damage_taken":0.0},{"event_name":"Nest","player_choice":"Joined the Cult","floor":21.0,"damage_taken":0.0},{"event_name":"Addict","player_choice":"Ignored","floor":27.0,"damage_taken":0.0},{"event_name":"The Mausoleum","player_choice":"Yes","floor":31.0,"damage_taken":0.0},{"event_name":"Mysterious Sphere","player_choice":"Fight","floor":36,"damage_taken":0},{"event_name":"MindBloom","player_choice":"Fight","floor":45,"damage_taken":0},{"event_name":"Falling","player_choice":"Removed Attack","floor":48,"damage_taken":0}],"is_beta":false,"boss_relics":[{"not_picked":["Snecko Eye","Sandwich"],"picked":"Inserter"},{"not_picked":["FrozenCore","Runic Pyramid"],"picked":"CosmicIsotope"}],"items_purged_floors":[],"is_endless":true,"potions_floor_spawned":[1,6,16,24,30,33,35,38,44,45,47],"killed_by":"Awakened One","ascension_level":0}