{"gold_per_floor":[111,111,125,145,145,145,484,484,484,484,507,89,112,127,127,257,257,271,290,314,239,16,16,52,52,105,105,126,146,46,69,69,199,199,223,22,45,45,45,88,88,109,109,0,0,21,21,46,46,46],"floor_reached":51,"playtime":4095,"items_purged":["Defend_R","Defend_R","Strike_R"],"score":876,"play_id":"4279f5dc-649d-43e8-b873-6a25ce255743","local_time":"20181207152834","is_ascension_mode":false,"campfire_choices":[{"data":"Bash","floor":6,"key":"SMITH"},{"floor":8,"key":"REST"},{"data":"Flame Barrier","floor":15,"key":"SMITH"},{"floor":23,"key":"REST"},{"data":"Armaments","floor":25,"key":"SMITH"},{"data":"Seeing Red","floor":27,"key":"SMITH"},{"data":"Flex","floor":32,"key":"SMITH"},{"floor":41,"key":"REST"},{"floor":45,"key":"REST"},{"floor":47,"key":"REST"},{"floor":49,"key":"RECALL"}],"neow_cost":"NONE","seed_source_timestamp":0,"circlet_count":0,"master_deck":["Strike_R","Strike_R","Defend_R","Defend_R","Bash+1","Impervious","Flex+1","Twin Strike","Seeing Red+1","Armaments+1","Anger","Flame Barrier+1","Inflame+1","Double Tap","Battle Trance","Whirlwind+1","Metallicize+1","Demon Form+1","Rage","Rampage+1","Shrug It Off+1","Infernal Blade"],"special_seed":0,"relics":["Burning Blood","Frozen Egg 2","Golden Idol","Old Coin","Bag of Preparation","Pear","Lizard Tail","Bronze Scales","Unceasing Top","Boot","Fusion Hammer","Ice Cream","Bird Faced Urn","Red Mask"],"potions_floor_usage":[7,12,16,33,33,33,39,40,40,42,50,50],"damage_taken":[{"damage":0,"enemies":"Small Slimes","floor":1,"turns":4},{"damage":11,"enemies":"Jaw Worm","floor":3,"turns":2},{"damage":5,"enemies":"2 Louse","floor":4,"turns":3},{"damage":21,"enemies":"3 Sentries","floor":7,"turns":9},{"damage":5,"enemies":"Looter","floor":11,"turns":2},{"damage":20,"enemies":"Exordium Wildlife","floor":13,"turns":5},{"damage":4,"enemies":"Lots of Slimes","floor":14,"turns":4},{"damage":0,"enemies":"Slime Boss","floor":16,"turns":6},{"damage":46,"enemies":"2 Thieves","floor":18,"turns":4},{"damage":8,"enemies":"3 Byrds","floor":19,"turns":6},{"damage":18,"enemies":"Snake Plant","floor":20,"turns":4},{"damage":0,"enemies":"Gremlin Leader","floor":24,"turns":6},{"damage":0,"enemies":"Sentry and Sphere","floor":28,"turns":3},{"damage":0,"enemies":"3 Cultists","floor":29,"turns":2},{"damage":14,"enemies":"Centurion and Healer","floor":31,"turns":5},{"damage":59,"enemies":"Champ","floor":33,"turns":10},{"damage":5,"enemies":"Orb Walker","floor":35,"turns":3},{"damage":3,"enemies":"3 Darklings","floor":37,"turns":2},{"damage":0,"enemies":"Transient","floor":39,"turns":1},{"damage":44,"enemies":"Nemesis","floor":40,"turns":4},{"damage":50,"enemies":"Writhing Mass","floor":42,"turns":6},{"damage":18,"enemies":"Jaw Worm Horde","floor":46,"turns":3},{"damage":6,"enemies":"4 Shapes","floor":48,"turns":6},{"damage":84,"enemies":"Awakened One","floor":50,"turns":9}],"seed_played":"-5196450615442620352","potions_obtained":[{"floor":3,"key":"AttackPotion"},{"floor":4,"key":"Explosive Potion"},{"floor":19,"key":"FearPotion"},{"floor":20,"key":"Fire Potion"},{"floor":28,"key":"Fire Potion"},{"floor":38,"key":"PowerPotion"},{"floor":38,"key":"SmokeBomb"},{"floor":40,"key":"SteroidPotion"},{"floor":42,"key":"Ancient Potion"},{"floor":48,"key":"BloodPotion"}],"is_trial":false,"path_per_floor":["M","?","M","M","?","R","E","R","T","?","M","$","M","M","R","B",null,"M","M","M","?","$","R","E","R","T","R","M","M","$","M","R","B",null,"M","$","M","?","M","E","R","M","T","?","R","M","R","M","R","B",null],"character_chosen":"IRONCLAD","items_purchased":["Pear","Fruit Juice","Bronze Scales","BloodPotion","Regen Potion"],"campfire_rested":5,"item_purchase_floors":[12,12,22,22,36],"current_hp_per_floor":[80,68,63,64,44,44,29,53,53,46,47,62,48,50,50,56,95,55,53,41,41,41,69,75,75,75,75,81,87,87,79,79,35,95,95,95,95,95,95,62,90,46,46,46,74,66,94,95,95,30],"gold":46,"neow_bonus":"ONE_RANDOM_RARE_CARD","is_prod":false,"is_daily":false,"chose_seed":false,"campfire_upgraded":5,"win_rate":0,"timestamp":1544164114,"path_taken":["M","?","M","M","?","R","E","R","T","?","M","$","M","M","R","BOSS","M","M","M","?","$","R","E","R","T","R","M","M","$","M","R","BOSS","M","$","M","?","?","E","R","M","T","?","R","M","R","M","R","BOSS"],"build_version":"2018-12-06","purchased_purges":3,"victory":true,"max_hp_per_floor":[80,80,80,80,80,80,80,80,80,80,80,95,95,95,95,95,95,95,95,95,95,95,95,95,95,95,95,95,95,95,95,95,95,95,95,95,95,95,95,95,95,95,95,95,95,95,95,95,95,95],"card_choices":[{"not_picked":["Sword Boomerang","Pummel"],"picked":"Flex","floor":1},{"not_picked":["Wild Strike","Warcry"],"picked":"Twin Strike","floor":3},{"not_picked":["Twin Strike","Flame Barrier"],"picked":"Seeing Red","floor":4},{"not_picked":["Shrug It Off","Pommel Strike"],"picked":"Armaments","floor":7},{"not_picked":["Combust+1","Wild Strike"],"picked":"Anger","floor":11},{"not_picked":["True Grit","Cleave"],"picked":"Flame Barrier","floor":13},{"not_picked":["Armaments","Fire Breathing+1"],"picked":"Inflame+1","floor":14},{"not_picked":["Offering","Barricade+1"],"picked":"Double Tap","floor":16},{"not_picked":["True Grit","Second Wind+1"],"picked":"Battle Trance","floor":18},{"not_picked":["Clash","Flame Barrier","Pommel Strike"],"picked":"SKIP","floor":19},{"not_picked":["Pommel Strike","Clothesline+1"],"picked":"Whirlwind+1","floor":20},{"not_picked":["Wild Strike","Armaments"],"picked":"Metallicize+1","floor":24},{"not_picked":["Flame Barrier","Sever Soul","Sword Boomerang"],"picked":"SKIP","floor":28},{"not_picked":["Clash","Ghostly Armor","Headbutt"],"picked":"SKIP","floor":29},{"not_picked":["Perfected Strike","Iron Wave","Armaments"],"picked":"SKIP","floor":31},{"not_picked":["Offering","Dark Embrace+1"],"picked":"Demon Form+1","floor":33},{"not_picked":["Clash+1","Burning Pact"],"picked":"Rage","floor":35},{"not_picked":["Iron Wave","Sever Soul+1","Thunderclap+1"],"picked":"SKIP","floor":37},{"not_picked":["Iron Wave","Second Wind","Dual Wield"],"picked":"SKIP","floor":40},{"not_picked":["Cleave+1","Perfected Strike+1"],"picked":"Rampage+1","floor":42},{"not_picked":["True Grit+1","Corruption+1"],"picked":"Shrug It Off+1","floor":46},{"not_picked":["Cleave","Wild Strike+1"],"picked":"Infernal Blade","floor":48}],"player_experience":132334,"relics_obtained":[{"floor":7,"key":"Old Coin"},{"floor":9,"key":"Bag of Preparation"},{"floor":24,"key":"Unceasing Top"},{"floor":26,"key":"Boot"},{"floor":40,"key":"Ice Cream"},{"floor":43,"key":"Bird Faced Urn"}],"event_choices":[{"damage_healed":0,"gold_gain":0,"player_choice":"Success","damage_taken":12,"relics_obtained":["Frozen Egg 2"],"max_hp_gain":0,"max_hp_loss":0,"event_name":"Scrap Ooze","floor":2,"gold_loss":0},{"damage_healed":0,"gold_gain":0,"player_choice":"Take Damage","damage_taken":20,"relics_obtained":["Golden Idol"],"max_hp_gain":0,"max_hp_loss":0,"event_name":"Golden Idol","floor":5,"gold_loss":0},{"cards_removed":["Strike_R"],"damage_healed":0,"gold_gain":0,"player_choice":"Card Removal","damage_taken":7,"max_hp_gain":0,"max_hp_loss":0,"event_name":"Golden Wing","floor":10,"gold_loss":0},{"cards_removed":["Strike_R"],"damage_healed":0,"gold_gain":0,"player_choice":"Gave Gold","damage_taken":0,"max_hp_gain":0,"max_hp_loss":0,"event_name":"Beggar","floor":21,"gold_loss":75},{"damage_healed":0,"gold_gain":0,"player_choice":"Got Potions","damage_taken":0,"max_hp_gain":0,"max_hp_loss":0,"event_name":"Lab","floor":38,"gold_loss":0},{"damage_healed":0,"gold_gain":0,"player_choice":"Paid","damage_taken":0,"relics_obtained":["Red Mask"],"max_hp_gain":0,"max_hp_loss":0,"event_name":"Tomb of Lord Red Mask","floor":44,"gold_loss":109}],"is_beta":false,"boss_relics":[{"not_picked":["Philosopher\u0027s Stone","Ectoplasm"],"picked":"Lizard Tail"},{"not_picked":["White Beast Statue","Busted Crown"],"picked":"Fusion Hammer"}],"items_purged_floors":[12,30,36],"is_endless":false,"potions_floor_spawned":[3,4,19,20,28,31,40,42,48],"ascension_level":0}