{"gold_per_floor":[359,359,324,335,252,277,277,304,356,356,372,17,17,27,27,103,103,114,164,181,192,4,4,4,4,27,27,27,27,53,73,73,73],"floor_reached":33,"playtime":2126,"items_purged":[],"score":489,"play_id":"ddc5daa6-c66c-43e8-b528-ac448f2389ce","local_time":"20190509044837","is_ascension_mode":true,"campfire_choices":[{"floor":7,"key":"REST"},{"floor":10,"key":"REST"},{"data":"Footwork","floor":13,"key":"SMITH"},{"data":"Neutralize","floor":15,"key":"SMITH"},{"floor":23,"key":"REST"},{"data":"Burst","floor":27,"key":"SMITH"},{"data":"Ghostly","floor":32,"key":"SMITH"}],"neow_cost":"PERCENT_DAMAGE","seed_source_timestamp":1078388962785382,"circlet_count":0,"master_deck":["AscendersBane","Defend_G","Defend_G","Defend_G","Defend_G","Defend_G","Survivor","Neutralize+1","Leg Sweep","Predator","Footwork+1","Dagger Spray","Backflip","Dodge and Roll","Heel Hook","Footwork","All Out Attack","Burst+1","Calculated Gamble","Endless Agony+1","PiercingWail","Ghostly+1","Ghostly","Ghostly","Bite","Bite","Bite","Bite","Bite"],"relics":["Ring of the Snake","Dream Catcher","Snake Skull","Paper Crane","White Beast Statue","Bronze Scales","Orichalcum"],"potions_floor_usage":[6,8,16,21,21,33],"damage_taken":[{"damage":1,"enemies":"Cultist","floor":1,"turns":4},{"damage":6,"enemies":"Small Slimes","floor":4,"turns":5},{"damage":47,"enemies":"Gremlin Nob","floor":6,"turns":7},{"damage":16,"enemies":"3 Sentries","floor":8,"turns":12},{"damage":0,"enemies":"2 Louse","floor":11,"turns":2},{"damage":0,"enemies":"Large Slime","floor":14,"turns":10},{"damage":22,"enemies":"Slime Boss","floor":16,"turns":14},{"damage":23,"enemies":"3 Byrds","floor":18,"turns":8},{"damage":23,"enemies":"Spheric Guardian","floor":20,"turns":24},{"damage":11,"enemies":"Snecko","floor":21,"turns":12},{"damage":2,"enemies":"Shelled Parasite and Fungi","floor":31,"turns":9},{"damage":42,"enemies":"Collector","floor":33,"turns":7}],"seed_played":"2017657708621823429","potions_obtained":[{"floor":1,"key":"Energy Potion"},{"floor":6,"key":"SpeedPotion"},{"floor":11,"key":"AttackPotion"},{"floor":18,"key":"SkillPotion"},{"floor":20,"key":"Strength Potion"},{"floor":21,"key":"Fruit Juice"},{"floor":31,"key":"Strength Potion"}],"is_trial":false,"path_per_floor":["M","$","?","M","$","E","R","E","T","R","M","$","R","M","R","B",null,"M","?","M","M","$","R","?","$","T","R","?","?","T","M","R","B"],"character_chosen":"THE_SILENT","items_purchased":["Footwork","Paper Crane","Footwork","Bronze Scales","PiercingWail"],"campfire_rested":3,"item_purchase_floors":[5,12,12,22,22],"current_hp_per_floor":[43,43,59,53,53,6,25,11,11,30,32,32,32,34,34,14,53,32,32,11,7,7,28,28,28,28,28,28,28,28,35,35,0],"gold":73,"neow_bonus":"TWO_FIFTY_GOLD","is_prod":false,"is_daily":false,"chose_seed":false,"campfire_upgraded":4,"win_rate":0,"timestamp":1557344917,"path_taken":["M","$","?","M","$","E","R","E","T","R","M","$","R","M","R","BOSS","M","?","?","M","?","R","?","$","T","R","?","?","?","M","R","BOSS"],"build_version":"2019-05-07","purchased_purges":0,"victory":false,"max_hp_per_floor":[66,66,66,66,66,66,66,66,66,66,66,66,66,66,66,66,66,66,66,66,71,71,71,35,35,35,35,35,35,35,35,35,35],"card_choices":[{"not_picked":["Bane","Quick Slash"],"picked":"Leg Sweep","floor":1},{"not_picked":["Blade Dance","Underhanded Strike"],"picked":"Predator","floor":4},{"not_picked":["Underhanded Strike","Sucker Punch"],"picked":"Dagger Spray","floor":6},{"not_picked":["Grand Finale","Sucker Punch"],"picked":"Backflip","floor":8},{"not_picked":["Bane","Infinite Blades"],"picked":"Dodge and Roll","floor":10},{"not_picked":["Outmaneuver","Riddle With Holes"],"picked":"Heel Hook","floor":11},{"not_picked":["Blade Dance","Underhanded Strike"],"picked":"All Out Attack","floor":14},{"not_picked":["Malaise","Tools of the Trade"],"picked":"Burst","floor":16},{"not_picked":["Flying Knee","Quick Slash"],"picked":"Calculated Gamble","floor":18},{"not_picked":["All Out Attack","Dagger Throw+1"],"picked":"Endless Agony+1","floor":20},{"not_picked":["Quick Slash","Accuracy","Sucker Punch"],"picked":"SKIP","floor":21},{"not_picked":["Flechettes","Poisoned Stab","Flying Knee"],"picked":"SKIP","floor":31}],"player_experience":3163468,"relics_obtained":[{"floor":6,"key":"Blood Vial"},{"floor":8,"key":"Dream Catcher"},{"floor":9,"key":"Snake Skull"},{"floor":26,"key":"Orichalcum"}],"event_choices":[{"damage_healed":16,"gold_gain":0,"player_choice":"Healed","damage_taken":0,"max_hp_gain":0,"max_hp_loss":0,"event_name":"The Cleric","floor":3,"gold_loss":35},{"damage_healed":0,"gold_gain":100,"player_choice":"Bet on Murderer","damage_taken":0,"max_hp_gain":0,"max_hp_loss":0,"event_name":"The Joust","floor":19,"gold_loss":50},{"damage_healed":0,"gold_gain":0,"player_choice":"Became a Ghost","damage_taken":0,"max_hp_gain":0,"max_hp_loss":36,"event_name":"Ghosts","floor":24,"gold_loss":0,"cards_obtained":["Ghostly","Ghostly","Ghostly"]},{"damage_healed":0,"gold_gain":0,"player_choice":"Became a vampire (Vial)","damage_taken":0,"max_hp_gain":0,"max_hp_loss":0,"event_name":"Vampires","floor":28,"relics_lost":["Blood Vial"],"gold_loss":0,"cards_obtained":["Bite","Bite","Bite","Bite","Bite"]}],"is_beta":true,"boss_relics":[{"not_picked":["WristBlade","Pandora\u0027s Box"],"picked":"White Beast Statue"}],"items_purged_floors":[],"is_endless":false,"potions_floor_spawned":[1,6,11,18,20,21,31],"killed_by":"Collector","ascension_level":17}