{"gold_per_floor":[111,111,36,36,46,46,77,77,77,77,150,150,160,223,223,319,319,339,354,354,373,373,373,273,299,349,224,243,260,260,23,23,127,127,145,145,72,87,101,101,1,32,32,46,46,62,95,109,109,109],"floor_reached":51,"playtime":3312,"items_purged":["Strike_R","Strike_R","Strike_R","Strike_R"],"score":1006,"play_id":"5236b045-bc42-4dcc-9e65-e18b83bae6bc","local_time":"20190120130409","is_ascension_mode":true,"campfire_choices":[{"data":"Clothesline","floor":6,"key":"SMITH"},{"data":"True Grit","floor":8,"key":"SMITH"},{"data":"Bash","floor":10,"key":"SMITH"},{"data":"Battle Trance","floor":12,"key":"SMITH"},{"data":"Disarm","floor":15,"key":"SMITH"},{"floor":23,"key":"REST"},{"data":"Shockwave","floor":30,"key":"SMITH"},{"floor":32,"key":"REST"},{"data":"Inflame","floor":40,"key":"SMITH"},{"floor":45,"key":"REST"},{"floor":49,"key":"REST"}],"neow_cost":"NONE","seed_source_timestamp":855035891065647,"circlet_count":0,"master_deck":["Defend_R","Defend_R","Defend_R","Defend_R","Bash+1","Clothesline+1","Battle Trance+1","True Grit+1","Disarm+1","Evolve","Offering","Shockwave+1","Wild Strike+1","Intimidate+1","Sword Boomerang+1","Inflame+1","Dual Wield","Headbutt+1","Inflame+1"],"relics":["Burning Blood","Happy Flower","Pocketwatch","Omamori","Shuriken","Tiny Chest","Cursed Key","Ginger","Blood Vial","Busted Crown","Mango","Darkstone Periapt","Boot"],"potions_floor_usage":[14,18,33,39,41,42,50,50,50],"damage_taken":[{"damage":7,"enemies":"2 Louse","floor":1,"turns":3},{"damage":2,"enemies":"Jaw Worm","floor":5,"turns":4},{"damage":35,"enemies":"Lagavulin","floor":7,"turns":6},{"damage":0,"enemies":"Small Slimes","floor":13,"turns":3},{"damage":10,"enemies":"3 Sentries","floor":14,"turns":6},{"damage":17,"enemies":"Hexaghost","floor":16,"turns":12},{"damage":21,"enemies":"2 Thieves","floor":18,"turns":4},{"damage":10,"enemies":"Spheric Guardian","floor":19,"turns":4},{"damage":20,"enemies":"Centurion and Healer","floor":21,"turns":6},{"damage":11,"enemies":"Book of Stabbing","floor":25,"turns":5},{"damage":0,"enemies":"Snecko","floor":28,"turns":4},{"damage":11,"enemies":"Snake Plant","floor":29,"turns":3},{"damage":50,"enemies":"Automaton","floor":33,"turns":8},{"damage":13,"enemies":"Orb Walker","floor":35,"turns":4},{"damage":7,"enemies":"3 Shapes","floor":38,"turns":6},{"damage":6,"enemies":"Transient","floor":39,"turns":5},{"damage":33,"enemies":"Reptomancer","floor":42,"turns":5},{"damage":13,"enemies":"4 Shapes","floor":44,"turns":5},{"damage":8,"enemies":"Spire Growth","floor":46,"turns":4},{"damage":32,"enemies":"Nemesis","floor":47,"turns":3},{"damage":29,"enemies":"Transient","floor":48,"turns":5},{"damage":62,"enemies":"Donu and Deca","floor":50,"turns":7}],"seed_played":"7888441556308478086","potions_obtained":[{"floor":1,"key":"Explosive Potion"},{"floor":13,"key":"Block Potion"},{"floor":28,"key":"SteroidPotion"},{"floor":29,"key":"Dexterity Potion"},{"floor":33,"key":"Ancient Potion"},{"floor":35,"key":"Block Potion"},{"floor":42,"key":"LiquidBronze"},{"floor":44,"key":"FearPotion"},{"floor":48,"key":"Dexterity Potion"}],"is_trial":false,"path_per_floor":["M","?","$","?","M","R","E","R","T","R","T","R","M","E","R","B",null,"M","M","?","M","?","R","$","E","T","$","M","M","R","$","R","B",null,"M","?","$","M","M","R","$","E","T","M","R","M","E","M","R","B",null],"character_chosen":"IRONCLAD","items_purchased":["Inflame","AttackPotion","Dual Wield","Fruit Juice"],"campfire_rested":4,"item_purchase_floors":[31,31,37,41],"current_hp_per_floor":[71,76,76,69,73,73,44,44,44,44,44,44,50,46,46,35,73,58,54,54,40,24,51,51,46,46,46,54,51,51,51,78,36,77,72,72,72,73,75,75,80,69,69,64,96,96,72,51,83,29],"gold":109,"neow_bonus":"RANDOM_COMMON_RELIC","is_prod":false,"is_daily":false,"chose_seed":false,"campfire_upgraded":7,"win_rate":0,"timestamp":1547957049,"path_taken":["M","?","$","?","M","R","E","R","T","R","?","R","M","E","R","BOSS","M","M","?","M","?","R","$","E","T","$","M","M","R","$","R","BOSS","M","?","$","M","M","R","$","E","T","M","R","M","E","M","R","BOSS"],"build_version":"2019-01-17v2","purchased_purges":4,"victory":true,"max_hp_per_floor":[80,85,85,85,85,85,85,85,85,85,85,85,85,85,85,85,85,85,85,85,85,90,90,90,90,90,90,90,90,90,90,90,90,90,90,90,90,90,90,90,95,109,109,109,109,109,109,109,109,109],"card_choices":[{"not_picked":["Whirlwind","True Grit"],"picked":"Clothesline","floor":1},{"not_picked":["Heavy Blade","Flex"],"picked":"Battle Trance","floor":5},{"not_picked":["Twin Strike","Disarm"],"picked":"True Grit","floor":7},{"not_picked":["Clothesline","Clash"],"picked":"Disarm","floor":13},{"not_picked":["Clash","Warcry"],"picked":"Evolve","floor":14},{"not_picked":["Barricade","Immolate"],"picked":"Offering","floor":16},{"not_picked":["Warcry","Body Slam"],"picked":"Sentinel+1","floor":18},{"not_picked":["Disarm","Shrug It Off","Headbutt"],"picked":"SKIP","floor":19},{"not_picked":["Entrench","Twin Strike"],"picked":"Wild Strike+1","floor":21},{"not_picked":["Combust+1","Fire Breathing"],"picked":"Intimidate+1","floor":25},{"not_picked":["Armaments","Body Slam"],"picked":"Sword Boomerang+1","floor":28},{"not_picked":["Heavy Blade","Intimidate","Perfected Strike+1"],"picked":"SKIP","floor":29},{"not_picked":["Body Slam"],"picked":"SKIP","floor":35},{"not_picked":[],"picked":"Headbutt+1","floor":38},{"not_picked":[],"picked":"Inflame+1","floor":39},{"not_picked":["Hemokinesis"],"picked":"SKIP","floor":42},{"not_picked":["Shockwave"],"picked":"SKIP","floor":44},{"not_picked":["Havoc+1"],"picked":"SKIP","floor":46},{"not_picked":["Havoc+1"],"picked":"SKIP","floor":47},{"not_picked":["Clash"],"picked":"SKIP","floor":48}],"player_experience":415061,"relics_obtained":[{"floor":7,"key":"Pocketwatch"},{"floor":9,"key":"Omamori"},{"floor":11,"key":"Shuriken"},{"floor":14,"key":"Tiny Chest"},{"floor":25,"key":"Ginger"},{"floor":26,"key":"Blood Vial"},{"floor":42,"key":"Mango"},{"floor":43,"key":"Darkstone Periapt"},{"floor":47,"key":"Boot"}],"event_choices":[{"damage_healed":0,"gold_gain":0,"player_choice":"Donut","damage_taken":0,"max_hp_gain":5,"max_hp_loss":0,"event_name":"Big Fish","floor":2,"gold_loss":0},{"cards_removed":["Strike_R"],"damage_healed":0,"gold_gain":0,"player_choice":"Card Removal","damage_taken":7,"max_hp_gain":0,"max_hp_loss":0,"event_name":"Golden Wing","floor":4,"gold_loss":0},{"damage_healed":0,"gold_gain":0,"player_choice":"Read","damage_taken":0,"max_hp_gain":0,"max_hp_loss":0,"event_name":"The Library","floor":20,"gold_loss":0,"cards_obtained":["Shockwave"]},{"damage_healed":0,"gold_gain":0,"player_choice":"Shed Blood","damage_taken":21,"max_hp_gain":5,"max_hp_loss":0,"event_name":"Forgotten Altar","floor":22,"gold_loss":0},{"cards_removed":["Sentinel"],"damage_healed":0,"gold_gain":0,"player_choice":"Removed Skill","damage_taken":0,"max_hp_gain":0,"max_hp_loss":0,"event_name":"Falling","floor":36,"gold_loss":0}],"is_beta":false,"boss_relics":[{"not_picked":["Lizard Tail","Eternal Feather"],"picked":"Cursed Key"},{"not_picked":["Empty Cage","Snecko Eye"],"picked":"Busted Crown"}],"items_purged_floors":[3,24,27,31],"is_endless":false,"potions_floor_spawned":[1,13,28,29,33,35,42,44,48],"ascension_level":8}