{"gold_per_floor":[116,134,148,73,87,87,117,117,117,135,135,145,145,174,174,273,273,285,360,371,122,137,137,154,183,183,183,199,225,225,225,225,225],"floor_reached":33,"playtime":1642,"items_purged":["Strike_R","Strike_R"],"score":416,"play_id":"710ba08f-293d-42d8-aeee-bf457d9c4cdd","local_time":"20190119131031","is_ascension_mode":true,"campfire_choices":[{"data":"Uppercut","floor":6,"key":"SMITH"},{"data":"Blind","floor":8,"key":"SMITH"},{"data":"Battle Trance","floor":11,"key":"SMITH"},{"data":"Infernal Blade","floor":15,"key":"SMITH"},{"data":"Entrench","floor":23,"key":"SMITH"},{"data":"Entrench","floor":27,"key":"SMITH"},{"data":"True Grit","floor":30,"key":"SMITH"},{"data":"Double Tap","floor":32,"key":"SMITH"}],"neow_cost":"NONE","seed_source_timestamp":770705065257333,"circlet_count":0,"master_deck":["Strike_R+1","Strike_R+1","Defend_R+1","Defend_R+1","Defend_R+1","Defend_R+1","Bash","Blind+1","Uppercut+1","Battle Trance+1","Anger","Headbutt","Sword Boomerang","Cleave","Disarm","Infernal Blade+1","Double Tap+1","Clash+1","Entrench+1","Entrench+1","Pain","Flame Barrier","True Grit+1"],"relics":["Burning Blood","Red Skull","Blue Candle","Nunchaku","Cursed Key","PreservedInsect","Meat on the Bone","Singing Bowl","Molten Egg 2"],"potions_floor_usage":[7,14,20,24,24,25,25,33],"damage_taken":[{"damage":4,"enemies":"2 Louse","floor":1,"turns":3},{"damage":2,"enemies":"Cultist","floor":2,"turns":4},{"damage":9,"enemies":"Jaw Worm","floor":3,"turns":3},{"damage":5,"enemies":"Blue Slaver","floor":5,"turns":4},{"damage":20,"enemies":"Lagavulin","floor":7,"turns":5},{"damage":11,"enemies":"Looter","floor":10,"turns":3},{"damage":10,"enemies":"Red Slaver","floor":12,"turns":2},{"damage":12,"enemies":"Gremlin Nob","floor":14,"turns":3},{"damage":21,"enemies":"Hexaghost","floor":16,"turns":6},{"damage":0,"enemies":"Chosen","floor":18,"turns":3},{"damage":1,"enemies":"Shell Parasite","floor":20,"turns":2},{"damage":14,"enemies":"Shelled Parasite and Fungi","floor":22,"turns":3},{"damage":8,"enemies":"Chosen and Byrds","floor":24,"turns":3},{"damage":21,"enemies":"Gremlin Leader","floor":25,"turns":4},{"damage":20,"enemies":"Snake Plant","floor":28,"turns":3},{"damage":36,"enemies":"Slavers","floor":29,"turns":5},{"damage":43,"enemies":"Collector","floor":33,"turns":7}],"seed_played":"8480573653657071580","potions_obtained":[{"floor":3,"key":"Strength Potion"},{"floor":7,"key":"FearPotion"},{"floor":10,"key":"PowerPotion"},{"floor":14,"key":"Swift Potion"},{"floor":16,"key":"Weak Potion"},{"floor":20,"key":"LiquidBronze"},{"floor":22,"key":"AttackPotion"},{"floor":24,"key":"Regen Potion"},{"floor":28,"key":"LiquidBronze"}],"is_trial":false,"path_per_floor":["M","M","M","$","M","R","E","R","T","M","R","M","?","E","R","B",null,"M","?","M","$","M","R","M","E","T","R","M","E","R","?","R","B"],"character_chosen":"IRONCLAD","items_purchased":["PreservedInsect"],"campfire_rested":0,"item_purchase_floors":[21],"current_hp_per_floor":[74,78,75,75,76,76,62,62,62,57,57,53,46,40,40,25,66,72,64,69,69,61,61,59,56,56,56,54,36,36,36,36,0],"gold":225,"neow_bonus":"RANDOM_COLORLESS","is_prod":false,"is_daily":false,"chose_seed":false,"campfire_upgraded":8,"win_rate":0,"timestamp":1547871031,"path_taken":["M","M","M","$","M","R","E","R","T","M","R","M","?","E","R","BOSS","M","?","M","$","M","R","?","E","T","R","M","E","R","?","R","BOSS"],"build_version":"2019-01-17v2","purchased_purges":2,"victory":false,"max_hp_per_floor":[80,80,80,80,80,80,80,80,80,80,80,80,80,80,80,80,80,80,80,80,80,80,80,80,80,80,80,80,80,80,80,80,80],"card_choices":[{"not_picked":["Havoc","Rampage"],"picked":"Uppercut","floor":1},{"not_picked":["Iron Wave","Perfected Strike"],"picked":"Battle Trance","floor":2},{"not_picked":["Perfected Strike","Heavy Blade"],"picked":"Anger","floor":3},{"not_picked":["Clash","Wild Strike"],"picked":"Headbutt","floor":5},{"not_picked":["Rupture","Perfected Strike"],"picked":"Sword Boomerang","floor":7},{"not_picked":["Corruption","Anger"],"picked":"Cleave","floor":10},{"not_picked":["Clash","Bloodletting"],"picked":"Disarm","floor":12},{"not_picked":["Armaments","Brutality"],"picked":"Infernal Blade","floor":14},{"not_picked":["Barricade","Berserk"],"picked":"Double Tap","floor":16},{"not_picked":["Reckless Charge","Battle Trance+1"],"picked":"Clash+1","floor":18},{"not_picked":["Armaments","Wild Strike"],"picked":"Entrench","floor":20},{"not_picked":["Anger","Dual Wield+1"],"picked":"Entrench","floor":22},{"not_picked":["Sword Boomerang","Clothesline","Headbutt"],"picked":"SKIP","floor":24},{"not_picked":["Cleave+1","Wild Strike","Havoc"],"picked":"SKIP","floor":25},{"not_picked":["Warcry","Armaments+1"],"picked":"Flame Barrier","floor":28},{"not_picked":["Disarm","Exhume"],"picked":"True Grit","floor":29}],"player_experience":407045,"relics_obtained":[{"floor":7,"key":"Red Skull"},{"floor":9,"key":"Blue Candle"},{"floor":14,"key":"Nunchaku"},{"floor":25,"key":"Meat on the Bone"},{"floor":26,"key":"Singing Bowl"},{"floor":29,"key":"Molten Egg 2"}],"event_choices":[{"cards_removed":["Strike_R"],"damage_healed":0,"gold_gain":0,"player_choice":"Card Removal","damage_taken":7,"max_hp_gain":0,"max_hp_loss":0,"event_name":"Golden Wing","floor":13,"gold_loss":0},{"damage_healed":0,"gold_gain":75,"player_choice":"Touch","damage_taken":8,"max_hp_gain":0,"max_hp_loss":0,"event_name":"FaceTrader","floor":19,"gold_loss":0},{"damage_healed":0,"gold_gain":0,"player_choice":"Simplicity","damage_taken":0,"max_hp_gain":0,"max_hp_loss":0,"event_name":"Back to Basics","floor":31,"gold_loss":0,"cards_upgraded":["Strike_R","Strike_R","Defend_R","Defend_R","Defend_R","Defend_R"]}],"is_beta":false,"boss_relics":[{"not_picked":["Velvet Choker","Ectoplasm"],"picked":"Cursed Key"}],"items_purged_floors":[4,21],"is_endless":false,"potions_floor_spawned":[3,7,10,14,16,20,22,24,28],"killed_by":"Collector","ascension_level":8}