{"gold_per_floor":[116,116,191,21,21,54,54,85,109,123,123,141,158,187,187,263,263,277,277,331,331,341,373,383,383,383,28,56,90,90,106,106,183,183,200,200,111,11,26,26,26],"floor_reached":41,"playtime":1310,"items_purged":["Strike_B","Defend_B"],"score":1040,"play_id":"0f5dcc80-8393-451e-87c0-34dce4827772","local_time":"20190602004440","is_ascension_mode":true,"campfire_choices":[{"floor":7.0,"key":"REST"},{"data":"Buffer","floor":15.0,"key":"SMITH"},{"floor":25,"key":"REST"},{"data":"Defragment","floor":30,"key":"SMITH"},{"floor":32,"key":"REST"},{"data":"Creative AI","floor":40,"key":"SMITH"}],"neow_cost":"TEN_PERCENT_HP_LOSS","seed_source_timestamp":528782147574899,"circlet_count":0,"master_deck":["AscendersBane","Strike_B+1","Defend_B+1","Zap","Dualcast","Beam Cell","Rainbow+1","Doom and Gloom+1","Leap+1","Redo+1","Glacier","Rebound","Hologram","Ball Lightning","Buffer+1","Creative AI+1","Go for the Eyes+1","Self Repair","Coolheaded","Defragment+1","Force Field","FTL","Buffer+1","Glacier"],"special_seed":0,"relics":["Cracked Core","PreservedInsect","Whetstone","Anchor","Pen Nib","Black Star","Blood Vial","Bag of Marbles","Boot","War Paint","Emotion Chip","Question Card","Bottled Lightning","Red Mask","Sozu"],"potions_floor_usage":[22,23,24,24],"damage_taken":[{"damage":2.0,"enemies":"Jaw Worm","floor":1.0,"turns":3.0},{"damage":21.0,"enemies":"3 Sentries","floor":6.0,"turns":6.0},{"damage":11.0,"enemies":"Lagavulin","floor":8.0,"turns":4.0},{"damage":0.0,"enemies":"Small Slimes","floor":10.0,"turns":2.0},{"damage":0.0,"enemies":"2 Louse","floor":12.0,"turns":2.0},{"damage":0.0,"enemies":"2 Fungi Beasts","floor":13.0,"turns":3.0},{"damage":0.0,"enemies":"3 Sentries","floor":14.0,"turns":3.0},{"damage":0.0,"enemies":"Slime Boss","floor":16.0,"turns":7.0},{"damage":0.0,"enemies":"Spheric Guardian","floor":18.0,"turns":4.0},{"damage":20,"enemies":"2 Thieves","floor":22,"turns":4},{"damage":13,"enemies":"Slavers","floor":23,"turns":3},{"damage":25,"enemies":"Cultist and Chosen","floor":24,"turns":5},{"damage":5,"enemies":"Gremlin Leader","floor":28,"turns":5},{"damage":7,"enemies":"Masked Bandits","floor":29,"turns":3},{"damage":13,"enemies":"Centurion and Healer","floor":31,"turns":5},{"damage":26,"enemies":"Automaton","floor":33,"turns":12},{"damage":0,"enemies":"Orb Walker","floor":35,"turns":4},{"damage":3,"enemies":"3 Darklings","floor":39,"turns":9},{"damage":70,"enemies":"Reptomancer","floor":41,"turns":7}],"seed_played":"3520029795796397529","potions_obtained":[{"floor":6.0,"key":"Energy Potion"},{"floor":10.0,"key":"LiquidBronze"},{"floor":12.0,"key":"Poison Potion"},{"floor":14.0,"key":"Fire Potion"},{"floor":16.0,"key":"FearPotion"},{"floor":22,"key":"FocusPotion"},{"floor":23,"key":"Fire Potion"},{"floor":33,"key":"SteroidPotion"}],"is_trial":false,"path_per_floor":["M","?","?","$","?","E","R","E","T","M","?","M","M","E","R","B",null,"M","?","T","?","M","E","M","R","T","$","E","?","R","M","R","B",null,"M","?","$","$","M","R","E"],"character_chosen":"DEFECT","items_purchased":["Doom and Gloom","Leap","Emotion Chip","Defragment","Glacier"],"campfire_rested":3,"item_purchase_floors":[4,4,27,27,37],"current_hp_per_floor":[62,62,51,51,56,35,55,44,44,44,23,23,23,23,23,23,58,58,58,58,58,40,29,13,33,33,33,30,32,32,21,41,24,58,67,67,67,67,69,69,0],"gold":26,"neow_bonus":"REMOVE_TWO","is_prod":false,"is_daily":false,"chose_seed":false,"campfire_upgraded":3,"win_rate":0,"timestamp":1559403880,"path_taken":["M","?","?","?","?","E","R","E","T","M","?","M","M","E","R","BOSS","M","?","?","?","M","E","?","R","T","$","E","?","R","M","R","BOSS","M","?","?","$","M","R","E"],"build_version":"2019-01-23","purchased_purges":2,"victory":false,"max_hp_per_floor":[64,64,64,64,69,69,69,69,69,69,69,69,69,69,69,69,69,69,69,69,69,69,69,69,69,69,69,69,69,69,69,69,69,69,69,69,69,69,69,69,69],"card_choices":[{"not_picked":["Go for the Eyes","Chill"],"picked":"Beam Cell","floor":1.0},{"not_picked":["Conserve Battery","Barrage"],"picked":"Redo","floor":6.0},{"not_picked":["Scrape","Barrage"],"picked":"Glacier","floor":8.0},{"not_picked":["Steam","Streamline"],"picked":"Rebound","floor":10.0},{"not_picked":["Chaos","Stack"],"picked":"Hologram","floor":12.0},{"not_picked":["Barrage","Steam Power"],"picked":"Ball Lightning","floor":13.0},{"not_picked":["Hyperbeam","Machine Learning"],"picked":"Buffer","floor":14.0},{"not_picked":["Rainbow","Amplify"],"picked":"Creative AI","floor":16.0},{"not_picked":["Rebound","Streamline","Gash"],"picked":"SKIP","floor":18.0},{"not_picked":["Self Repair","Rip and Tear"],"picked":"Go for the Eyes+1","floor":22},{"not_picked":["White Noise","Gash"],"picked":"Self Repair","floor":23},{"not_picked":["Capacitor","Steam"],"picked":"Coolheaded","floor":24},{"not_picked":["Barrage","Steam","Go for the Eyes"],"picked":"SKIP","floor":28},{"not_picked":["Streamline+1","Gash","Ball Lightning"],"picked":"Force Field","floor":29},{"not_picked":["Machine Learning","Static Discharge","Darkness"],"picked":"FTL","floor":31},{"not_picked":["Machine Learning","Electrodynamics","Thunder Strike"],"picked":"Buffer","floor":33},{"not_picked":["Steam","Compile Driver","Storm","Conserve Battery"],"picked":"SKIP","floor":35},{"not_picked":["Leap+1","Doom and Gloom","Storm","Reinforced Body"],"picked":"SKIP","floor":39}],"player_experience":5240057,"relics_obtained":[{"floor":6.0,"key":"PreservedInsect"},{"floor":8.0,"key":"Whetstone"},{"floor":9.0,"key":"Anchor"},{"floor":14.0,"key":"Pen Nib"},{"floor":20,"key":"Blood Vial"},{"floor":23,"key":"Bag of Marbles"},{"floor":23,"key":"Boot"},{"floor":26,"key":"War Paint"},{"floor":28,"key":"Question Card"},{"floor":28,"key":"Bottled Lightning"},{"floor":29,"key":"Red Mask"}],"event_choices":[{"damage_healed":0.0,"max_hp_gain":0.0,"max_hp_loss":0.0,"gold_gain":0.0,"cards_transformed":["Strike_B"],"event_name":"Living Wall","player_choice":"Change","floor":2.0,"gold_loss":0.0,"damage_taken":0.0,"cards_obtained":["Rainbow"]},{"damage_healed":0.0,"max_hp_gain":0.0,"max_hp_loss":0.0,"gold_gain":75.0,"event_name":"World of Goop","player_choice":"Gather Gold","floor":3.0,"gold_loss":0.0,"damage_taken":11.0},{"damage_healed":0.0,"max_hp_gain":5.0,"max_hp_loss":0.0,"gold_gain":0.0,"event_name":"Big Fish","player_choice":"Donut","floor":5.0,"gold_loss":0.0,"damage_taken":0.0},{"damage_healed":0.0,"max_hp_gain":0.0,"max_hp_loss":0.0,"gold_gain":0.0,"event_name":"Shining Light","player_choice":"Entered Light","floor":11.0,"gold_loss":0.0,"damage_taken":21.0,"cards_upgraded":["Defend_B","Leap"]},{"damage_healed":0,"gold_gain":0,"player_choice":"Ignored","damage_taken":0,"max_hp_gain":0,"max_hp_loss":0,"event_name":"Vampires","floor":19,"gold_loss":0},{"cards_removed":["Defend_B"],"damage_healed":0,"gold_gain":0,"player_choice":"Purged","damage_taken":0,"max_hp_gain":0,"max_hp_loss":0,"event_name":"Purifier","floor":21,"gold_loss":0},{"damage_healed":0,"gold_gain":0,"player_choice":"Fought Bandits","damage_taken":0,"max_hp_gain":0,"max_hp_loss":0,"event_name":"Masked Bandits","floor":29,"gold_loss":0},{"damage_healed":0,"gold_gain":0,"player_choice":"Upgraded","damage_taken":0,"max_hp_gain":0,"max_hp_loss":0,"event_name":"Upgrade Shrine","floor":36,"gold_loss":0,"cards_upgraded":["Buffer"]}],"is_beta":false,"boss_relics":[{"not_picked":["Pandora\u0027s Box","White Beast Statue"],"picked":"Black Star"},{"not_picked":["Busted Crown","Tiny House"],"picked":"Sozu"}],"items_purged_floors":[4,38],"is_endless":false,"potions_floor_spawned":[6,10,12,14,16,22,23,33],"killed_by":"Reptomancer","ascension_level":20}