{"gold_per_floor":[116,116,129,144,161,161,175,205,229,263,281,281,314,314,314,386,386,401,401,40,40,40,40,71,71,71,71,88,117,136,155,155,155],"floor_reached":33,"playtime":932,"items_purged":["Strike_B"],"score":635,"play_id":"c2d1b03d-8836-4c15-b5cb-8058e9ffb97f","local_time":"20190525113804","is_ascension_mode":true,"campfire_choices":[{"data":"Beam Cell","floor":6,"key":"SMITH"},{"floor":12,"key":"REST"},{"data":"Redo","floor":15,"key":"SMITH"},{"data":"Conserve Battery","floor":23,"key":"SMITH"},{"floor":25,"key":"REST"},{"data":"Dualcast","floor":27,"key":"SMITH"},{"floor":32,"key":"REST"}],"neow_cost":"NONE","seed_source_timestamp":215292342547300,"circlet_count":0,"master_deck":["AscendersBane","Strike_B","Strike_B","Defend_B","Defend_B","Defend_B","Defend_B","Zap","Dualcast+1","Cold Snap+1","Cold Snap","Barrage","Beam Cell+1","Conserve Battery+1","Steam","Redo+1","Blizzard+1","Cold Snap","Reboot","Ball Lightning","Coolheaded+1","Compile Driver","Meteor Strike","Cold Snap"],"relics":["Cracked Core","Pantograph","Bronze Scales","Lantern","Happy Flower","Velvet Choker","Omamori","Gremlin Horn","Regal Pillow","Sundial"],"potions_floor_usage":[8,10,10,13,29,33,33],"damage_taken":[{"damage":5,"enemies":"Small Slimes","floor":1,"turns":3},{"damage":0,"enemies":"Cultist","floor":3,"turns":3},{"damage":0,"enemies":"Jaw Worm","floor":4,"turns":3},{"damage":2,"enemies":"Red Slaver","floor":5,"turns":3},{"damage":8,"enemies":"Exordium Thugs","floor":7,"turns":4},{"damage":23,"enemies":"Gremlin Nob","floor":8,"turns":4},{"damage":7,"enemies":"3 Sentries","floor":10,"turns":6},{"damage":4,"enemies":"Looter","floor":11,"turns":2},{"damage":23,"enemies":"Gremlin Nob","floor":13,"turns":3},{"damage":38,"enemies":"Slime Boss","floor":16,"turns":11},{"damage":6,"enemies":"Chosen","floor":18,"turns":6},{"damage":32,"enemies":"Book of Stabbing","floor":24,"turns":5},{"damage":0,"enemies":"3 Byrds","floor":28,"turns":3},{"damage":24,"enemies":"Slavers","floor":29,"turns":4},{"damage":8,"enemies":"Snecko","floor":30,"turns":5},{"damage":10,"enemies":"Snake Plant","floor":31,"turns":3},{"damage":83,"enemies":"Collector","floor":33,"turns":10}],"seed_played":"-3163426104129285102","potions_obtained":[{"floor":3,"key":"Fire Potion"},{"floor":5,"key":"PowerPotion"},{"floor":8,"key":"AttackPotion"},{"floor":10,"key":"Swift Potion"},{"floor":16,"key":"Fire Potion"},{"floor":24,"key":"Strength Potion"},{"floor":28,"key":"SteroidPotion"},{"floor":29,"key":"Weak Potion"}],"is_trial":false,"path_per_floor":["M","?","M","M","M","R","M","E","T","E","M","R","E","?","R","B",null,"M","T","$","?","?","R","E","R","T","R","M","E","M","M","R","B"],"character_chosen":"DEFECT","items_purchased":["Gremlin Horn"],"campfire_rested":3,"item_purchase_floors":[20],"current_hp_per_floor":[59,59,59,59,57,57,49,26,26,19,15,36,13,71,71,33,62,56,56,56,56,56,56,24,60,60,60,60,36,28,18,54,0],"gold":155,"neow_bonus":"REMOVE_CARD","is_prod":false,"is_daily":false,"chose_seed":false,"campfire_upgraded":4,"win_rate":0,"timestamp":1558751884,"path_taken":["M","?","M","M","M","R","M","E","T","E","?","R","E","?","R","BOSS","M","?","?","?","?","R","E","R","T","R","M","E","?","M","R","BOSS"],"build_version":"2019-01-23","purchased_purges":1,"victory":false,"max_hp_per_floor":[71,71,71,71,71,71,71,71,71,71,71,71,71,71,71,71,71,71,71,71,71,71,71,71,71,71,71,71,71,71,71,71,71],"card_choices":[{"not_picked":["Leap","Compile Driver"],"picked":"Cold Snap","floor":1},{"not_picked":["Gash","Auto Shields"],"picked":"Cold Snap","floor":3},{"not_picked":["Beam Cell","Storm"],"picked":"Barrage","floor":4},{"not_picked":["Steam","Static Discharge"],"picked":"Beam Cell","floor":5},{"not_picked":["White Noise","Double Energy"],"picked":"Conserve Battery","floor":7},{"not_picked":["Streamline","Chaos"],"picked":"Steam","floor":8},{"not_picked":["Hello World","BootSequence"],"picked":"Redo","floor":10},{"not_picked":["Sweeping Beam","Self Repair"],"picked":"Blizzard","floor":11},{"not_picked":["FTL","Chaos"],"picked":"Cold Snap","floor":13},{"not_picked":["Seek","Meteor Strike"],"picked":"Reboot","floor":16},{"not_picked":["Beam Cell+1","Auto Shields"],"picked":"Ball Lightning","floor":18},{"not_picked":["BootSequence","Loop"],"picked":"Coolheaded+1","floor":24},{"not_picked":["Fusion","Streamline"],"picked":"Compile Driver","floor":28},{"not_picked":["Sunder","Static Discharge"],"picked":"Meteor Strike","floor":29},{"not_picked":["Gash+1","Conserve Battery","Genetic Algorithm"],"picked":"SKIP","floor":30},{"not_picked":["Beam Cell","Stack"],"picked":"Cold Snap","floor":31}],"player_experience":5151029,"relics_obtained":[{"floor":8,"key":"Pantograph"},{"floor":9,"key":"Bronze Scales"},{"floor":10,"key":"Lantern"},{"floor":13,"key":"Happy Flower"},{"floor":19,"key":"Omamori"},{"floor":24,"key":"Regal Pillow"},{"floor":29,"key":"Sundial"}],"event_choices":[{"damage_healed":0,"gold_gain":0,"player_choice":"Upgraded","damage_taken":0,"max_hp_gain":0,"max_hp_loss":0,"event_name":"Upgrade Shrine","floor":2,"gold_loss":0,"cards_upgraded":["Cold Snap"]},{"damage_healed":58,"gold_gain":0,"player_choice":"Full Heal","damage_taken":0,"max_hp_gain":0,"max_hp_loss":0,"event_name":"Wheel of Change","floor":14,"gold_loss":0},{"damage_healed":0,"gold_gain":0,"player_choice":"Ignored","damage_taken":0,"max_hp_gain":0,"max_hp_loss":0,"event_name":"Ghosts","floor":21,"gold_loss":0},{"damage_healed":0,"gold_gain":0,"player_choice":"Upgraded","damage_taken":0,"max_hp_gain":0,"max_hp_loss":0,"event_name":"Upgrade Shrine","floor":22,"gold_loss":0,"cards_upgraded":["Blizzard"]}],"is_beta":false,"boss_relics":[{"not_picked":["Coffee Dripper","Runic Pyramid"],"picked":"Velvet Choker"}],"items_purged_floors":[20],"is_endless":false,"potions_floor_spawned":[3,5,8,10,16,24,28,29],"killed_by":"Collector","ascension_level":20}