{"gold_per_floor":[109,109,109,73,73,104,104,148,148,172,192,212,21,61,61,185,185,204,329,239,253,253,292,305,305,305,305,104,128,163,188,188,316,316,330,455,455,479,479,520,520,543,568,599,599,635,635,653,653,653],"floor_reached":51,"playtime":3360,"items_purged":["Strike_R"],"score":1247,"play_id":"58fbffa8-f952-4da8-8466-9826058517b5","local_time":"20190602235413","is_ascension_mode":true,"campfire_choices":[{"data":"Bash","floor":7,"key":"SMITH"},{"floor":15,"key":"REST"},{"floor":25,"key":"REST"},{"floor":27,"key":"REST"},{"data":"Demon Form","floor":32,"key":"SMITH"},{"data":"Power Through","floor":41,"key":"SMITH"},{"data":"Offering","floor":45,"key":"SMITH"},{"data":"Offering","floor":47,"key":"SMITH"},{"data":"Rage","floor":49,"key":"SMITH"}],"neow_cost":"NONE","seed_source_timestamp":185787636493112,"circlet_count":0,"master_deck":["Strike_R","Strike_R","Strike_R","Defend_R","Defend_R","Defend_R+1","Defend_R","Bash+1","Bludgeon","Thunderclap","Thunderclap","Rage+1","Demon Form+1","Reaper","Twin Strike","Power Through+1","Offering+1","Bandage Up","Offering+1"],"relics":["Burning Blood","Golden Idol","Champion Belt","Singing Bowl","Shuriken","Medical Kit","Lantern","Sozu","Charon\u0027s Ashes","Pear","Pantograph","Question Card","Kunai","Philosopher\u0027s Stone","Incense Burner","Dream Catcher","Dead Branch","Smiling Mask","Blood Vial","Gambling Chip"],"potions_floor_usage":[8,12,16,30],"damage_taken":[{"damage":12,"enemies":"Jaw Worm","floor":1,"turns":2},{"damage":35,"enemies":"3 Sentries","floor":6,"turns":8},{"damage":26,"enemies":"Gremlin Nob","floor":8,"turns":5},{"damage":0,"enemies":"Small Slimes","floor":10,"turns":2},{"damage":0,"enemies":"Cultist","floor":11,"turns":3},{"damage":13,"enemies":"Large Slime","floor":12,"turns":4},{"damage":29,"enemies":"3 Sentries","floor":14,"turns":9},{"damage":41,"enemies":"Hexaghost","floor":16,"turns":14},{"damage":0,"enemies":"3 Byrds","floor":18,"turns":5},{"damage":22,"enemies":"Colosseum Slavers","floor":19,"turns":5},{"damage":20,"enemies":"Colosseum Nobs","floor":19,"turns":6},{"damage":6,"enemies":"Spheric Guardian","floor":21,"turns":3},{"damage":38,"enemies":"Book of Stabbing","floor":23,"turns":5},{"damage":17,"enemies":"Snecko","floor":24,"turns":5},{"damage":24,"enemies":"Snake Plant","floor":29,"turns":4},{"damage":16,"enemies":"Gremlin Leader","floor":30,"turns":6},{"damage":6,"enemies":"Cultist and Chosen","floor":31,"turns":6},{"damage":109,"enemies":"Collector","floor":33,"turns":9},{"damage":0,"enemies":"3 Shapes","floor":35,"turns":4},{"damage":6,"enemies":"Mind Bloom Boss Battle","floor":36,"turns":4},{"damage":24,"enemies":"3 Darklings","floor":38,"turns":5},{"damage":32,"enemies":"Nemesis","floor":40,"turns":7},{"damage":6,"enemies":"4 Shapes","floor":42,"turns":3},{"damage":24,"enemies":"Giant Head","floor":44,"turns":7},{"damage":15,"enemies":"Reptomancer","floor":46,"turns":3},{"damage":32,"enemies":"Maw","floor":48,"turns":4},{"damage":75,"enemies":"Time Eater","floor":50,"turns":7}],"seed_played":"1875101638720893702","potions_obtained":[{"floor":1,"key":"Weak Potion"},{"floor":6,"key":"BloodPotion"},{"floor":12,"key":"Swift Potion"},{"floor":16,"key":"FearPotion"}],"is_trial":false,"path_per_floor":["M","?","?","?","$","E","R","E","T","M","M","M","$","E","R","B",null,"M","?","?","M","$","E","M","R","T","R","$","M","E","M","R","B",null,"M","?","?","M","T","E","R","M","T","E","R","E","R","M","R","B",null],"character_chosen":"IRONCLAD","items_purchased":["Medical Kit","Twin Strike","Power Through"],"campfire_rested":3,"item_purchase_floors":[13,28,28],"current_hp_per_floor":[66,66,71,71,71,42,42,31,31,39,45,40,40,19,45,12,70,78,60,60,60,60,28,26,57,57,88,88,77,81,94,94,41,94,102,115,115,117,117,97,97,115,115,118,118,123,123,121,121,99],"gold":653,"neow_bonus":"ONE_RANDOM_RARE_CARD","is_prod":false,"is_daily":false,"chose_seed":false,"campfire_upgraded":6,"win_rate":0,"timestamp":1559534053,"path_taken":["M","?","?","?","?","E","R","E","T","M","M","?","$","E","R","BOSS","M","?","?","M","$","E","M","R","T","R","$","?","E","M","R","BOSS","M","?","?","M","?","E","R","M","T","E","R","E","R","M","R","BOSS"],"build_version":"2019-01-23","purchased_purges":1,"victory":true,"max_hp_per_floor":[80,74,79,79,79,79,79,81,81,83,83,85,85,87,87,89,89,91,103,103,103,103,103,105,105,105,105,105,107,109,111,111,111,111,113,115,115,117,117,119,119,121,121,121,121,123,123,125,125,125],"card_choices":[{"not_picked":["Searing Blow","Infernal Blade"],"picked":"Thunderclap","floor":1},{"not_picked":["Feel No Pain","Reckless Charge"],"picked":"Thunderclap","floor":6},{"not_picked":["Thunderclap","Shockwave","Flex"],"picked":"Singing Bowl","floor":8},{"not_picked":["Flame Barrier","Second Wind","Whirlwind"],"picked":"Singing Bowl","floor":10},{"not_picked":["Heavy Blade","Havoc"],"picked":"Rage","floor":11},{"not_picked":["Rupture","Pommel Strike","Cleave"],"picked":"Singing Bowl","floor":12},{"not_picked":["Perfected Strike","Armaments","Limit Break"],"picked":"Singing Bowl","floor":14},{"not_picked":["Double Tap","Fiend Fire","Berserk"],"picked":"Singing Bowl","floor":16},{"not_picked":["Body Slam","Flame Barrier","Pummel+1"],"picked":"Singing Bowl","floor":18},{"not_picked":["Wild Strike+1","Clash+1","Rage"],"picked":"Singing Bowl","floor":19},{"not_picked":["Power Through","Twin Strike"],"picked":"Demon Form","floor":21},{"not_picked":["Disarm","Ghostly Armor"],"picked":"Reaper","floor":23},{"not_picked":["Headbutt","Shrug It Off","Clothesline"],"picked":"Singing Bowl","floor":24},{"not_picked":["Pommel Strike","Heavy Blade","Disarm+1","Demon Form"],"picked":"Singing Bowl","floor":29},{"not_picked":["Warcry","Juggernaut","Twin Strike","Double Tap"],"picked":"Singing Bowl","floor":30},{"not_picked":["Heavy Blade","Twin Strike+1","Seeing Red","Flex"],"picked":"Singing Bowl","floor":31},{"not_picked":["Fiend Fire","Immolate","Barricade"],"picked":"Offering","floor":33},{"not_picked":["Intimidate+1","Pommel Strike+1","Twin Strike","Anger+1"],"picked":"Singing Bowl","floor":35},{"not_picked":["Flex","Rage+1","Iron Wave","Entrench+1"],"picked":"Singing Bowl","floor":36},{"not_picked":["Dark Shackles","Jack Of All Trades","Purity"],"picked":"Bandage Up","floor":37},{"not_picked":["Armaments+1","Thunderclap+1","True Grit+1","Demon Form"],"picked":"Singing Bowl","floor":38},{"not_picked":["Battle Trance","Anger","Evolve","Headbutt+1"],"picked":"Singing Bowl","floor":40},{"not_picked":["Clothesline","Heavy Blade","Shrug It Off+1","Carnage+1"],"picked":"Singing Bowl","floor":42},{"not_picked":["Headbutt+1","Clothesline","Exhume"],"picked":"Offering","floor":44},{"not_picked":["Clothesline","Headbutt+1","Rampage","Thunderclap+1"],"picked":"Singing Bowl","floor":46},{"not_picked":["Havoc+1","Clash+1","Cleave","Thunderclap+1"],"picked":"Singing Bowl","floor":48}],"player_experience":374014,"relics_obtained":[{"floor":6,"key":"Champion Belt"},{"floor":8,"key":"Singing Bowl"},{"floor":9,"key":"Shuriken"},{"floor":14,"key":"Lantern"},{"floor":19,"key":"Charon\u0027s Ashes"},{"floor":19,"key":"Pear"},{"floor":23,"key":"Pantograph"},{"floor":26,"key":"Question Card"},{"floor":30,"key":"Kunai"},{"floor":36,"key":"Incense Burner"},{"floor":39,"key":"Dream Catcher"},{"floor":40,"key":"Dead Branch"},{"floor":43,"key":"Smiling Mask"},{"floor":44,"key":"Blood Vial"},{"floor":46,"key":"Gambling Chip"}],"event_choices":[{"damage_healed":0,"gold_gain":0,"player_choice":"Lose Max HP","damage_taken":0,"relics_obtained":["Golden Idol"],"max_hp_gain":0,"max_hp_loss":6,"event_name":"Golden Idol","floor":2,"gold_loss":0},{"damage_healed":0,"gold_gain":0,"player_choice":"Donut","damage_taken":0,"max_hp_gain":5,"max_hp_loss":0,"event_name":"Big Fish","floor":3,"gold_loss":0},{"damage_healed":0,"gold_gain":0,"player_choice":"Left Gold","damage_taken":0,"max_hp_gain":0,"max_hp_loss":0,"event_name":"World of Goop","floor":4,"gold_loss":36},{"damage_healed":0,"gold_gain":0,"player_choice":"Fight","damage_taken":0,"max_hp_gain":0,"max_hp_loss":0,"event_name":"Colosseum","floor":19,"gold_loss":0},{"damage_healed":0,"gold_gain":0,"player_choice":"Fought Nobs","damage_taken":0,"max_hp_gain":0,"max_hp_loss":0,"event_name":"Colosseum","floor":19,"gold_loss":0},{"cards_removed":["Strike_R"],"damage_healed":0,"gold_gain":0,"player_choice":"Upgrade and Remove","damage_taken":0,"max_hp_gain":0,"max_hp_loss":0,"event_name":"Designer","floor":20,"gold_loss":90,"cards_upgraded":["Defend_R"]},{"damage_healed":0,"gold_gain":0,"player_choice":"Fight","damage_taken":0,"max_hp_gain":0,"max_hp_loss":0,"event_name":"MindBloom","floor":36,"gold_loss":0},{"damage_healed":0,"gold_gain":0,"player_choice":"Memory 1","damage_taken":0,"max_hp_gain":0,"max_hp_loss":0,"event_name":"SensoryStone","floor":37,"gold_loss":0}],"is_beta":false,"boss_relics":[{"not_picked":["Coffee Dripper","Cursed Key"],"picked":"Sozu"},{"not_picked":["Empty Cage","Tiny House"],"picked":"Philosopher\u0027s Stone"}],"items_purged_floors":[28],"is_endless":false,"potions_floor_spawned":[1,6,12,16,19,19,21,29,31,33,38,40,46],"ascension_level":9}