{"gold_per_floor":[112,129,140,22,72,72,82,116,116,16,16,28,38,38,38,116,116,134,134,59,22,22,22],"floor_reached":23,"playtime":697,"items_purged":["Strike_B","Defend_B"],"score":378,"play_id":"7113e895-f59f-4329-82f0-91505c826d0d","local_time":"20190501012532","is_ascension_mode":true,"campfire_choices":[{"data":"Darkness","floor":6.0,"key":"SMITH"},{"data":"Redo","floor":11.0,"key":"SMITH"},{"data":"Fusion","floor":15.0,"key":"SMITH"}],"neow_cost":"NONE","seed_source_timestamp":857735516413000,"circlet_count":0,"master_deck":["AscendersBane","Strike_B","Defend_B","Defend_B","Defend_B","Zap","Dualcast","Redo+1","Undo","Streamline","Darkness+1","Auto Shields","Fusion+1","Echo Form","Reinforced Body"],"special_seed":0,"relics":["Cracked Core","Incense Burner","Question Card","Runic Pyramid"],"potions_floor_usage":[16,16],"damage_taken":[{"damage":1.0,"enemies":"Cultist","floor":1.0,"turns":3.0},{"damage":1.0,"enemies":"Small Slimes","floor":2.0,"turns":4.0},{"damage":1.0,"enemies":"2 Louse","floor":3.0,"turns":3.0},{"damage":7.0,"enemies":"Exordium Wildlife","floor":7.0,"turns":5.0},{"damage":15.0,"enemies":"Lagavulin","floor":8.0,"turns":6.0},{"damage":13.0,"enemies":"Exordium Thugs","floor":12.0,"turns":5.0},{"damage":0.0,"enemies":"3 Louse","floor":13.0,"turns":2.0},{"damage":18,"enemies":"Slime Boss","floor":16,"turns":16},{"damage":5,"enemies":"Spheric Guardian","floor":18,"turns":4},{"damage":38,"enemies":"Slavers","floor":23,"turns":2}],"seed_played":"-7243789937099129338","potions_obtained":[{"floor":7.0,"key":"Weak Potion"},{"floor":12.0,"key":"SkillPotion"},{"floor":13.0,"key":"Dexterity Potion"}],"is_trial":false,"path_per_floor":["M","M","M","$","?","R","M","E","T","$","R","M","M","?","R","B",null,"M","?","?","$","$","E"],"character_chosen":"DEFECT","items_purchased":["Darkness","Reinforced Body"],"campfire_rested":0,"item_purchase_floors":[4,21],"current_hp_per_floor":[63,62,61,61,61,61,54,39,39,39,39,26,26,26,26,8,55,50,30,30,30,30,0],"gold":22,"neow_bonus":"REMOVE_CARD","is_prod":false,"is_daily":false,"chose_seed":false,"campfire_upgraded":3,"win_rate":0,"timestamp":1556641532,"path_taken":["M","M","M","$","?","R","M","E","T","?","R","M","M","?","R","BOSS","M","?","?","?","$","E"],"build_version":"2019-01-23","purchased_purges":2,"victory":false,"max_hp_per_floor":[71,71,71,71,71,71,71,71,71,71,71,71,71,71,71,71,71,71,76,76,76,76,76],"card_choices":[{"not_picked":["Sweeping Beam","Beam Cell"],"picked":"Redo","floor":1.0},{"not_picked":["Blizzard","Gash"],"picked":"Undo","floor":2.0},{"not_picked":["Conserve Battery","Steam"],"picked":"Streamline","floor":3.0},{"not_picked":["Beam Cell","Conserve Battery","Defragment"],"picked":"SKIP","floor":7.0},{"not_picked":["Fission","Beam Cell","Reprogram"],"picked":"SKIP","floor":8.0},{"not_picked":["Streamline","Rebound","Capacitor"],"picked":"Auto Shields","floor":12.0},{"not_picked":["Genetic Algorithm","Conserve Battery","Beam Cell"],"picked":"Fusion","floor":13.0},{"not_picked":["Thunder Strike","Buffer","Electrodynamics"],"picked":"Echo Form","floor":16},{"not_picked":["Undo","Leap","Go for the Eyes","Stack"],"picked":"SKIP","floor":18}],"player_experience":4880977,"relics_obtained":[{"floor":8.0,"key":"Incense Burner"},{"floor":9.0,"key":"Question Card"}],"event_choices":[{"damage_healed":0.0,"max_hp_gain":0.0,"max_hp_loss":0.0,"gold_gain":50.0,"event_name":"Golden Shrine","player_choice":"Pray","floor":5.0,"gold_loss":0.0,"damage_taken":0.0},{"damage_healed":0.0,"max_hp_gain":0.0,"max_hp_loss":0.0,"gold_gain":0.0,"event_name":"Scrap Ooze","player_choice":"Fled","floor":14.0,"gold_loss":0.0,"damage_taken":0.0},{"damage_healed":0,"gold_gain":0,"player_choice":"Shed Blood","damage_taken":25,"max_hp_gain":5,"max_hp_loss":0,"event_name":"Forgotten Altar","floor":19,"gold_loss":0},{"cards_removed":["Strike_B"],"damage_healed":0,"gold_gain":0,"player_choice":"Gave Gold","damage_taken":0,"max_hp_gain":0,"max_hp_loss":0,"event_name":"Beggar","floor":20,"gold_loss":75}],"is_beta":false,"boss_relics":[{"not_picked":["Inserter","Black Star"],"picked":"Runic Pyramid"}],"items_purged_floors":[4,10],"is_endless":false,"potions_floor_spawned":[7,12,13],"killed_by":"Slavers","ascension_level":20}