{"gold_per_floor":[117,127,127,6,6,6,49,49,49,49,49,73,94,127,127,226,226,240,254,254,270,68,129,129,228,252,268,268,309,324,249,249,343,343,366,390,39,39,39,39,73,73,73,107,107,17,30,30,30,30],"floor_reached":51,"playtime":2851,"items_purged":["Strike_B","Strike_B+1","Defend_B+1","Decay"],"score":1261,"play_id":"d0a4cff3-9c2c-4a91-a52e-c200dc15a749","local_time":"20190208231137","is_ascension_mode":true,"campfire_choices":[{"data":"Dualcast","floor":6.0,"key":"SMITH"},{"data":"Streamline","floor":8.0,"key":"SMITH"},{"data":"Conserve Battery","floor":10.0,"key":"SMITH"},{"data":"Seek","floor":15.0,"key":"SMITH"},{"data":"Electrodynamics","floor":24.0,"key":"SMITH"},{"floor":28.0,"key":"REST"},{"data":"Creative AI","floor":32.0,"key":"SMITH"},{"data":"Coolheaded","floor":40.0,"key":"SMITH"},{"data":"Defragment","floor":42.0,"key":"SMITH"},{"floor":45,"key":"REST"},{"floor":49,"key":"REST"}],"neow_cost":"NONE","seed_source_timestamp":2533442757529204,"circlet_count":0,"master_deck":["AscendersBane","Defend_B+1","Defend_B+1","Defend_B+1","Zap+1","Dualcast+1","Streamline+1","Cold Snap","Conserve Battery+1","Compile Driver+1","Echo Form","Consume+1","Leap","Seek+1","Electrodynamics+1","Fusion+1","Conserve Battery+1","Coolheaded+1","Chill+1","Undo","Creative AI+1","Defragment+1","Thunder Strike","Lockon","Double Energy","Hologram+1","Heatsinks","White Noise+1","Finesse"],"special_seed":0,"relics":["Cracked Core","NeowsBlessing","Golden Idol","Pear","Question Card","Whetstone","Philosopher\u0027s Stone","Tiny Chest","Orichalcum","Bag of Marbles","Cursed Key","PreservedInsect","Smiling Mask","War Paint"],"potions_floor_usage":[44,50,50],"damage_taken":[{"damage":0.0,"enemies":"Small Slimes","floor":1.0,"turns":1.0},{"damage":0.0,"enemies":"Jaw Worm","floor":2.0,"turns":1.0},{"damage":0.0,"enemies":"Lagavulin","floor":7.0,"turns":1.0},{"damage":0.0,"enemies":"Cultist","floor":12.0,"turns":2.0},{"damage":20.0,"enemies":"Gremlin Gang","floor":13.0,"turns":5.0},{"damage":0.0,"enemies":"3 Sentries","floor":14.0,"turns":5.0},{"damage":20.0,"enemies":"Slime Boss","floor":16.0,"turns":7.0},{"damage":13.0,"enemies":"2 Thieves","floor":18.0,"turns":3.0},{"damage":0.0,"enemies":"3 Byrds","floor":19.0,"turns":2.0},{"damage":0.0,"enemies":"3 Cultists","floor":21.0,"turns":4.0},{"damage":6.0,"enemies":"Gremlin Leader","floor":23.0,"turns":5.0},{"damage":9.0,"enemies":"Cultist and Chosen","floor":27.0,"turns":6.0},{"damage":23.0,"enemies":"Slavers","floor":29.0,"turns":6.0},{"damage":0.0,"enemies":"Snecko","floor":30.0,"turns":7.0},{"damage":13.0,"enemies":"Champ","floor":33.0,"turns":13.0},{"damage":12.0,"enemies":"Orb Walker","floor":35.0,"turns":6.0},{"damage":9.0,"enemies":"3 Darklings","floor":36.0,"turns":4.0},{"damage":2.0,"enemies":"Nemesis","floor":41.0,"turns":5.0},{"damage":38,"enemies":"Giant Head","floor":44,"turns":11},{"damage":5,"enemies":"Writhing Mass","floor":47,"turns":10},{"damage":1,"enemies":"Donu and Deca","floor":50,"turns":8}],"seed_played":"8237453250636252044","potions_obtained":[{"floor":1.0,"key":"EntropicBrew"},{"floor":7.0,"key":"Weak Potion"},{"floor":12.0,"key":"SteroidPotion"},{"floor":13.0,"key":"FocusPotion"},{"floor":23.0,"key":"Swift Potion"},{"floor":27.0,"key":"SteroidPotion"},{"floor":30.0,"key":"SkillPotion"},{"floor":41.0,"key":"Regen Potion"},{"floor":47,"key":"GamblersBrew"}],"is_trial":false,"path_per_floor":["M","M","?","$","?","R","E","R","T","R","?","M","M","E","R","B",null,"M","M","?","M","$","E","R","?","T","M","R","E","M","?","R","B",null,"M","M","$","?","$","R","E","R","T","E","R","$","M","?","R","B",null],"character_chosen":"DEFECT","items_purchased":["Conserve Battery","Coolheaded","FocusPotion","PreservedInsect","Ancient Potion","Heatsinks"],"campfire_rested":3,"item_purchase_floors":[4,22,22,37,37,46],"current_hp_per_floor":[68,68,53,53,35,35,45,45,45,45,45,45,25,25,25,5,65,52,52,52,52,52,46,46,46,46,37,62,39,39,39,39,26,70,58,49,49,49,49,49,47,47,47,24,49,49,44,44,69,68],"gold":30,"neow_bonus":"THREE_ENEMY_KILL","is_prod":false,"is_daily":false,"chose_seed":false,"campfire_upgraded":8,"win_rate":0,"timestamp":1549635097,"path_taken":["M","M","?","$","?","R","E","R","T","R","?","M","?","E","R","BOSS","M","?","?","M","$","E","R","?","T","M","R","E","M","?","R","BOSS","M","M","$","?","$","R","E","R","T","E","R","?","M","?","R","BOSS"],"build_version":"2019-01-23","purchased_purges":4,"victory":true,"max_hp_per_floor":[75,75,75,75,75,75,85,85,85,85,85,85,85,85,85,85,85,85,85,85,85,85,85,85,85,85,85,85,85,85,85,85,85,85,85,85,85,85,85,85,85,85,85,85,85,85,85,85,85,85],"card_choices":[{"not_picked":["FTL","Turbo"],"picked":"Streamline","floor":1.0},{"not_picked":["Skim","Storm"],"picked":"Cold Snap","floor":2.0},{"not_picked":["BootSequence","Darkness"],"picked":"Compile Driver","floor":7.0},{"not_picked":["Compile Driver","Redo","Static Discharge"],"picked":"Consume","floor":12.0},{"not_picked":["Redo","Reinforced Body","Streamline"],"picked":"Leap","floor":13.0},{"not_picked":["Barrage","Compile Driver","BootSequence"],"picked":"Seek","floor":14.0},{"not_picked":["Fission","All For One","Echo Form"],"picked":"Electrodynamics","floor":16.0},{"not_picked":["Heatsinks","Barrage","Cold Snap"],"picked":"Fusion+1","floor":18.0},{"not_picked":["Leap","Gash","Skim"],"picked":"Conserve Battery+1","floor":19.0},{"not_picked":["Gash","Reprogram","BootSequence","Rebound"],"picked":"SKIP","floor":21.0},{"not_picked":["Conserve Battery","Streamline","Cold Snap+1"],"picked":"Chill","floor":23.0},{"not_picked":["Ball Lightning","Turbo","Static Discharge"],"picked":"Undo","floor":27.0},{"not_picked":["Hologram","Reinforced Body","Darkness"],"picked":"Creative AI","floor":29.0},{"not_picked":["Barrage+1","Skim","Coolheaded"],"picked":"Defragment","floor":30.0},{"not_picked":["Fission","Hyperbeam","Electrodynamics"],"picked":"Thunder Strike","floor":33.0},{"not_picked":["Aggregate","Barrage","Stack"],"picked":"Lockon","floor":35.0},{"not_picked":["Ball Lightning","Conserve Battery","Genetic Algorithm"],"picked":"Double Energy","floor":36.0},{"not_picked":["Doom and Gloom+1","Skim","Loop","Melter"],"picked":"SKIP","floor":41.0},{"not_picked":["Reinforced Body+1","Melter","Sunder"],"picked":"Hologram+1","floor":44},{"not_picked":["Fusion","Cold Snap","Sweeping Beam"],"picked":"White Noise+1","floor":47},{"not_picked":["Flash of Steel","Jack Of All Trades","Enlightenment"],"picked":"Finesse","floor":48}],"player_experience":572815,"relics_obtained":[{"floor":7.0,"key":"Pear"},{"floor":9.0,"key":"Question Card"},{"floor":14.0,"key":"Whetstone"},{"floor":23.0,"key":"Tiny Chest"},{"floor":26.0,"key":"Orichalcum"},{"floor":29.0,"key":"Bag of Marbles"},{"floor":41.0,"key":"Smiling Mask"},{"floor":44,"key":"War Paint"}],"event_choices":[{"damage_healed":0.0,"max_hp_gain":0.0,"max_hp_loss":0.0,"gold_gain":0.0,"event_name":"Shining Light","player_choice":"Entered Light","floor":3.0,"gold_loss":0.0,"damage_taken":15.0,"cards_upgraded":["Strike_B","Zap"]},{"damage_healed":0.0,"max_hp_gain":0.0,"max_hp_loss":0.0,"gold_gain":0.0,"event_name":"Golden Idol","player_choice":"Take Damage","floor":5.0,"gold_loss":0.0,"damage_taken":18.0,"relics_obtained":["Golden Idol"]},{"damage_healed":0.0,"max_hp_gain":0.0,"max_hp_loss":0.0,"gold_gain":0.0,"cards_transformed":["Strike_B"],"event_name":"Transmorgrifier","player_choice":"Transformed","floor":11.0,"gold_loss":0.0,"damage_taken":0.0,"cards_obtained":["Echo Form"]},{"damage_healed":0.0,"max_hp_gain":0.0,"max_hp_loss":0.0,"gold_gain":0.0,"event_name":"Back to Basics","player_choice":"Simplicity","floor":20.0,"gold_loss":0.0,"damage_taken":0.0,"cards_upgraded":["Defend_B","Defend_B","Defend_B","Defend_B"]},{"damage_healed":0.0,"max_hp_gain":0.0,"max_hp_loss":0.0,"gold_gain":99.0,"event_name":"Nest","player_choice":"Stole From Cult","floor":25.0,"gold_loss":0.0,"damage_taken":0.0},{"cards_removed":["Strike_B"],"damage_healed":0.0,"max_hp_gain":0.0,"max_hp_loss":0.0,"gold_gain":0.0,"event_name":"Beggar","player_choice":"Gave Gold","floor":31.0,"gold_loss":75.0,"damage_taken":0.0},{"damage_healed":0.0,"max_hp_gain":0.0,"max_hp_loss":0.0,"gold_gain":0.0,"event_name":"Wheel of Change","player_choice":"Cursed","floor":38.0,"gold_loss":0.0,"damage_taken":0.0,"cards_obtained":["Decay"]},{"damage_healed":0,"gold_gain":0,"player_choice":"Memory 1","damage_taken":0,"max_hp_gain":0,"max_hp_loss":0,"event_name":"SensoryStone","floor":48,"gold_loss":0}],"is_beta":false,"boss_relics":[{"not_picked":["Astrolabe","Eternal Feather"],"picked":"Philosopher\u0027s Stone"},{"not_picked":["Velvet Choker","Nuclear Battery"],"picked":"Cursed Key"}],"items_purged_floors":[4,22,37,46],"is_endless":false,"potions_floor_spawned":[1,7,12,13,23,27,30,41,47],"ascension_level":13}