{"gold_per_floor":[111,111,111,122,122,153,153,178,204,204,238,249,79,91,91,164,164,134],"floor_reached":18,"playtime":1035,"items_purged":[],"score":355,"play_id":"d4cc0812-bf99-4373-93ca-597ecfcc96d7","local_time":"20190512135505","is_ascension_mode":true,"campfire_choices":[{"data":"Disarm","floor":7,"key":"SMITH"},{"floor":10,"key":"REST"},{"data":"Heavy Blade","floor":15,"key":"SMITH"}],"neow_cost":"NONE","seed_source_timestamp":2664870466659775,"circlet_count":0,"master_deck":["AscendersBane","Strike_R","Strike_R","Strike_R","Defend_R","Defend_R+1","Defend_R+1","Bash","Pommel Strike","Disarm+1","Flex","Rupture","Rupture","Dual Wield","Shrug It Off","Evolve","Heavy Blade+1","Exhume","Dark Embrace+1","Power Through+1","Berserk+1"],"relics":["Burning Blood","NeowsBlessing","War Paint","Letter Opener","Mummified Hand","Orichalcum","Question Card","Astrolabe"],"potions_floor_usage":[8,11,14],"damage_taken":[{"damage":0,"enemies":"Jaw Worm","floor":1,"turns":1},{"damage":0,"enemies":"Small Slimes","floor":4,"turns":1},{"damage":0,"enemies":"Lagavulin","floor":6,"turns":2},{"damage":36,"enemies":"Gremlin Nob","floor":8,"turns":5},{"damage":32,"enemies":"3 Sentries","floor":11,"turns":10},{"damage":0,"enemies":"2 Louse","floor":12,"turns":2},{"damage":6,"enemies":"Large Slime","floor":14,"turns":6},{"damage":67,"enemies":"Slime Boss","floor":16,"turns":16},{"damage":13,"enemies":"2 Thieves","floor":18,"turns":2}],"seed_played":"996890374797951843","potions_obtained":[{"floor":4,"key":"Regen Potion"},{"floor":8,"key":"Regen Potion"},{"floor":14,"key":"Dexterity Potion"}],"is_trial":false,"path_per_floor":["M","?","$","M","?","E","R","E","T","R","E","M","$","M","R","B",null,"M"],"character_chosen":"IRONCLAD","items_purchased":["Shrug It Off","Evolve","AttackPotion"],"campfire_rested":1,"item_purchase_floors":[13,13,13],"current_hp_per_floor":[74,74,74,75,70,75,75,54,54,75,64,70,70,70,70,9,59,46],"gold":134,"neow_bonus":"THREE_ENEMY_KILL","is_prod":false,"is_daily":false,"chose_seed":false,"campfire_upgraded":2,"win_rate":0,"timestamp":1557658505,"path_taken":["M","?","$","M","?","E","R","E","T","R","E","M","$","M","R","BOSS","M"],"build_version":"2019-01-23","purchased_purges":0,"victory":false,"max_hp_per_floor":[75,75,75,75,75,75,75,75,75,75,75,75,75,75,75,75,75,75],"card_choices":[{"not_picked":["Armaments","Flex"],"picked":"Pommel Strike","floor":1},{"not_picked":["Carnage","Combust"],"picked":"Disarm","floor":4},{"not_picked":["Sword Boomerang","Pummel"],"picked":"Flex","floor":6},{"not_picked":["True Grit","Fiend Fire"],"picked":"Rupture","floor":8},{"not_picked":["Anger","Combust"],"picked":"Rupture","floor":11},{"not_picked":["Wild Strike","Rage","Clothesline"],"picked":"Dual Wield","floor":12},{"not_picked":["Warcry","Clothesline","Burning Pact"],"picked":"Heavy Blade","floor":14},{"not_picked":["Offering","Impervious","Reaper"],"picked":"Exhume","floor":16}],"player_experience":1343346,"relics_obtained":[{"floor":6,"key":"Letter Opener"},{"floor":8,"key":"Mummified Hand"},{"floor":9,"key":"Orichalcum"},{"floor":11,"key":"Question Card"}],"event_choices":[{"damage_healed":0,"gold_gain":0,"player_choice":"Ignored","damage_taken":0,"max_hp_gain":0,"max_hp_loss":0,"event_name":"Golden Wing","floor":2,"gold_loss":0},{"damage_healed":0,"gold_gain":0,"player_choice":"Success","damage_taken":5,"relics_obtained":["War Paint"],"max_hp_gain":0,"max_hp_loss":0,"event_name":"Scrap Ooze","floor":5,"gold_loss":0}],"is_beta":false,"boss_relics":[{"not_picked":["White Beast Statue","Cursed Key"],"picked":"Astrolabe"}],"items_purged_floors":[],"is_endless":false,"potions_floor_spawned":[4,8,14],"killed_by":"2 Thieves","ascension_level":15}