{"gold_per_floor":[17,17,35,45,120,120,140,51,51,51,7,35,35,35,35,109,109,121,121,46,46,63,63,81,95,95,95],"floor_reached":27,"playtime":2189,"items_purged":["Pain"],"score":390,"play_id":"1501112d-5640-4830-9394-8c5c09297827","local_time":"20190327182737","is_ascension_mode":true,"campfire_choices":[{"data":"Uppercut","floor":6.0,"key":"SMITH"},{"data":"Armaments","floor":10.0,"key":"SMITH"},{"data":"Disarm","floor":13.0,"key":"SMITH"},{"floor":15.0,"key":"REST"},{"floor":23.0,"key":"REST"}],"neow_cost":"NO_GOLD","seed_source_timestamp":2394932574934493,"circlet_count":0,"master_deck":["AscendersBane","Strike_R","Strike_R","Strike_R","Strike_R","Defend_R","Defend_R","Defend_R","Defend_R","Bash","Disarm+1","Uppercut+1","True Grit","Armaments+1","Whirlwind","Inflame","Flex","Juggernaut+1","Fire Breathing+1","Battle Trance","Inflame+1","Entrench"],"special_seed":0,"relics":["Burning Blood","Gambling Chip","Anchor","Frozen Egg 2","Lizard Tail","WarpedTongs","Nunchaku"],"potions_floor_usage":[],"damage_taken":[{"damage":8.0,"enemies":"Small Slimes","floor":1.0,"turns":6.0},{"damage":0.0,"enemies":"Jaw Worm","floor":3.0,"turns":5.0},{"damage":1.0,"enemies":"Cultist","floor":4.0,"turns":3.0},{"damage":16.0,"enemies":"3 Louse","floor":7.0,"turns":7.0},{"damage":34.0,"enemies":"Gremlin Nob","floor":12.0,"turns":5.0},{"damage":18.0,"enemies":"Hexaghost","floor":16.0,"turns":13.0},{"damage":33.0,"enemies":"2 Thieves","floor":18.0,"turns":4.0},{"damage":32.0,"enemies":"Spheric Guardian","floor":22.0,"turns":5.0},{"damage":23.0,"enemies":"Centurion and Healer","floor":24.0,"turns":9.0},{"damage":9.0,"enemies":"Snake Plant","floor":25.0,"turns":6.0},{"damage":59,"enemies":"Gremlin Leader","floor":27,"turns":5}],"seed_played":"-7186901150037559056","potions_obtained":[{"floor":4.0,"key":"EssenceOfSteel"},{"floor":12.0,"key":"Fire Potion"},{"floor":22.0,"key":"Dexterity Potion"}],"is_trial":false,"path_per_floor":["M","?","M","M","?","R","M","$","T","R","$","E","R","$","R","B",null,"M","?","$","$","M","R","M","M","T","E"],"character_chosen":"IRONCLAD","items_purchased":["Whirlwind","Inflame"],"campfire_rested":2,"item_purchase_floors":[8,11],"current_hp_per_floor":[66,59,65,70,59,59,49,49,49,49,49,21,21,21,43,31,64,37,37,37,37,11,33,16,13,13,0],"gold":95,"neow_bonus":"ONE_RARE_RELIC","is_prod":false,"is_daily":false,"chose_seed":false,"campfire_upgraded":3,"win_rate":0,"timestamp":1553678857,"path_taken":["M","?","M","M","?","R","M","$","T","R","$","E","R","?","R","BOSS","M","?","?","$","M","R","M","M","T","E"],"build_version":"2019-03-15","purchased_purges":1,"victory":false,"max_hp_per_floor":[75,75,75,75,75,75,75,75,75,75,75,75,75,75,75,75,75,75,75,75,75,75,75,75,75,75,75],"card_choices":[{"not_picked":["Sword Boomerang","Searing Blow"],"picked":"Disarm","floor":1.0},{"not_picked":["Sword Boomerang","Metallicize"],"picked":"Uppercut","floor":3.0},{"not_picked":["Flex","Blood for Blood"],"picked":"True Grit","floor":4.0},{"not_picked":["Perfected Strike","Havoc"],"picked":"Armaments","floor":7.0},{"not_picked":["Cleave","Body Slam"],"picked":"Flex","floor":12.0},{"not_picked":["Dark Embrace+1","Offering"],"picked":"Juggernaut+1","floor":16.0},{"not_picked":["Heavy Blade","Twin Strike+1"],"picked":"Fire Breathing+1","floor":18.0},{"not_picked":["Corruption+1","Anger"],"picked":"Battle Trance","floor":22.0},{"not_picked":["Sever Soul","True Grit"],"picked":"Inflame+1","floor":24.0},{"not_picked":["Cleave","Pummel"],"picked":"Entrench","floor":25.0}],"player_experience":2745643,"relics_obtained":[{"floor":9.0,"key":"Anchor"},{"floor":12.0,"key":"Frozen Egg 2"},{"floor":26.0,"key":"Nunchaku"}],"event_choices":[{"cards_removed":["Strike_R"],"damage_healed":0.0,"max_hp_gain":0.0,"max_hp_loss":0.0,"gold_gain":0.0,"event_name":"Golden Wing","player_choice":"Card Removal","floor":2.0,"gold_loss":0.0,"damage_taken":7.0},{"damage_healed":0.0,"max_hp_gain":0.0,"max_hp_loss":0.0,"gold_gain":75.0,"event_name":"World of Goop","player_choice":"Gather Gold","floor":5.0,"gold_loss":0.0,"damage_taken":11.0},{"damage_healed":0.0,"max_hp_gain":0.0,"max_hp_loss":0.0,"gold_gain":0.0,"event_name":"Accursed Blacksmith","player_choice":"Rummage","floor":19.0,"gold_loss":0.0,"damage_taken":0.0,"relics_obtained":["WarpedTongs"],"cards_obtained":["Pain"]}],"is_beta":true,"boss_relics":[{"not_picked":["Empty Cage","Orrery"],"picked":"Lizard Tail"}],"items_purged_floors":[20],"is_endless":false,"potions_floor_spawned":[4,12,22],"killed_by":"Gremlin Leader","ascension_level":17}