{"gold_per_floor":[115,40,40,53,53,86,86,101,101,113,113,169,180,180,180,253,253,271,271,46,58,157,157,188,188,188,188,188,215,228,228,228,228],"floor_reached":33,"playtime":1404,"items_purged":["Strike_R","Strike_R"],"score":472,"play_id":"fe8b800f-04e0-48d8-a505-443d3b1e57c5","local_time":"20190207211010","is_ascension_mode":true,"campfire_choices":[{"data":"True Grit","floor":7.0,"key":"SMITH"},{"data":"Entrench","floor":11.0,"key":"SMITH"},{"data":"Rampage","floor":15.0,"key":"SMITH"},{"floor":23.0,"key":"REST"},{"data":"Second Wind","floor":25.0,"key":"SMITH"},{"data":"Shrug It Off","floor":27.0,"key":"SMITH"},{"floor":32.0,"key":"REST"}],"neow_cost":"NONE","seed_source_timestamp":2441150901168384,"circlet_count":0,"master_deck":["AscendersBane","Defend_R","Defend_R","Defend_R","Defend_R","Bash","Flex","True Grit+1","Rampage+1","Power Through","Entrench+1","Shrug It Off+1","Offering","Master of Strategy","Anger+1","Second Wind+1","Sword Boomerang+1","Offering","Necronomicurse"],"special_seed":0,"relics":["Burning Blood","NeowsBlessing","Ginger","Smiling Mask","Charon\u0027s Ashes","Oddly Smooth Stone","Dodecahedron","Empty Cage","Orichalcum","Du-Vu Doll","Red Mask","Necronomicon"],"potions_floor_usage":[33],"damage_taken":[{"damage":0.0,"enemies":"2 Louse","floor":1.0,"turns":1.0},{"damage":0.0,"enemies":"Small Slimes","floor":4.0,"turns":1.0},{"damage":0.0,"enemies":"Gremlin Nob","floor":6.0,"turns":1.0},{"damage":5.0,"enemies":"Cultist","floor":8.0,"turns":5.0},{"damage":13.0,"enemies":"3 Louse","floor":10.0,"turns":4.0},{"damage":28.0,"enemies":"3 Sentries","floor":12.0,"turns":8.0},{"damage":5.0,"enemies":"Large Slime","floor":13.0,"turns":7.0},{"damage":34.0,"enemies":"Slime Boss","floor":16.0,"turns":12.0},{"damage":30.0,"enemies":"Chosen","floor":18.0,"turns":8.0},{"damage":19.0,"enemies":"Spheric Guardian","floor":21.0,"turns":13.0},{"damage":15.0,"enemies":"Slavers","floor":24.0,"turns":9.0},{"damage":6.0,"enemies":"Masked Bandits","floor":29.0,"turns":2.0},{"damage":12.0,"enemies":"Centurion and Healer","floor":30.0,"turns":8.0},{"damage":46,"enemies":"Collector","floor":33,"turns":6}],"seed_played":"8086577388588860292","potions_obtained":[{"floor":4.0,"key":"LiquidBronze"},{"floor":10.0,"key":"SteroidPotion"},{"floor":13.0,"key":"Regen Potion"},{"floor":24.0,"key":"AttackPotion"},{"floor":30.0,"key":"SpeedPotion"}],"is_trial":false,"path_per_floor":["M","$","?","M","?","E","R","M","T","M","R","?","M","T","R","B",null,"M","?","$","M","?","R","E","R","T","R","?","?","M","?","R","B"],"character_chosen":"IRONCLAD","items_purchased":["Master of Strategy"],"campfire_rested":2,"item_purchase_floors":[20],"current_hp_per_floor":[78,78,45,51,51,57,57,58,58,51,51,29,30,30,30,17,64,40,40,40,27,27,51,42,42,42,42,42,42,36,20,44,0],"gold":228,"neow_bonus":"THREE_ENEMY_KILL","is_prod":false,"is_daily":false,"chose_seed":false,"campfire_upgraded":5,"win_rate":0,"timestamp":1549541410,"path_taken":["M","$","?","M","?","E","R","M","T","M","R","?","M","?","R","BOSS","M","?","$","?","?","R","E","R","T","R","?","?","M","?","R","BOSS"],"build_version":"2019-01-23","purchased_purges":2,"victory":false,"max_hp_per_floor":[80,80,80,80,80,80,80,80,80,80,80,80,80,80,80,80,80,80,80,80,80,80,80,80,80,80,80,80,80,80,80,80,80],"card_choices":[{"not_picked":["Armaments","Havoc"],"picked":"Flex","floor":1.0},{"not_picked":["Metallicize","Flame Barrier"],"picked":"True Grit","floor":4.0},{"not_picked":["Thunderclap","Perfected Strike"],"picked":"Rampage","floor":6.0},{"not_picked":["Berserk","Sentinel"],"picked":"Power Through","floor":8.0},{"not_picked":["Twin Strike","Anger"],"picked":"Entrench","floor":10.0},{"not_picked":["Pummel","Thunderclap"],"picked":"Shrug It Off","floor":12.0},{"not_picked":["True Grit","Havoc","Burning Pact"],"picked":"SKIP","floor":13.0},{"not_picked":["Limit Break","Impervious"],"picked":"Offering","floor":16.0},{"not_picked":["Clash","Perfected Strike","Bloodletting"],"picked":"SKIP","floor":18.0},{"not_picked":["Perfected Strike","Cleave"],"picked":"Anger+1","floor":21.0},{"not_picked":["Pommel Strike","Heavy Blade"],"picked":"Second Wind","floor":24.0},{"not_picked":["Havoc","Heavy Blade"],"picked":"Sword Boomerang+1","floor":29.0},{"not_picked":["Anger","Headbutt"],"picked":"Offering","floor":30.0}],"player_experience":559920,"relics_obtained":[{"floor":6.0,"key":"Smiling Mask"},{"floor":9.0,"key":"Charon\u0027s Ashes"},{"floor":14.0,"key":"Dodecahedron"},{"floor":24.0,"key":"Orichalcum"},{"floor":26.0,"key":"Du-Vu Doll"},{"floor":29.0,"key":"Red Mask"},{"floor":31.0,"key":"Necronomicon"}],"event_choices":[{"damage_healed":0.0,"max_hp_gain":0.0,"max_hp_loss":0.0,"gold_gain":0.0,"event_name":"Scrap Ooze","player_choice":"Success","floor":3.0,"gold_loss":0.0,"damage_taken":33.0,"relics_obtained":["Ginger"]},{"damage_healed":0.0,"max_hp_gain":0.0,"max_hp_loss":0.0,"gold_gain":0.0,"event_name":"Liars Game","player_choice":"Ignored","floor":5.0,"gold_loss":0.0,"damage_taken":0.0},{"damage_healed":0.0,"max_hp_gain":0.0,"max_hp_loss":0.0,"gold_gain":0.0,"event_name":"Dead Adventurer","player_choice":"Searched \u00272\u0027 times","floor":12.0,"gold_loss":0.0,"damage_taken":0.0,"relics_obtained":["Oddly Smooth Stone"]},{"cards_removed":["Strike_R"],"damage_healed":0.0,"max_hp_gain":0.0,"max_hp_loss":0.0,"gold_gain":0.0,"event_name":"Purifier","player_choice":"Purged","floor":19.0,"gold_loss":0.0,"damage_taken":0.0},{"damage_healed":0.0,"max_hp_gain":0.0,"max_hp_loss":0.0,"gold_gain":99.0,"event_name":"Nest","player_choice":"Stole From Cult","floor":22.0,"gold_loss":0.0,"damage_taken":0.0},{"damage_healed":0.0,"max_hp_gain":0.0,"max_hp_loss":0.0,"gold_gain":0.0,"event_name":"Vampires","player_choice":"Ignored","floor":28.0,"gold_loss":0.0,"damage_taken":0.0},{"damage_healed":0.0,"max_hp_gain":0.0,"max_hp_loss":0.0,"gold_gain":0.0,"event_name":"Masked Bandits","player_choice":"Fought Bandits","floor":29.0,"gold_loss":0.0,"damage_taken":0.0},{"damage_healed":0.0,"max_hp_gain":0.0,"max_hp_loss":0.0,"gold_gain":0.0,"event_name":"Cursed Tome","player_choice":"Obtained Book","floor":31.0,"gold_loss":0.0,"damage_taken":16.0}],"is_beta":false,"boss_relics":[{"not_picked":["Snecko Eye","Black Star"],"picked":"Empty Cage"}],"items_purged_floors":[2,20],"is_endless":false,"potions_floor_spawned":[4,10,13,24,30],"killed_by":"Collector","ascension_level":13}