{"gold_per_floor":[119,132,132,148,148,178,178,188,215,227,227,279,279,299,299,299],"floor_reached":16,"playtime":542,"items_purged":[],"score":184,"play_id":"cde0ed7e-e300-4ba4-a57f-e010cec32f26","local_time":"20190513191306","is_ascension_mode":true,"campfire_choices":[{"floor":11,"key":"REST"},{"floor":13,"key":"REST"},{"data":"Defend_R","floor":15,"key":"SMITH"}],"neow_cost":"TEN_PERCENT_HP_LOSS","seed_source_timestamp":2770846606778738,"circlet_count":0,"master_deck":["AscendersBane","Strike_R","Strike_R","Strike_R","Strike_R","Strike_R","Defend_R","Defend_R","Defend_R","Defend_R+1","Bash","Inflame","Pommel Strike","Pommel Strike","Perfected Strike","Flame Barrier"],"relics":["Burning Blood","Ice Cream","Smiling Mask","Art of War","Red Skull","PreservedInsect"],"potions_floor_usage":[6,8],"damage_taken":[{"damage":1,"enemies":"Cultist","floor":1,"turns":3},{"damage":7,"enemies":"Jaw Worm","floor":2,"turns":3},{"damage":0,"enemies":"Small Slimes","floor":4,"turns":3},{"damage":30,"enemies":"3 Sentries","floor":6,"turns":8},{"damage":23,"enemies":"Exordium Thugs","floor":8,"turns":5},{"damage":11,"enemies":"2 Fungi Beasts","floor":10,"turns":3},{"damage":13,"enemies":"Red Slaver","floor":14,"turns":3},{"damage":0,"enemies":"Hexaghost","floor":16,"turns":1}],"seed_played":"-7850926107956583515","potions_obtained":[{"floor":4,"key":"SteroidPotion"},{"floor":6,"key":"SteroidPotion"},{"floor":14,"key":"SteroidPotion"}],"is_trial":false,"path_per_floor":["M","M","?","M","T","E","$","M","T","M","R","T","R","M","R","B"],"character_chosen":"IRONCLAD","items_purchased":[],"campfire_rested":2,"item_purchase_floors":[],"current_hp_per_floor":[68,67,67,68,68,44,44,27,27,22,42,42,62,55,55,55],"gold":299,"neow_bonus":"ONE_RARE_RELIC","is_prod":false,"is_daily":false,"chose_seed":false,"campfire_upgraded":1,"win_rate":0,"timestamp":1557763986,"path_taken":["M","M","?","M","?","E","?","M","T","?","R","?","R","M","R","BOSS"],"build_version":"2019-01-23","purchased_purges":0,"victory":false,"max_hp_per_floor":[68,68,68,68,68,68,68,68,68,68,68,68,68,68,68,68],"card_choices":[{"not_picked":["Twin Strike","Warcry"],"picked":"Inflame","floor":1},{"not_picked":["Clothesline","Twin Strike","True Grit"],"picked":"SKIP","floor":2},{"not_picked":["Combust","Flex"],"picked":"Pommel Strike","floor":4},{"not_picked":["Shrug It Off","Rage"],"picked":"Pommel Strike","floor":6},{"not_picked":["Battle Trance","Dual Wield","Ghostly Armor"],"picked":"SKIP","floor":8},{"not_picked":["Iron Wave","Rage"],"picked":"Perfected Strike","floor":10},{"not_picked":["Wild Strike","Twin Strike"],"picked":"Flame Barrier","floor":14}],"player_experience":1356028,"relics_obtained":[{"floor":5,"key":"Smiling Mask"},{"floor":6,"key":"Art of War"},{"floor":9,"key":"Red Skull"},{"floor":12,"key":"PreservedInsect"}],"event_choices":[{"damage_healed":0,"gold_gain":0,"player_choice":"Leave","damage_taken":0,"max_hp_gain":0,"max_hp_loss":0,"event_name":"The Cleric","floor":3,"gold_loss":0}],"is_beta":false,"boss_relics":[],"items_purged_floors":[],"is_endless":false,"potions_floor_spawned":[4,6,14],"killed_by":"Hexaghost","ascension_level":16}