{"gold_per_floor":[111,125,46,46,65,65,98,98,98,98,98,98,98,118,118,211,211,236,255,180,180,196,196],"floor_reached":23,"playtime":1356,"items_purged":[],"score":331,"play_id":"3e3af4da-3422-4aa8-87f4-88c99cc932ba","local_time":"20181126085316","is_ascension_mode":true,"campfire_choices":[{"data":"Noxious Fumes","floor":6,"key":"SMITH"},{"data":"Forethought","floor":8,"key":"SMITH"},{"data":"Neutralize","floor":10,"key":"SMITH"},{"data":"Backflip","floor":13,"key":"SMITH"},{"data":"Backflip","floor":15,"key":"SMITH"}],"neow_cost":"TEN_PERCENT_HP_LOSS","seed_source_timestamp":1001213445334031,"circlet_count":0,"master_deck":["AscendersBane","Defend_G","Defend_G","Defend_G","Defend_G","Defend_G","Strike_G+1","Strike_G","Strike_G","Strike_G","Survivor","Neutralize+1","Sadistic Nature","Forethought+1","Backflip+1","Bouncing Flask","Blur+1","Noxious Fumes+1","Backflip+1","Corpse Explosion","Footwork","Backflip"],"relics":["Ring of the Snake","Golden Idol","Torii","Bottled Flame","FaceOfCleric","Runic Pyramid"],"potions_floor_usage":[7,7,23],"damage_taken":[{"damage":0,"enemies":"Cultist","floor":1,"turns":4},{"damage":11,"enemies":"Jaw Worm","floor":2,"turns":9},{"damage":0,"enemies":"Small Slimes","floor":5,"turns":5},{"damage":15,"enemies":"3 Sentries","floor":7,"turns":8},{"damage":10,"enemies":"Gremlin Gang","floor":14,"turns":5},{"damage":22,"enemies":"The Guardian","floor":16,"turns":9},{"damage":0,"enemies":"Shell Parasite","floor":18,"turns":7},{"damage":1,"enemies":"3 Byrds","floor":19,"turns":4},{"damage":10,"enemies":"Centurion and Healer","floor":22,"turns":6},{"damage":37,"enemies":"Slavers","floor":23,"turns":5}],"seed_played":"9220038252121460763","potions_obtained":[{"floor":1,"key":"Regen Potion"},{"floor":2,"key":"SpeedPotion"},{"floor":7,"key":"FairyPotion"},{"floor":19,"key":"AttackPotion"}],"is_trial":false,"path_per_floor":["M","M","$","?","M","R","E","R","T","R","?","?","R","M","R","B",null,"M","M","?","?","M","E"],"character_chosen":"THE_SILENT","items_purchased":["Blur"],"campfire_rested":0,"item_purchase_floors":[3],"current_hp_per_floor":[59,48,48,48,48,48,47,47,47,47,31,31,31,22,22,6,44,45,45,45,39,30,0],"gold":196,"neow_bonus":"RANDOM_COLORLESS_2","is_prod":false,"is_daily":false,"chose_seed":true,"campfire_upgraded":5,"win_rate":0,"timestamp":1543189996,"path_taken":["M","M","$","?","M","R","E","R","T","R","?","?","R","M","R","BOSS","M","?","?","?","?","E"],"build_version":"2018-11-15","purchased_purges":0,"victory":false,"max_hp_per_floor":[60,60,60,54,54,54,54,54,54,54,54,54,54,55,55,56,56,57,58,58,58,59,59],"card_choices":[{"not_picked":["Poisoned Stab","Blade Dance"],"picked":"Backflip","floor":1},{"not_picked":["Skewer","Accuracy"],"picked":"Bouncing Flask","floor":2},{"not_picked":["Predator","Unload"],"picked":"Noxious Fumes","floor":5},{"not_picked":["Poisoned Stab","Riddle With Holes"],"picked":"Backflip","floor":7},{"not_picked":["Finisher","Quick Slash","Blade Dance"],"picked":"SKIP","floor":14},{"not_picked":["Finisher","Quick Slash","Blade Dance"],"picked":"SKIP","floor":14},{"not_picked":["Venomology","Die Die Die"],"picked":"Corpse Explosion","floor":16},{"not_picked":["Dodge and Roll","Deadly Poison+1"],"picked":"Footwork","floor":18},{"not_picked":["Poisoned Stab","Dagger Spray"],"picked":"Backflip","floor":19},{"not_picked":["Poisoned Stab","Blade Dance","Choke+1"],"picked":"SKIP","floor":22}],"player_experience":2452211,"relics_obtained":[{"floor":7,"key":"Torii"},{"floor":9,"key":"Bottled Flame"}],"event_choices":[{"damage_healed":0,"gold_gain":0,"player_choice":"Lose Max HP","damage_taken":0,"relics_obtained":["Golden Idol"],"max_hp_gain":0,"max_hp_loss":6,"event_name":"Golden Idol","floor":4,"gold_loss":0},{"damage_healed":0,"gold_gain":0,"player_choice":"Entered Light","damage_taken":16,"max_hp_gain":0,"max_hp_loss":0,"event_name":"Shining Light","floor":11,"gold_loss":0,"cards_upgraded":["Strike_G","Blur"]},{"damage_healed":0,"gold_gain":0,"player_choice":"Trade","damage_taken":0,"relics_obtained":["FaceOfCleric"],"max_hp_gain":0,"max_hp_loss":0,"event_name":"FaceTrader","floor":12,"gold_loss":0},{"cards_removed":["Strike_G"],"damage_healed":0,"gold_gain":0,"player_choice":"Gave Gold","damage_taken":0,"max_hp_gain":0,"max_hp_loss":0,"event_name":"Beggar","floor":20,"gold_loss":75},{"damage_healed":0,"gold_gain":0,"player_choice":"","damage_taken":6,"max_hp_gain":0,"max_hp_loss":0,"event_name":"Knowing Skull","floor":21,"potions_obtained":[],"gold_loss":0,"cards_obtained":[]}],"is_beta":true,"boss_relics":[{"not_picked":["Lizard Tail","Astrolabe"],"picked":"Runic Pyramid"}],"items_purged_floors":[],"is_endless":false,"potions_floor_spawned":[1,2,7,19],"killed_by":"Slavers","ascension_level":15}