{"gold_per_floor":[115,128,147,40,40,40,73,73,151,151,151,220,233,252,252,327,327,337,387,437,56,72,72,85,105,105,121,121],"floor_reached":28,"playtime":1364,"items_purged":["Strike_G"],"score":444,"play_id":"cbd12863-3d96-4f37-bf5e-ece09dbd41e6","local_time":"20190108172954","is_ascension_mode":true,"campfire_choices":[{"data":"Neutralize","floor":6.0,"key":"SMITH"},{"data":"Blade Dance","floor":8.0,"key":"SMITH"},{"data":"Finisher","floor":10.0,"key":"SMITH"},{"data":"Leg Sweep","floor":15.0,"key":"SMITH"},{"data":"Acrobatics","floor":23,"key":"SMITH"}],"neow_cost":"NONE","seed_source_timestamp":517261651365633,"circlet_count":0,"master_deck":["AscendersBane","Defend_G","Defend_G","Defend_G","Defend_G","Defend_G","Strike_G","Strike_G","Survivor","Neutralize+1","Flying Knee","Finisher+1","Caltrops","PiercingWail","Blade Dance+1","Leg Sweep+1","Dagger Spray","Acrobatics+1","Corpse Explosion","Reflex","Masterful Stab","RitualDagger","Infinite Blades","Accuracy","PiercingWail+1"],"special_seed":0,"relics":["Busted Crown","Anchor","Ninja Scroll","SsserpentHead","Cursed Key","Ornamental Fan"],"potions_floor_usage":[18],"damage_taken":[{"damage":1.0,"enemies":"Cultist","floor":1.0,"turns":5.0},{"damage":6.0,"enemies":"Jaw Worm","floor":2.0,"turns":6.0},{"damage":0.0,"enemies":"Small Slimes","floor":3.0,"turns":2.0},{"damage":25.0,"enemies":"3 Sentries","floor":7.0,"turns":11.0},{"damage":0.0,"enemies":"Looter","floor":12.0,"turns":2.0},{"damage":2.0,"enemies":"Exordium Wildlife","floor":13.0,"turns":4.0},{"damage":4.0,"enemies":"Large Slime","floor":14.0,"turns":3.0},{"damage":20.0,"enemies":"The Guardian","floor":16.0,"turns":18.0},{"damage":0,"enemies":"Chosen","floor":18,"turns":3},{"damage":11,"enemies":"Spheric Guardian","floor":22,"turns":5},{"damage":5,"enemies":"Snake Plant","floor":24,"turns":4},{"damage":2,"enemies":"Centurion and Healer","floor":25,"turns":8},{"damage":13,"enemies":"Snecko","floor":27,"turns":5},{"damage":26,"enemies":"Gremlin Leader","floor":28,"turns":4}],"seed_played":"-8778970976266735734","potions_obtained":[{"floor":7.0,"key":"FearPotion"},{"floor":16.0,"key":"Strength Potion"},{"floor":18,"key":"Energy Potion"}],"is_trial":false,"path_per_floor":["M","M","M","$","?","R","E","R","T","R","?","M","M","M","R","B",null,"M","?","?","$","M","R","M","M","T","M","E"],"character_chosen":"THE_SILENT","items_purchased":["Caltrops","PiercingWail","Infinite Blades","Ornamental Fan"],"campfire_rested":0,"item_purchase_floors":[4,4,21,21],"current_hp_per_floor":[58,52,52,52,57,57,32,32,32,32,32,32,30,26,26,6,55,55,55,49,49,38,38,33,31,31,18,0],"gold":121,"neow_bonus":"BOSS_RELIC","is_prod":false,"is_daily":false,"chose_seed":false,"campfire_upgraded":5,"win_rate":0,"timestamp":1546936194,"path_taken":["M","?","M","$","?","R","E","R","T","R","?","?","M","M","R","BOSS","M","?","?","$","M","R","M","M","T","M","E"],"build_version":"2019-01-03v4","purchased_purges":1,"victory":false,"max_hp_per_floor":[66,66,66,66,71,71,71,71,71,71,71,71,71,71,71,71,71,71,71,71,71,71,71,71,71,71,71,71],"card_choices":[{"not_picked":[],"picked":"Flying Knee","floor":1.0},{"not_picked":[],"picked":"Finisher","floor":2.0},{"not_picked":["Reflex"],"picked":"SKIP","floor":3.0},{"not_picked":[],"picked":"Blade Dance","floor":7.0},{"not_picked":[],"picked":"Leg Sweep","floor":12.0},{"not_picked":[],"picked":"Dagger Spray","floor":13.0},{"not_picked":["Acrobatics"],"picked":"SKIP","floor":14.0},{"not_picked":[],"picked":"Acrobatics","floor":14.0},{"not_picked":[],"picked":"Corpse Explosion","floor":16.0},{"not_picked":["Quick Slash"],"picked":"SKIP","floor":18},{"not_picked":[],"picked":"Accuracy","floor":22},{"not_picked":["Poisoned Stab"],"picked":"SKIP","floor":24},{"not_picked":[],"picked":"PiercingWail+1","floor":25},{"not_picked":["Flying Knee"],"picked":"SKIP","floor":27}],"player_experience":2620114,"relics_obtained":[{"floor":7.0,"key":"Anchor"},{"floor":9.0,"key":"Ninja Scroll"}],"event_choices":[{"damage_healed":0.0,"max_hp_gain":5.0,"max_hp_loss":0.0,"gold_gain":0.0,"event_name":"Big Fish","player_choice":"Donut","floor":5.0,"gold_loss":0.0,"damage_taken":0.0},{"damage_healed":0.0,"max_hp_gain":0.0,"max_hp_loss":0.0,"gold_gain":0.0,"event_name":"FaceTrader","player_choice":"Trade","floor":11.0,"gold_loss":0.0,"damage_taken":0.0,"relics_obtained":["SsserpentHead"]},{"damage_healed":0,"gold_gain":0,"cards_transformed":["Strike_G","Strike_G"],"player_choice":"Became Test Subject","damage_taken":0,"max_hp_gain":0,"max_hp_loss":0,"event_name":"Drug Dealer","floor":19,"gold_loss":0,"cards_obtained":["Reflex","Masterful Stab"]},{"damage_healed":0,"gold_gain":0,"player_choice":"Joined the Cult","damage_taken":6,"max_hp_gain":0,"max_hp_loss":0,"event_name":"Nest","floor":20,"gold_loss":0,"cards_obtained":["RitualDagger"]}],"is_beta":true,"boss_relics":[{"not_picked":["White Beast Statue","Calling Bell"],"picked":"Cursed Key"}],"items_purged_floors":[21],"is_endless":false,"potions_floor_spawned":[7,16,18],"killed_by":"Gremlin Leader","ascension_level":20}