{"gold_per_floor":[110,128,128,160,60,92,92,92,92,92,92,123,143,155,155,252,252,272,272,172,185,205,218,12,12,63,75,75,75,0,20,20,20],"floor_reached":33,"playtime":4215,"items_purged":["Defend_G","Strike_G"],"score":282,"play_id":"07f1345f-6150-48cd-b17a-182313f59e6a","local_time":"20181126234641","is_ascension_mode":false,"campfire_choices":[{"floor":8,"key":"REST"},{"data":"Bullet Time","floor":11,"key":"SMITH"},{"data":"Footwork","floor":15,"key":"SMITH"},{"data":"Bane","floor":28,"key":"SMITH"},{"floor":32,"key":"REST"}],"neow_cost":"NONE","seed_source_timestamp":3759706322013,"circlet_count":0,"master_deck":["Defend_G+1","Defend_G+1","Defend_G+1","Defend_G+1","Strike_G+1","Strike_G+1","Strike_G+1","Survivor","Neutralize","Footwork+1","Poisoned Stab","Escape Plan","Bane+1","Leg Sweep","Bullet Time+1","Poisoned Stab","PiercingWail","Quick Slash","Envenom","Clumsy","Flying Knee","Quick Slash","Quick Slash+1","Bullet Time+1"],"relics":["Ring of the Snake","MawBank","Bottled Tornado","Matryoshka","Shuriken","Bottled Lightning","Pear","Busted Crown","DollysMirror","Oddly Smooth Stone","Strawberry","Ornamental Fan"],"potions_floor_usage":[6,16,16,27,33],"damage_taken":[{"damage":0,"enemies":"Jaw Worm","floor":1,"turns":5},{"damage":0,"enemies":"Small Slimes","floor":2,"turns":4},{"damage":0,"enemies":"Cultist","floor":4,"turns":4},{"damage":22,"enemies":"3 Sentries","floor":6,"turns":12},{"damage":7,"enemies":"Lagavulin","floor":12,"turns":6},{"damage":3,"enemies":"Exordium Thugs","floor":13,"turns":4},{"damage":0,"enemies":"Exordium Wildlife","floor":14,"turns":3},{"damage":26,"enemies":"Slime Boss","floor":16,"turns":11},{"damage":2,"enemies":"Shell Parasite","floor":18,"turns":5},{"damage":0,"enemies":"3 Byrds","floor":21,"turns":6},{"damage":0,"enemies":"Cultist and Chosen","floor":22,"turns":5},{"damage":18,"enemies":"Shelled Parasite and Fungi","floor":23,"turns":6},{"damage":5,"enemies":"Snecko","floor":27,"turns":5},{"damage":8,"enemies":"Centurion and Healer","floor":31,"turns":5},{"damage":86,"enemies":"Collector","floor":33,"turns":7}],"seed_played":"-2260872291735272713","potions_obtained":[{"floor":2,"key":"SpeedPotion"},{"floor":6,"key":"FearPotion"},{"floor":12,"key":"GamblersBrew"},{"floor":18,"key":"GamblersBrew"},{"floor":22,"key":"Block Potion"},{"floor":23,"key":"AttackPotion"}],"is_trial":false,"path_per_floor":["M","M","?","M","$","E","?","R","T","T","R","E","M","M","R","B",null,"M","?","$","M","M","M","$","?","T","M","R","T","?","M","R","B"],"character_chosen":"THE_SILENT","items_purchased":["Leg Sweep","DollysMirror"],"campfire_rested":2,"item_purchase_floors":[5,24],"current_hp_per_floor":[70,70,58,58,58,36,36,57,57,57,57,60,57,57,57,31,80,78,78,78,78,78,60,60,60,67,62,62,62,62,54,80,0],"gold":20,"neow_bonus":"TRANSFORM_CARD","is_prod":false,"is_daily":false,"chose_seed":false,"campfire_upgraded":3,"win_rate":0.0,"timestamp":1543243601,"path_taken":["M","M","?","M","$","E","?","R","T","?","R","E","M","M","R","BOSS","M","?","$","M","M","?","$","?","T","M","R","?","?","M","R","BOSS"],"build_version":"2018-11-15","purchased_purges":2,"victory":false,"max_hp_per_floor":[70,70,70,70,70,70,70,70,70,70,70,80,80,80,80,80,80,80,80,80,80,80,80,80,80,87,87,87,87,87,87,87,87],"card_choices":[{"not_picked":["Underhanded Strike","Bouncing Flask"],"picked":"Poisoned Stab","floor":1},{"not_picked":["Slice","Sucker Punch"],"picked":"Escape Plan","floor":2},{"not_picked":["Calculated Gamble","Underhanded Strike"],"picked":"Bane","floor":4},{"not_picked":["Deadly Poison","Caltrops"],"picked":"Bullet Time","floor":6},{"not_picked":["Backflip","Bane"],"picked":"Poisoned Stab","floor":12},{"not_picked":["Dagger Throw","Catalyst"],"picked":"PiercingWail","floor":13},{"not_picked":["Dagger Spray","Underhanded Strike"],"picked":"Quick Slash","floor":14},{"not_picked":["Venomology","Phantasmal Killer"],"picked":"Envenom","floor":16},{"not_picked":["Sucker Punch"],"picked":"SKIP","floor":18},{"not_picked":[],"picked":"Quick Slash","floor":21},{"not_picked":[],"picked":"Quick Slash+1","floor":22},{"not_picked":["Dagger Spray"],"picked":"SKIP","floor":23},{"not_picked":["Quick Slash"],"picked":"SKIP","floor":27},{"not_picked":["Crippling Poison"],"picked":"SKIP","floor":31}],"player_experience":37643,"relics_obtained":[{"floor":6,"key":"Bottled Tornado"},{"floor":9,"key":"Matryoshka"},{"floor":10,"key":"Shuriken"},{"floor":10,"key":"Bottled Lightning"},{"floor":12,"key":"Pear"},{"floor":26,"key":"Oddly Smooth Stone"},{"floor":26,"key":"Strawberry"},{"floor":29,"key":"Ornamental Fan"}],"event_choices":[{"damage_healed":0,"gold_gain":0,"player_choice":"Success","damage_taken":12,"relics_obtained":["MawBank"],"max_hp_gain":0,"max_hp_loss":0,"event_name":"Scrap Ooze","floor":3,"gold_loss":0},{"damage_healed":0,"gold_gain":0,"player_choice":"Ignored","damage_taken":0,"max_hp_gain":0,"max_hp_loss":0,"event_name":"Golden Idol","floor":7,"gold_loss":0},{"damage_healed":0,"gold_gain":0,"player_choice":"2 cards matched","damage_taken":0,"max_hp_gain":0,"max_hp_loss":0,"event_name":"Match and Keep!","floor":19,"gold_loss":0,"cards_obtained":["Clumsy","Flying Knee"]},{"damage_healed":0,"gold_gain":0,"player_choice":"Simplicity","damage_taken":0,"max_hp_gain":0,"max_hp_loss":0,"event_name":"Back to Basics","floor":25,"gold_loss":0,"cards_upgraded":["Defend_G","Defend_G","Defend_G","Defend_G","Strike_G","Strike_G","Strike_G"]},{"damage_healed":0,"gold_gain":0,"player_choice":"Paid Fearfully","damage_taken":0,"max_hp_gain":0,"max_hp_loss":0,"event_name":"Masked Bandits","floor":30,"gold_loss":75}],"is_beta":false,"boss_relics":[{"not_picked":["Ectoplasm","Calling Bell"],"picked":"Busted Crown"}],"items_purged_floors":[5,20],"is_endless":false,"potions_floor_spawned":[2,6,12,18,22,23],"killed_by":"Collector","ascension_level":0}