{"gold_per_floor":[111,111,186,186,186,186,222,222,222,222,260,22,42,57,57,152,152,165,123,123],"floor_reached":20,"playtime":780,"items_purged":["Strike_G"],"score":426,"play_id":"8d806502-cf2d-4126-8c28-8ad0f3023f6e","local_time":"20190404060853","is_ascension_mode":true,"campfire_choices":[{"data":"Neutralize","floor":6,"key":"SMITH"},{"data":"Caltrops","floor":8,"key":"SMITH"},{"data":"Survivor","floor":10,"key":"SMITH"},{"data":"Calculated Gamble","floor":15,"key":"SMITH"}],"neow_cost":"NONE","seed_source_timestamp":3043294705438763,"circlet_count":0,"master_deck":["AscendersBane","Defend_G","Defend_G","Defend_G","Defend_G","Defend_G","Strike_G","Strike_G","Strike_G","Strike_G","Survivor+1","Neutralize+1","Caltrops+1","Terror","Calculated Gamble+1","Wraith Form v2","Cloak And Dagger"],"relics":["Ring of the Snake","NeowsBlessing","Golden Idol","WingedGreaves","Thread and Needle","Gremlin Horn","Snake Skull","Blood Vial","Sozu"],"potions_floor_usage":[18],"damage_taken":[{"damage":0,"enemies":"Small Slimes","floor":1,"turns":1},{"damage":0,"enemies":"Gremlin Nob","floor":7,"turns":1},{"damage":0,"enemies":"Lagavulin","floor":11,"turns":1},{"damage":0,"enemies":"Jaw Worm","floor":13,"turns":4},{"damage":0,"enemies":"2 Louse","floor":14,"turns":3},{"damage":9,"enemies":"The Guardian","floor":16,"turns":15},{"damage":5,"enemies":"Shell Parasite","floor":18,"turns":8},{"damage":17,"enemies":"2 Thieves","floor":19,"turns":5},{"damage":1,"enemies":"Sentry and Sphere","floor":20,"turns":5}],"seed_played":"5735781623382344583","potions_obtained":[{"floor":13,"key":"GamblersBrew"}],"is_trial":false,"path_per_floor":["M","?","?","?","T","R","E","R","T","R","E","$","M","M","R","B",null,"M","M","M"],"character_chosen":"THE_SILENT","items_purchased":["Blood Vial"],"campfire_rested":0,"item_purchase_floors":[12],"current_hp_per_floor":[59,64,53,53,53,53,53,53,53,53,53,53,55,57,57,50,61,58,43,44],"gold":123,"neow_bonus":"THREE_ENEMY_KILL","is_prod":false,"is_daily":false,"chose_seed":false,"campfire_upgraded":4,"win_rate":0,"timestamp":1554325733,"path_taken":["M","?","?","?","?","R","E","R","T","R","E","$","M","M","R","BOSS","M","M","M"],"build_version":"2019-03-15","purchased_purges":1,"victory":false,"max_hp_per_floor":[66,71,71,64,64,64,64,64,64,64,64,64,64,64,64,64,64,64,64,64],"card_choices":[{"not_picked":["Deflect","Dodge and Roll"],"picked":"Caltrops","floor":1},{"not_picked":["Flechettes","Dash","Blade Dance"],"picked":"SKIP","floor":7},{"not_picked":["Calculated Gamble","Dash"],"picked":"Terror","floor":11},{"not_picked":["Dodge and Roll","Quick Slash"],"picked":"Calculated Gamble","floor":13},{"not_picked":["Underhanded Strike","Accuracy","Prepared"],"picked":"SKIP","floor":14},{"not_picked":["Envenom","Storm of Steel"],"picked":"Wraith Form v2","floor":16},{"not_picked":["Flying Knee","Bane"],"picked":"Cloak And Dagger","floor":18},{"not_picked":["Underhanded Strike","Deflect","Accuracy"],"picked":"SKIP","floor":19}],"player_experience":2811723,"relics_obtained":[{"floor":5,"key":"WingedGreaves"},{"floor":7,"key":"Thread and Needle"},{"floor":9,"key":"Gremlin Horn"},{"floor":11,"key":"Snake Skull"}],"event_choices":[{"damage_healed":0,"gold_gain":0,"player_choice":"Donut","damage_taken":0,"max_hp_gain":5,"max_hp_loss":0,"event_name":"Big Fish","floor":2,"gold_loss":0},{"damage_healed":0,"gold_gain":75,"player_choice":"Gather Gold","damage_taken":11,"max_hp_gain":0,"max_hp_loss":0,"event_name":"World of Goop","floor":3,"gold_loss":0},{"damage_healed":0,"gold_gain":0,"player_choice":"Lose Max HP","damage_taken":0,"relics_obtained":["Golden Idol"],"max_hp_gain":0,"max_hp_loss":7,"event_name":"Golden Idol","floor":4,"gold_loss":0}],"is_beta":true,"boss_relics":[{"not_picked":["HoveringKite","Runic Dome"],"picked":"Sozu"}],"items_purged_floors":[12],"is_endless":false,"potions_floor_spawned":[13,18],"killed_by":"Sentry and Sphere","ascension_level":17}