{"gold_per_floor":[16,16,16,41,41,41,52,67,138,156,171,171,182,209,209,284,284,300,142,142,171,171,171,182,182,182,212,24,34,44,58,58,137,137,156,156,31,46,63,63],"floor_reached":40,"playtime":2643,"items_purged":["Strike_G","Quick Slash","Decay"],"score":718,"play_id":"8204e75d-4b36-41e3-97ce-b66a73abde72","local_time":"20190419035439","is_ascension_mode":true,"campfire_choices":[{"data":"Terror","floor":6.0,"key":"SMITH"},{"data":"Cloak And Dagger","floor":12.0,"key":"SMITH"},{"data":"Neutralize","floor":15.0,"key":"SMITH"},{"floor":23.0,"key":"DIG"},{"floor":25.0,"key":"DIG"},{"floor":27.0,"key":"DIG"},{"data":"Well Laid Plans","floor":32.0,"key":"SMITH"}],"neow_cost":"NO_GOLD","seed_source_timestamp":559472237344640,"circlet_count":0,"master_deck":["AscendersBane","Defend_G+1","Defend_G+1","Defend_G+1","Defend_G+1","Defend_G+1","Survivor","Neutralize+1","Terror+1","Deflect","Cloak And Dagger+1","PiercingWail","Venomology","Adrenaline","Malaise","Cloak And Dagger+1","Blur","Blur","Caltrops","Well Laid Plans+1","After Image","Expertise+1","Caltrops"],"special_seed":0,"relics":["Ring of the Snake","Turnip","Boot","Ninja Scroll","StoneCalendar","Empty Cage","Red Mask","Shovel","Strawberry","Blue Candle","Tiny Chest","Coffee Dripper"],"potions_floor_usage":[33,33,33,38,39,39],"damage_taken":[{"damage":0.0,"enemies":"2 Louse","floor":1.0,"turns":4.0},{"damage":0.0,"enemies":"Jaw Worm","floor":7.0,"turns":4.0},{"damage":0.0,"enemies":"Small Slimes","floor":8.0,"turns":5.0},{"damage":0.0,"enemies":"Looter","floor":10.0,"turns":2.0},{"damage":0.0,"enemies":"2 Fungi Beasts","floor":11.0,"turns":2.0},{"damage":4.0,"enemies":"Exordium Thugs","floor":13.0,"turns":6.0},{"damage":8.0,"enemies":"Lagavulin","floor":14.0,"turns":7.0},{"damage":40.0,"enemies":"Hexaghost","floor":16.0,"turns":17.0},{"damage":0.0,"enemies":"Spheric Guardian","floor":18.0,"turns":6.0},{"damage":10.0,"enemies":"Masked Bandits","floor":21.0,"turns":7.0},{"damage":0.0,"enemies":"3 Byrds","floor":24.0,"turns":6.0},{"damage":0.0,"enemies":"Snecko","floor":29.0,"turns":7.0},{"damage":0.0,"enemies":"Shelled Parasite and Fungi","floor":30.0,"turns":7.0},{"damage":0.0,"enemies":"Sentry and Sphere","floor":31.0,"turns":7.0},{"damage":6,"enemies":"Collector","floor":33,"turns":20},{"damage":13,"enemies":"3 Darklings","floor":35,"turns":7},{"damage":2,"enemies":"3 Shapes","floor":38,"turns":7},{"damage":0,"enemies":"Spire Growth","floor":39,"turns":8},{"damage":32,"enemies":"Giant Head","floor":40,"turns":13}],"seed_played":"5640501332117348115","potions_obtained":[{"floor":7.0,"key":"SteroidPotion"},{"floor":10.0,"key":"GhostInAJar"},{"floor":16.0,"key":"Ancient Potion"},{"floor":29.0,"key":"PowerPotion"},{"floor":31.0,"key":"Energy Potion"},{"floor":33,"key":"Poison Potion"},{"floor":39,"key":"Fruit Juice"}],"is_trial":false,"path_per_floor":["M","?","?","T","?","R","M","M","T","M","M","R","M","E","R","B",null,"M","$","?","?","?","R","M","R","T","R","$","M","M","M","R","B",null,"M","?","$","M","M","E"],"character_chosen":"THE_SILENT","items_purchased":["Blur","Well Laid Plans"],"campfire_rested":0,"item_purchase_floors":[19,28],"current_hp_per_floor":[59,52,52,52,57,57,57,57,57,57,57,57,53,45,45,5,55,55,55,55,45,45,52,52,52,52,52,52,52,52,52,52,46,70,57,57,57,55,60,28],"gold":63,"neow_bonus":"ONE_RARE_RELIC","is_prod":false,"is_daily":false,"chose_seed":false,"campfire_upgraded":4,"win_rate":0,"timestamp":1555613679,"path_taken":["M","?","?","?","?","R","M","M","T","M","?","R","M","E","R","BOSS","M","$","?","?","?","R","M","R","T","R","$","?","?","M","R","BOSS","M","?","$","M","?","E"],"build_version":"2019-04-04","purchased_purges":3,"victory":false,"max_hp_per_floor":[66,66,66,66,71,71,71,71,71,71,71,71,71,71,71,71,71,71,71,71,71,71,78,78,78,78,78,78,78,78,78,78,78,78,78,78,78,78,83,83],"card_choices":[{"not_picked":["Poisoned Stab","Dodge and Roll"],"picked":"Terror","floor":1.0},{"not_picked":["Dagger Throw","Prepared"],"picked":"Deflect","floor":7.0},{"not_picked":["All Out Attack","Deadly Poison"],"picked":"Cloak And Dagger","floor":8.0},{"not_picked":["Dagger Throw","Deadly Poison"],"picked":"Quick Slash","floor":10.0},{"not_picked":["Outmaneuver","Flying Knee"],"picked":"PiercingWail","floor":11.0},{"not_picked":["Flechettes","Cloak And Dagger"],"picked":"Venomology","floor":13.0},{"not_picked":["Slice","Dagger Spray"],"picked":"Adrenaline","floor":14.0},{"not_picked":["Envenom","Wraith Form v2"],"picked":"Malaise","floor":16.0},{"not_picked":["Predator","Dodge and Roll"],"picked":"Cloak And Dagger+1","floor":18.0},{"not_picked":["Dash","Deadly Poison"],"picked":"Blur","floor":21.0},{"not_picked":["Quick Slash","Underhanded Strike+1"],"picked":"Caltrops","floor":24.0},{"not_picked":["Reflex+1","Deadly Poison","Tactician"],"picked":"SKIP","floor":29.0},{"not_picked":["Acrobatics+1","Flying Knee","Dodge and Roll"],"picked":"SKIP","floor":30.0},{"not_picked":["Outmaneuver","Acrobatics+1","Dodge and Roll"],"picked":"SKIP","floor":31.0},{"not_picked":["Doppelganger","Night Terror"],"picked":"After Image","floor":33},{"not_picked":["Bouncing Flask","Quick Slash"],"picked":"Expertise+1","floor":35},{"not_picked":["Blade Dance","Outmaneuver+1"],"picked":"Caltrops","floor":38},{"not_picked":["Predator","Flying Knee","Quick Slash"],"picked":"SKIP","floor":39}],"player_experience":2979897,"relics_obtained":[{"floor":4.0,"key":"Boot"},{"floor":9.0,"key":"Ninja Scroll"},{"floor":14.0,"key":"StoneCalendar"},{"floor":21.0,"key":"Red Mask"},{"floor":23.0,"key":"Strawberry"},{"floor":25.0,"key":"Blue Candle"},{"floor":27.0,"key":"Tiny Chest"}],"event_choices":[{"cards_removed":["Strike_G"],"damage_healed":0.0,"max_hp_gain":0.0,"max_hp_loss":0.0,"gold_gain":0.0,"event_name":"Golden Wing","player_choice":"Card Removal","floor":2.0,"gold_loss":0.0,"damage_taken":7.0},{"cards_removed":["Strike_G"],"damage_healed":0.0,"max_hp_gain":0.0,"max_hp_loss":0.0,"gold_gain":0.0,"event_name":"Living Wall","player_choice":"Forget","floor":3.0,"gold_loss":0.0,"damage_taken":0.0},{"damage_healed":0.0,"max_hp_gain":5.0,"max_hp_loss":0.0,"gold_gain":0.0,"event_name":"Big Fish","player_choice":"Donut","floor":5.0,"gold_loss":0.0,"damage_taken":0.0},{"damage_healed":0.0,"max_hp_gain":0.0,"max_hp_loss":0.0,"gold_gain":0.0,"event_name":"Back to Basics","player_choice":"Simplicity","floor":20.0,"gold_loss":0.0,"damage_taken":0.0,"cards_upgraded":["Defend_G","Defend_G","Defend_G","Defend_G","Defend_G"]},{"damage_healed":0.0,"max_hp_gain":0.0,"max_hp_loss":0.0,"gold_gain":0.0,"event_name":"Masked Bandits","player_choice":"Fought Bandits","floor":21.0,"gold_loss":0.0,"damage_taken":0.0},{"damage_healed":0.0,"max_hp_gain":0.0,"max_hp_loss":0.0,"gold_gain":0.0,"event_name":"WeMeetAgain","player_choice":"Gave Potion","floor":22.0,"gold_loss":0.0,"damage_taken":0.0,"relics_obtained":["Shovel"]},{"damage_healed":0,"gold_gain":0,"player_choice":"Cursed","damage_taken":0,"max_hp_gain":0,"max_hp_loss":0,"event_name":"Wheel of Change","floor":36,"gold_loss":0,"cards_obtained":["Decay"]}],"is_beta":true,"boss_relics":[{"not_picked":["Lizard Tail","Orrery"],"picked":"Empty Cage"},{"not_picked":["Calling Bell","Tiny House"],"picked":"Coffee Dripper"}],"items_purged_floors":[19,28,37],"is_endless":false,"potions_floor_spawned":[7,10,13,16,29,30,31,33,35,39],"killed_by":"Giant Head","ascension_level":17}