{"gold_per_floor":[18,18,37,37,37,58,76,114,114,114,114,114,150,164,164,164],"floor_reached":16,"playtime":430,"items_purged":[],"score":270,"play_id":"21f63e4b-d1c7-45f9-a6a3-db3b85702c31","local_time":"20190423025824","is_ascension_mode":true,"campfire_choices":[{"data":"Double Energy","floor":10.0,"key":"SMITH"},{"data":"Capacitor","floor":15.0,"key":"SMITH"}],"neow_cost":"NO_GOLD","seed_source_timestamp":172377701990900,"circlet_count":0,"master_deck":["AscendersBane","Strike_B","Strike_B","Strike_B","Defend_B","Defend_B","Defend_B","Defend_B","Zap","Dualcast","Echo Form","Undo","Double Energy+1","Cold Snap","Tempest","Doom and Gloom","Sweeping Beam","Capacitor+1"],"special_seed":0,"relics":["Cracked Core","Singing Bowl","Golden Idol","The Courier","Question Card","Boot"],"potions_floor_usage":[16],"damage_taken":[{"damage":4.0,"enemies":"Small Slimes","floor":1.0,"turns":4.0},{"damage":2.0,"enemies":"2 Louse","floor":3.0,"turns":4.0},{"damage":2.0,"enemies":"Jaw Worm","floor":6.0,"turns":5.0},{"damage":9.0,"enemies":"Large Slime","floor":7.0,"turns":6.0},{"damage":0.0,"enemies":"Lagavulin","floor":8.0,"turns":7.0},{"damage":27.0,"enemies":"Gremlin Nob","floor":13.0,"turns":4.0},{"damage":13.0,"enemies":"Looter","floor":14.0,"turns":3.0},{"damage":17,"enemies":"Hexaghost","floor":16,"turns":9}],"seed_played":"7291424563801059561","potions_obtained":[{"floor":1.0,"key":"SpeedPotion"},{"floor":3.0,"key":"Swift Potion"}],"is_trial":false,"path_per_floor":["M","?","M","?","?","M","M","E","T","R","?","?","E","M","R","B"],"character_chosen":"DEFECT","items_purchased":[],"campfire_rested":0,"item_purchase_floors":[],"current_hp_per_floor":[60,42,40,40,40,38,29,29,29,29,50,50,25,12,12,0],"gold":164,"neow_bonus":"THREE_RARE_CARDS","is_prod":false,"is_daily":false,"chose_seed":false,"campfire_upgraded":2,"win_rate":0,"timestamp":1555955904,"path_taken":["M","?","M","?","?","?","M","E","T","R","?","?","E","?","R","BOSS"],"build_version":"2019-01-23","purchased_purges":0,"victory":false,"max_hp_per_floor":[71,71,71,64,64,64,64,64,64,64,64,64,66,66,66,66],"card_choices":[{"not_picked":["Buffer","All For One"],"picked":"Echo Form","floor":0.0},{"not_picked":["Auto Shields","Reprogram"],"picked":"Undo","floor":1.0},{"not_picked":["Beam Cell","Hologram"],"picked":"Double Energy","floor":3.0},{"not_picked":["Coolheaded","Heatsinks"],"picked":"Cold Snap","floor":6.0},{"not_picked":["Heatsinks","Hologram"],"picked":"Tempest","floor":7.0},{"not_picked":["Stack","Sweeping Beam"],"picked":"Doom and Gloom","floor":8.0},{"not_picked":["Auto Shields","Redo","Chill","Heatsinks"],"picked":"Singing Bowl","floor":13.0},{"not_picked":["Gash","Turbo","Barrage"],"picked":"Capacitor","floor":14.0}],"player_experience":4835797,"relics_obtained":[{"floor":8.0,"key":"The Courier"},{"floor":9.0,"key":"Question Card"},{"floor":13.0,"key":"Boot"}],"event_choices":[{"damage_healed":0.0,"max_hp_gain":0.0,"max_hp_loss":0.0,"gold_gain":0.0,"event_name":"Scrap Ooze","player_choice":"Success","floor":2.0,"gold_loss":0.0,"damage_taken":18.0,"relics_obtained":["Singing Bowl"]},{"damage_healed":0.0,"max_hp_gain":0.0,"max_hp_loss":7.0,"gold_gain":0.0,"event_name":"Golden Idol","player_choice":"Lose Max HP","floor":4.0,"gold_loss":0.0,"damage_taken":0.0,"relics_obtained":["Golden Idol"]},{"damage_healed":0.0,"max_hp_gain":0.0,"max_hp_loss":0.0,"gold_gain":0.0,"event_name":"Liars Game","player_choice":"Ignored","floor":5.0,"gold_loss":0.0,"damage_taken":0.0},{"damage_healed":21.0,"max_hp_gain":0.0,"max_hp_loss":0.0,"gold_gain":0.0,"event_name":"Big Fish","player_choice":"Banana","floor":11.0,"gold_loss":0.0,"damage_taken":0.0},{"damage_healed":0.0,"max_hp_gain":0.0,"max_hp_loss":0.0,"gold_gain":0.0,"cards_transformed":["Strike_B"],"event_name":"Transmorgrifier","player_choice":"Transformed","floor":12.0,"gold_loss":0.0,"damage_taken":0.0,"cards_obtained":["Sweeping Beam"]}],"is_beta":false,"boss_relics":[],"items_purged_floors":[],"is_endless":false,"potions_floor_spawned":[1,3,8],"killed_by":"Hexaghost","ascension_level":20}