{"gold_per_floor":[359,379,397,408,428,428,459,459,459,459,491,491,502,521,521,598,598,608,608,621,632,388,388,388,388,388,407,311,311,345,357,357,431,431,450,469,54,68,68,68],"floor_reached":40,"playtime":3275,"items_purged":["Strike_G","Strike_G"],"score":806,"play_id":"15367895-d23e-4ab4-b751-abc32149e7ea","local_time":"20190404001638","is_ascension_mode":true,"campfire_choices":[{"floor":6.0,"key":"REST"},{"floor":8.0,"key":"REST"},{"data":"Neutralize","floor":10.0,"key":"SMITH"},{"data":"Deflect","floor":12.0,"key":"SMITH"},{"data":"Well Laid Plans","floor":15.0,"key":"SMITH"},{"floor":23.0,"key":"REST"},{"floor":25.0,"key":"REST"},{"data":"Forethought","floor":29.0,"key":"SMITH"},{"floor":32.0,"key":"REST"}],"neow_cost":"TEN_PERCENT_HP_LOSS","seed_source_timestamp":3019431759051987,"circlet_count":0,"master_deck":["AscendersBane","Defend_G","Defend_G","Defend_G","Defend_G","Defend_G","Strike_G","Strike_G","Strike_G","Survivor","Neutralize+1","Predator","Flying Knee","Dagger Spray","Deflect+1","Doppelganger","Outmaneuver","Poisoned Stab","Crippling Poison","Well Laid Plans+1","After Image","Cloak And Dagger","Neutralize","Tools of the Trade","Glass Knife","Noxious Fumes","Backflip+1","Leg Sweep","Forethought+1","Terror","Blur","Well Laid Plans","Adrenaline","PiercingWail","Acrobatics","Backflip+1","Madness","Blur","PiercingWail+1","After Image"],"special_seed":0,"relics":["Ring of the Snake","Boot","Omamori","Vajra","Sozu","Anchor","Prayer Wheel","Question Card","Lizard Tail","Medical Kit"],"potions_floor_usage":[],"damage_taken":[{"damage":0.0,"enemies":"Small Slimes","floor":1.0,"turns":6.0},{"damage":0.0,"enemies":"Cultist","floor":2.0,"turns":4.0},{"damage":2.0,"enemies":"Jaw Worm","floor":3.0,"turns":5.0},{"damage":19.0,"enemies":"Exordium Thugs","floor":4.0,"turns":6.0},{"damage":13.0,"enemies":"Exordium Wildlife","floor":5.0,"turns":5.0},{"damage":16.0,"enemies":"Lagavulin","floor":7.0,"turns":11.0},{"damage":19.0,"enemies":"3 Sentries","floor":11.0,"turns":9.0},{"damage":8.0,"enemies":"Large Slime","floor":13.0,"turns":5.0},{"damage":2.0,"enemies":"3 Louse","floor":14.0,"turns":2.0},{"damage":3.0,"enemies":"The Guardian","floor":16.0,"turns":12.0},{"damage":13.0,"enemies":"3 Byrds","floor":18.0,"turns":4.0},{"damage":2.0,"enemies":"Chosen","floor":20.0,"turns":6.0},{"damage":24.0,"enemies":"3 Cultists","floor":21.0,"turns":6.0},{"damage":0.0,"enemies":"Cultist and Chosen","floor":24.0,"turns":1.0},{"damage":0.0,"enemies":"Snecko","floor":27.0,"turns":5.0},{"damage":19.0,"enemies":"Gremlin Leader","floor":30.0,"turns":10.0},{"damage":11.0,"enemies":"Shelled Parasite and Fungi","floor":31.0,"turns":6.0},{"damage":30.0,"enemies":"Collector","floor":33.0,"turns":16.0},{"damage":32.0,"enemies":"3 Shapes","floor":35.0,"turns":4.0},{"damage":4.0,"enemies":"Orb Walker","floor":36.0,"turns":5.0},{"damage":9,"enemies":"Writhing Mass","floor":38,"turns":11},{"damage":40,"enemies":"Giant Head","floor":40,"turns":10}],"seed_played":"7298831655351277059","potions_obtained":[{"floor":1.0,"key":"GhostInAJar"},{"floor":4.0,"key":"PowerPotion"},{"floor":11.0,"key":"SmokeBomb"}],"is_trial":false,"path_per_floor":["M","M","M","M","M","R","E","R","T","R","E","R","M","M","R","B",null,"M","?","M","M","$","R","M","R","T","M","$","R","E","M","R","B",null,"M","M","$","M","?","E"],"character_chosen":"THE_SILENT","items_purchased":["Anchor","Forethought","Medical Kit","Madness"],"campfire_rested":5,"item_purchase_floors":[22,28,37,37],"current_hp_per_floor":[59,59,57,38,25,43,27,45,45,45,26,26,18,16,16,13,48,35,35,33,9,9,27,27,45,45,45,45,45,26,15,33,3,46,14,10,10,1,1,0],"gold":68,"neow_bonus":"TWO_FIFTY_GOLD","is_prod":false,"is_daily":false,"chose_seed":false,"campfire_upgraded":4,"win_rate":0,"timestamp":1554304598,"path_taken":["M","M","M","M","M","R","E","R","T","R","E","R","M","M","R","BOSS","M","?","M","?","$","R","M","R","T","?","?","R","E","?","R","BOSS","M","M","$","M","?","E"],"build_version":"2019-03-15","purchased_purges":2,"victory":false,"max_hp_per_floor":[60,60,60,60,60,60,60,60,60,60,60,60,60,60,60,60,60,60,60,60,60,60,60,60,60,60,60,60,60,60,60,60,60,60,60,60,60,60,60,60],"card_choices":[{"not_picked":["Flying Knee","Deadly Poison"],"picked":"Predator","floor":1.0},{"not_picked":["All Out Attack","Concentrate"],"picked":"Flying Knee","floor":2.0},{"not_picked":["Cloak And Dagger","Quick Slash"],"picked":"Dagger Spray","floor":3.0},{"not_picked":["Deadly Poison","Poisoned Stab"],"picked":"Deflect","floor":4.0},{"not_picked":["Sucker Punch","Concentrate"],"picked":"Doppelganger","floor":5.0},{"not_picked":["Blade Dance","Calculated Gamble"],"picked":"Outmaneuver","floor":7.0},{"not_picked":["Bane","Quick Slash"],"picked":"Poisoned Stab","floor":11.0},{"not_picked":["Dodge and Roll","Expertise"],"picked":"Crippling Poison","floor":13.0},{"not_picked":["Accuracy","Poisoned Stab"],"picked":"Well Laid Plans","floor":14.0},{"not_picked":["Storm of Steel","Adrenaline"],"picked":"After Image","floor":16.0},{"not_picked":["Blade Dance","Deflect"],"picked":"Cloak And Dagger","floor":18.0},{"not_picked":["Sucker Punch","Bane"],"picked":"Glass Knife","floor":20.0},{"not_picked":["Dodge and Roll","Endless Agony"],"picked":"Noxious Fumes","floor":21.0},{"not_picked":["Slice","Bane"],"picked":"Backflip+1","floor":27.0},{"not_picked":["Sucker Punch+1","Deflect"],"picked":"Leg Sweep","floor":27.0},{"not_picked":["Riddle With Holes","Outmaneuver+1"],"picked":"Terror","floor":30.0},{"not_picked":["Dagger Spray","Noxious Fumes","Poisoned Stab"],"picked":"Blur","floor":31.0},{"not_picked":["Underhanded Strike","Setup","Dash"],"picked":"Well Laid Plans","floor":31.0},{"not_picked":["Bullet Time","Venomology","Unload"],"picked":"Adrenaline","floor":33.0},{"not_picked":["Bane","Flying Knee","Dodge and Roll"],"picked":"PiercingWail","floor":35.0},{"not_picked":["Well Laid Plans","Deadly Poison","Infinite Blades+1"],"picked":"Acrobatics","floor":35.0},{"not_picked":["Poisoned Stab","Cloak And Dagger+1","Dagger Spray+1"],"picked":"Backflip+1","floor":36.0},{"not_picked":["Cloak And Dagger","Concentrate","Sucker Punch+1","Eviscerate"],"picked":"SKIP","floor":36.0},{"not_picked":["Phantasmal Killer","Dagger Spray","Deflect+1"],"picked":"Blur","floor":38},{"not_picked":["Distraction","Underhanded Strike","Concentrate"],"picked":"PiercingWail+1","floor":38}],"player_experience":2802178,"relics_obtained":[{"floor":7.0,"key":"Boot"},{"floor":9.0,"key":"Omamori"},{"floor":11.0,"key":"Vajra"},{"floor":26.0,"key":"Prayer Wheel"},{"floor":30.0,"key":"Question Card"}],"event_choices":[{"damage_healed":0.0,"max_hp_gain":0.0,"max_hp_loss":0.0,"gold_gain":0.0,"event_name":"Match and Keep!","player_choice":"2 cards matched","floor":19.0,"gold_loss":0.0,"damage_taken":0.0,"cards_obtained":["Neutralize","Tools of the Trade"]},{"damage_healed":0,"gold_gain":0,"player_choice":"Copied","damage_taken":0,"max_hp_gain":0,"max_hp_loss":0,"event_name":"Duplicator","floor":39,"gold_loss":0,"cards_obtained":["After Image"]}],"is_beta":true,"boss_relics":[{"not_picked":["Busted Crown","WristBlade"],"picked":"Sozu"},{"not_picked":["White Beast Statue","Runic Dome"],"picked":"Lizard Tail"}],"items_purged_floors":[22,37],"is_endless":false,"potions_floor_spawned":[1,4,11,18,20,30,36,38],"killed_by":"Giant Head","ascension_level":17}