{"gold_per_floor":[111,122,122,136,146,146,181,181,208,208,223,223,236,256,256,330,330,340,352,352],"floor_reached":20,"playtime":757,"items_purged":[],"score":329,"play_id":"2cf58866-b856-438d-862c-3968973583ed","local_time":"20190602123717","is_ascension_mode":true,"campfire_choices":[{"data":"Dualcast","floor":6.0,"key":"SMITH"},{"floor":10.0,"key":"REST"},{"data":"Capacitor","floor":12.0,"key":"SMITH"},{"floor":15.0,"key":"REST"}],"neow_cost":"NONE","seed_source_timestamp":51193185382121,"circlet_count":0,"master_deck":["AscendersBane","Strike_B+1","Strike_B","Strike_B+1","Defend_B","Defend_B","Defend_B","Defend_B","Zap","Dualcast+1","Electrodynamics","Conserve Battery","Chaos+1","Doom and Gloom+1","Capacitor+1","Capacitor","FTL","Buffer","Cold Snap","BootSequence"],"special_seed":0,"relics":["Cracked Core","DataDisk","Whetstone","Black Star"],"potions_floor_usage":[20],"damage_taken":[{"damage":0.0,"enemies":"2 Louse","floor":1.0,"turns":1.0},{"damage":5.0,"enemies":"Small Slimes","floor":2.0,"turns":3.0},{"damage":7.0,"enemies":"Jaw Worm","floor":4.0,"turns":2.0},{"damage":0.0,"enemies":"Lots of Slimes","floor":5.0,"turns":1.0},{"damage":16.0,"enemies":"Lagavulin","floor":7.0,"turns":6.0},{"damage":0.0,"enemies":"Large Slime","floor":11.0,"turns":4.0},{"damage":6.0,"enemies":"Looter","floor":13.0,"turns":3.0},{"damage":7.0,"enemies":"Exordium Thugs","floor":14.0,"turns":3.0},{"damage":30.0,"enemies":"Slime Boss","floor":16.0,"turns":6.0},{"damage":19,"enemies":"Spheric Guardian","floor":18,"turns":4},{"damage":32,"enemies":"Shell Parasite","floor":19,"turns":8},{"damage":10,"enemies":"Snake Plant","floor":20,"turns":3}],"seed_played":"2469700077399132433","potions_obtained":[{"floor":5.0,"key":"Poison Potion"},{"floor":7.0,"key":"SkillPotion"},{"floor":11.0,"key":"Block Potion"},{"floor":13.0,"key":"Dexterity Potion"},{"floor":18,"key":"PowerPotion"}],"is_trial":false,"path_per_floor":["M","M","?","M","M","R","E","?","T","R","M","R","M","M","R","B",null,"M","M","M"],"character_chosen":"DEFECT","items_purchased":[],"campfire_rested":2,"item_purchase_floors":[],"current_hp_per_floor":[64,59,38,31,31,31,15,15,15,36,36,36,30,23,44,14,57,38,6,0],"gold":352,"neow_bonus":"TRANSFORM_CARD","is_prod":false,"is_daily":false,"chose_seed":false,"campfire_upgraded":2,"win_rate":0,"timestamp":1559450237,"path_taken":["M","M","?","M","M","R","E","?","T","R","M","R","M","M","R","BOSS","M","M","M"],"build_version":"2019-01-23","purchased_purges":0,"victory":false,"max_hp_per_floor":[71,71,71,71,71,71,71,71,71,71,71,71,71,71,71,71,71,71,71,71],"card_choices":[{"not_picked":["Rebound","Go for the Eyes"],"picked":"Conserve Battery","floor":1.0},{"not_picked":["Beam Cell","Force Field"],"picked":"Chaos","floor":2.0},{"not_picked":["Steam","Streamline"],"picked":"Doom and Gloom","floor":4.0},{"not_picked":["Machine Learning","Tempest","Static Discharge"],"picked":"SKIP","floor":5.0},{"not_picked":["Chill","Reprogram"],"picked":"Capacitor","floor":7.0},{"not_picked":["Hello World","Barrage"],"picked":"Capacitor","floor":11.0},{"not_picked":["Auto Shields","Fusion","Static Discharge"],"picked":"SKIP","floor":13.0},{"not_picked":["Rebound","Streamline"],"picked":"FTL","floor":14.0},{"not_picked":["Rainbow","Hyperbeam"],"picked":"Buffer","floor":16.0},{"not_picked":["Leap","Gash"],"picked":"Cold Snap","floor":18},{"not_picked":["Gash+1","Stack"],"picked":"BootSequence","floor":19}],"player_experience":622081,"relics_obtained":[{"floor":7.0,"key":"DataDisk"},{"floor":9.0,"key":"Whetstone"}],"event_choices":[{"damage_healed":0.0,"max_hp_gain":0.0,"max_hp_loss":0.0,"gold_gain":0.0,"event_name":"Shining Light","player_choice":"Entered Light","floor":3.0,"gold_loss":0.0,"damage_taken":21.0,"cards_upgraded":["Strike_B","Chaos"]},{"damage_healed":0.0,"max_hp_gain":0.0,"max_hp_loss":0.0,"gold_gain":0.0,"event_name":"Liars Game","player_choice":"Ignored","floor":8.0,"gold_loss":0.0,"damage_taken":0.0}],"is_beta":false,"boss_relics":[{"not_picked":["Eternal Feather","Runic Pyramid"],"picked":"Black Star"}],"items_purged_floors":[],"is_endless":false,"potions_floor_spawned":[5,7,11,13,18],"killed_by":"Snake Plant","ascension_level":17}