{"gold_per_floor":[114,114,47,47,1,1,1,44,112,148,167,47,90,113,113,203,203,224,249,249,249,270,270,286,326,326,344,344,364,364,7,7,102,102,120,141,5,26,26,67,67,91,91,105,124,124,124,138,138,138],"floor_reached":51,"playtime":5442,"items_purged":["Strike_B","Strike_B+1"],"score":1524,"play_id":"7a838a60-f636-449a-bf64-f0e9e6745112","local_time":"20181127023252","is_ascension_mode":true,"campfire_choices":[{"data":"Zap","floor":6.0,"key":"SMITH"},{"data":"Dualcast","floor":15.0,"key":"SMITH"},{"floor":23.0,"key":"REST"},{"data":"Capacitor","floor":28.0,"key":"SMITH"},{"data":"Hologram","floor":30.0,"key":"SMITH"},{"data":"Go for the Eyes","floor":32.0,"key":"SMITH"},{"data":"FTL","floor":41.0,"key":"SMITH"},{"floor":47.0,"key":"REST"},{"data":"FTL","floor":49.0,"key":"SMITH"}],"neow_cost":"NONE","seed_source_timestamp":0,"circlet_count":0,"master_deck":["AscendersBane","Strike_B+1","Defend_B+1","Defend_B+1","Defend_B+1","Defend_B+1","Zap+1","Dualcast+1","Steam","Capacitor+1","Hologram+1","Machine Learning","FTL+1","FTL+1","Coolheaded+1","White Noise+1","Coolheaded+1","Electrodynamics","Coolheaded+1","Undo+1","Coolheaded+1","White Noise+1","Chill+1","Static Discharge","Fusion+1","Panacea+1","Go for the Eyes+1","Echo Form","Glacier+1","White Noise+1","Hologram+1","Conserve Battery+1","Stack+1","Gash","Conserve Battery+1","Madness+1","Madness+1","FTL"],"special_seed":0,"relics":["Cracked Core","NeowsBlessing","Golden Idol","Singing Bowl","Mercury Hourglass","Toxic Egg 2","Omamori","Lizard Tail","FossilizedHelix","Symbiotic Virus","Membership Card","Cursed Key","Kunai","Pear","Shuriken"],"potions_floor_usage":[50],"damage_taken":[{"damage":0.0,"enemies":"Small Slimes","floor":1.0,"turns":1.0},{"damage":0.0,"enemies":"Gremlin Nob","floor":8.0,"turns":1.0},{"damage":0.0,"enemies":"3 Sentries","floor":10.0,"turns":1.0},{"damage":0.0,"enemies":"2 Louse","floor":11.0,"turns":2.0},{"damage":16.0,"enemies":"Gremlin Nob","floor":13.0,"turns":4.0},{"damage":0.0,"enemies":"Cultist","floor":14.0,"turns":2.0},{"damage":23.0,"enemies":"Slime Boss","floor":16.0,"turns":9.0},{"damage":5.0,"enemies":"Spheric Guardian","floor":18.0,"turns":4.0},{"damage":17.0,"enemies":"2 Thieves","floor":19.0,"turns":3.0},{"damage":6.0,"enemies":"Shelled Parasite and Fungi","floor":22.0,"turns":8.0},{"damage":0.0,"enemies":"Cultist and Chosen","floor":24.0,"turns":4.0},{"damage":0.0,"enemies":"Gremlin Leader","floor":25.0,"turns":6.0},{"damage":0.0,"enemies":"Centurion and Healer","floor":27.0,"turns":9.0},{"damage":0.0,"enemies":"Snecko","floor":29.0,"turns":8.0},{"damage":0.0,"enemies":"Automaton","floor":33.0,"turns":17.0},{"damage":0.0,"enemies":"Orb Walker","floor":35.0,"turns":4.0},{"damage":0.0,"enemies":"3 Darklings","floor":36.0,"turns":5.0},{"damage":0.0,"enemies":"Maw","floor":38.0,"turns":5.0},{"damage":0.0,"enemies":"Giant Head","floor":40.0,"turns":10.0},{"damage":0.0,"enemies":"4 Shapes","floor":42.0,"turns":5.0},{"damage":9.0,"enemies":"Writhing Mass","floor":44.0,"turns":9.0},{"damage":0.0,"enemies":"Sphere and 2 Shapes","floor":45.0,"turns":4.0},{"damage":0.0,"enemies":"4 Shapes","floor":48.0,"turns":5.0},{"damage":23,"enemies":"Time Eater","floor":50,"turns":20}],"seed_played":"-6682725672053755843","potions_obtained":[{"floor":10.0,"key":"SteroidPotion"},{"floor":11.0,"key":"Weak Potion"},{"floor":18.0,"key":"AttackPotion"},{"floor":21.0,"key":"AttackPotion"},{"floor":22.0,"key":"Fire Potion"},{"floor":24.0,"key":"SkillPotion"},{"floor":29.0,"key":"SpeedPotion"},{"floor":35.0,"key":"EssenceOfSteel"},{"floor":38.0,"key":"SneckoOil"},{"floor":45.0,"key":"Strength Potion"}],"is_trial":false,"path_per_floor":["M","?","$","?","$","R","?","E","T","E","M","$","E","M","R","B",null,"M","M","?","?","M","R","M","E","T","M","R","M","R","$","R","B",null,"M","M","$","M","$","E","R","M","T","M","M","?","R","M","R","B",null],"character_chosen":"DEFECT","items_purchased":["Capacitor","Hologram","Coolheaded+1","Membership Card","Fusion+1","Panacea+1","Go for the Eyes","Kunai","Hologram+1"],"campfire_rested":2,"item_purchase_floors":[3,5,12,31,31,31,31,37,37],"current_hp_per_floor":[64,64,64,69,69,69,69,69,69,69,69,69,53,53,53,30,59,54,37,37,37,33,54,54,54,54,54,54,54,54,54,54,54,67,67,67,67,67,67,79,79,79,79,70,70,55,79,79,79,56],"gold":138,"neow_bonus":"THREE_ENEMY_KILL","is_prod":false,"is_daily":false,"chose_seed":false,"campfire_upgraded":7,"win_rate":0,"timestamp":1543253572,"path_taken":["M","?","$","?","$","R","?","E","T","E","M","?","E","M","R","BOSS","M","?","?","?","M","R","M","E","T","M","R","M","R","$","R","BOSS","M","M","$","M","?","E","R","M","T","M","M","?","R","M","R","BOSS"],"build_version":"2018-11-15","purchased_purges":2,"victory":true,"max_hp_per_floor":[71,71,71,76,76,76,69,69,69,69,69,69,69,69,69,69,69,69,69,69,69,71,71,71,71,71,71,71,71,71,71,71,71,71,71,71,71,71,71,83,83,83,83,83,83,83,83,83,83,83],"card_choices":[{"not_picked":["Gash","Fusion"],"picked":"Steam","floor":1.0},{"not_picked":["Rebound","Multi-Cast"],"picked":"Machine Learning","floor":8.0},{"not_picked":["Stack","Storm"],"picked":"FTL","floor":10.0},{"not_picked":["Redo+1","Rebound"],"picked":"FTL","floor":11.0},{"not_picked":["Force Field+1","Stack+1"],"picked":"White Noise+1","floor":13.0},{"not_picked":["Chaos+1","Scrape"],"picked":"Coolheaded+1","floor":14.0},{"not_picked":["Core Surge","Machine Learning"],"picked":"Electrodynamics","floor":16.0},{"not_picked":["Cold Snap","Doom and Gloom"],"picked":"Coolheaded+1","floor":18.0},{"not_picked":["FTL","Turbo+1"],"picked":"Undo+1","floor":19.0},{"not_picked":["Rip and Tear","Scrape","Consume+1"],"picked":"Singing Bowl","floor":22.0},{"not_picked":["Storm","Compile Driver"],"picked":"Coolheaded+1","floor":24.0},{"not_picked":["Force Field+1","Rebound"],"picked":"White Noise+1","floor":25.0},{"not_picked":["Steam+1","Go for the Eyes"],"picked":"Chill+1","floor":27.0},{"not_picked":["Stack+1","Beam Cell"],"picked":"Static Discharge","floor":29.0},{"not_picked":["Thunder Strike","Hyperbeam"],"picked":"Echo Form","floor":33.0},{"not_picked":["Beam Cell","Leap+1"],"picked":"Glacier+1","floor":35.0},{"not_picked":["Streamline","Recycle+1"],"picked":"White Noise+1","floor":36.0},{"not_picked":["Hello World","Leap+1"],"picked":"Conserve Battery+1","floor":38.0},{"not_picked":["Barrage","Self Repair","Multi-Cast+1"],"picked":"Singing Bowl","floor":40.0},{"not_picked":["Ball Lightning","Sweeping Beam"],"picked":"Stack+1","floor":42.0},{"not_picked":["Conserve Battery+1","Stack+1"],"picked":"Gash","floor":44.0},{"not_picked":["Beam Cell","Chill+1"],"picked":"Conserve Battery+1","floor":45.0},{"not_picked":["Streamline","Cold Snap"],"picked":"FTL","floor":48.0}],"player_experience":2459185,"relics_obtained":[{"floor":8.0,"key":"Singing Bowl"},{"floor":9.0,"key":"Mercury Hourglass"},{"floor":10.0,"key":"Toxic Egg 2"},{"floor":13.0,"key":"Omamori"},{"floor":25.0,"key":"FossilizedHelix"},{"floor":26.0,"key":"Symbiotic Virus"},{"floor":40.0,"key":"Pear"},{"floor":43.0,"key":"Shuriken"}],"event_choices":[{"cards_removed":["Strike_B"],"damage_healed":0.0,"max_hp_gain":0.0,"max_hp_loss":0.0,"gold_gain":0.0,"event_name":"Living Wall","player_choice":"Forget","floor":2.0,"gold_loss":0.0,"damage_taken":0.0},{"damage_healed":0.0,"max_hp_gain":5.0,"max_hp_loss":0.0,"gold_gain":0.0,"event_name":"Big Fish","player_choice":"Donut","floor":4.0,"gold_loss":0.0,"damage_taken":0.0},{"damage_healed":0.0,"max_hp_gain":0.0,"max_hp_loss":7.0,"gold_gain":0.0,"event_name":"Golden Idol","player_choice":"Lose Max HP","floor":7.0,"gold_loss":0.0,"damage_taken":0.0,"relics_obtained":["Golden Idol"]},{"damage_healed":0.0,"max_hp_gain":0.0,"max_hp_loss":0.0,"gold_gain":0.0,"event_name":"Back to Basics","player_choice":"Simplicity","floor":20.0,"gold_loss":0.0,"damage_taken":0.0,"cards_upgraded":["Strike_B","Strike_B","Defend_B","Defend_B","Defend_B","Defend_B"]},{"damage_healed":0.0,"max_hp_gain":0.0,"max_hp_loss":0.0,"gold_gain":0.0,"event_name":"Lab","player_choice":"Got Potions","floor":21.0,"gold_loss":0.0,"damage_taken":0.0},{"damage_healed":0.0,"max_hp_gain":0.0,"max_hp_loss":0.0,"gold_gain":0.0,"event_name":"Winding Halls","player_choice":"Embrace Madness","floor":46.0,"gold_loss":0.0,"damage_taken":15.0,"cards_obtained":["Madness","Madness"]}],"is_beta":true,"boss_relics":[{"not_picked":["Runic Dome","Snecko Eye"],"picked":"Lizard Tail"},{"not_picked":["Velvet Choker","Eternal Feather"],"picked":"Cursed Key"}],"items_purged_floors":[12,31],"is_endless":false,"potions_floor_spawned":[10,11,18,22,24,29,35,38,45],"ascension_level":15}