{"gold_per_floor":[109,129,24,38,52,52,65,65,65,117,117,117,135,145,145,145],"floor_reached":16,"playtime":694,"items_purged":[],"score":174,"play_id":"e1576e71-8b24-445e-830d-58ad4121eb73","local_time":"20190516053753","is_ascension_mode":true,"campfire_choices":[{"data":"Pain","floor":6,"key":"PURGE"},{"floor":11,"key":"REST"},{"floor":15,"key":"REST"}],"neow_cost":"CURSE","seed_source_timestamp":1687561511488456,"circlet_count":0,"master_deck":["AscendersBane","Defend_G","Defend_G","Defend_G","Defend_G","Defend_G","Strike_G","Strike_G","Strike_G","Strike_G","Strike_G","Survivor","Neutralize","Cloak And Dagger","PiercingWail","Cloak And Dagger","Footwork","Dash","A Thousand Cuts","Terror","Pain","Cloak And Dagger"],"relics":["Ring of the Snake","Peace Pipe","Matryoshka","WarpedTongs"],"potions_floor_usage":[7],"damage_taken":[{"damage":21,"enemies":"Jaw Worm","floor":1,"turns":9},{"damage":1,"enemies":"2 Louse","floor":2,"turns":2},{"damage":10,"enemies":"Cultist","floor":4,"turns":5},{"damage":11,"enemies":"Exordium Wildlife","floor":5,"turns":9},{"damage":6,"enemies":"2 Fungi Beasts","floor":7,"turns":6},{"damage":5,"enemies":"3 Louse","floor":13,"turns":5},{"damage":13,"enemies":"Exordium Wildlife","floor":14,"turns":7},{"damage":20,"enemies":"Slime Boss","floor":16,"turns":6}],"seed_played":"3868757525190766316","potions_obtained":[{"floor":2,"key":"EssenceOfSteel"},{"floor":13,"key":"Ancient Potion"},{"floor":14,"key":"LiquidBronze"}],"is_trial":false,"path_per_floor":["M","M","$","M","M","R","M","$","T","?","R","?","M","M","R","B"],"character_chosen":"THE_SILENT","items_purchased":["Cloak And Dagger","Footwork"],"campfire_rested":2,"item_purchase_floors":[3,3],"current_hp_per_floor":[38,37,37,27,16,16,10,10,10,10,29,29,24,11,30,10],"gold":145,"neow_bonus":"ONE_RARE_RELIC","is_prod":false,"is_daily":false,"chose_seed":false,"campfire_upgraded":0,"win_rate":0,"timestamp":1557952673,"path_taken":["M","M","$","M","M","R","M","$","T","?","R","?","?","M","R","BOSS"],"build_version":"2019-05-07","purchased_purges":0,"victory":false,"max_hp_per_floor":[66,66,66,66,66,66,66,66,66,66,66,66,66,66,66,66],"card_choices":[{"not_picked":["Finisher","PiercingWail"],"picked":"Cloak And Dagger","floor":1},{"not_picked":["Bane","Backflip"],"picked":"PiercingWail","floor":2},{"not_picked":["Outmaneuver","Sucker Punch"],"picked":"Dash","floor":4},{"not_picked":["Acrobatics","Eviscerate"],"picked":"A Thousand Cuts","floor":5},{"not_picked":["Backflip","Slice"],"picked":"Terror","floor":7},{"not_picked":["Prepared","Poisoned Stab","Deflect"],"picked":"SKIP","floor":13},{"not_picked":["Acrobatics","Dagger Throw"],"picked":"Cloak And Dagger","floor":14}],"player_experience":3258338,"relics_obtained":[{"floor":9,"key":"Matryoshka"}],"event_choices":[{"damage_healed":0,"gold_gain":52,"player_choice":"Gained Gold","damage_taken":0,"max_hp_gain":0,"max_hp_loss":0,"event_name":"Golden Wing","floor":10,"gold_loss":0},{"damage_healed":0,"gold_gain":0,"player_choice":"Rummage","damage_taken":0,"relics_obtained":["WarpedTongs"],"max_hp_gain":0,"max_hp_loss":0,"event_name":"Accursed Blacksmith","floor":12,"gold_loss":0,"cards_obtained":["Pain"]}],"is_beta":true,"boss_relics":[],"items_purged_floors":[],"is_endless":false,"potions_floor_spawned":[2,13,14],"killed_by":"Slime Boss","ascension_level":17}