{"gold_per_floor":[116,116,133,147,127,127,11,11,11,11,27,42,42,70,70,144,144,162,87,104,104,117,117,117],"floor_reached":24,"playtime":1108,"items_purged":["Strike_G"],"score":363,"play_id":"52cde820-899f-4b53-aa3d-03796635cc5b","local_time":"20190408203035","is_ascension_mode":true,"campfire_choices":[{"data":"Neutralize","floor":6.0,"key":"SMITH"},{"data":"Footwork","floor":8.0,"key":"SMITH"},{"data":"Deadly Poison","floor":10.0,"key":"SMITH"},{"data":"Catalyst","floor":13.0,"key":"SMITH"},{"data":"Dagger Spray","floor":15.0,"key":"SMITH"},{"floor":23,"key":"REST"}],"neow_cost":"NONE","seed_source_timestamp":3440193424813680,"circlet_count":0,"master_deck":["AscendersBane","Defend_G","Defend_G","Defend_G","Defend_G","Defend_G","Strike_G","Survivor","Neutralize+1","Heel Hook","Deadly Poison+1","Dagger Spray+1","Catalyst+1","Footwork+1","Heel Hook","Acrobatics","Deflect","Envenom","Blur","Cloak And Dagger","Bouncing Flask","Grand Finale","Sucker Punch+1"],"special_seed":0,"relics":["Ring of the Snake","Bag of Marbles","Mango","WingedGreaves","Lizard Tail"],"potions_floor_usage":[],"damage_taken":[{"damage":1.0,"enemies":"Jaw Worm","floor":1.0,"turns":4.0},{"damage":0.0,"enemies":"Cultist","floor":3.0,"turns":4.0},{"damage":3.0,"enemies":"Small Slimes","floor":4.0,"turns":5.0},{"damage":0.0,"enemies":"Looter","floor":11.0,"turns":4.0},{"damage":6.0,"enemies":"Large Slime","floor":12.0,"turns":8.0},{"damage":5.0,"enemies":"3 Sentries","floor":14.0,"turns":9.0},{"damage":3.0,"enemies":"Hexaghost","floor":16.0,"turns":10.0},{"damage":15.0,"enemies":"2 Thieves","floor":18.0,"turns":5.0},{"damage":38.0,"enemies":"Chosen","floor":20.0,"turns":6.0},{"damage":30,"enemies":"Shelled Parasite and Fungi","floor":22,"turns":10},{"damage":58,"enemies":"Gremlin Leader","floor":24,"turns":6}],"seed_played":"-6319651270777098804","potions_obtained":[{"floor":3.0,"key":"Block Potion"},{"floor":5.0,"key":"Poison Potion"},{"floor":14.0,"key":"EssenceOfSteel"},{"floor":16.0,"key":"Block Potion"}],"is_trial":false,"path_per_floor":["M","?","M","M","?","R","$","R","T","R","M","M","R","E","R","B",null,"M","$","M","?","M","R","E"],"character_chosen":"THE_SILENT","items_purchased":["Catalyst","Footwork"],"campfire_rested":1,"item_purchase_floors":[7,7],"current_hp_per_floor":[58,58,58,55,55,55,55,55,69,69,69,63,63,58,58,55,74,59,59,21,21,34,58,0],"gold":117,"neow_bonus":"RANDOM_COMMON_RELIC","is_prod":false,"is_daily":false,"chose_seed":false,"campfire_upgraded":5,"win_rate":0,"timestamp":1554723035,"path_taken":["M","?","M","?","?","R","?","R","T","R","M","?","R","E","R","BOSS","M","$","M","?","M","R","E"],"build_version":"2019-04-04","purchased_purges":1,"victory":false,"max_hp_per_floor":[66,66,66,66,66,66,66,66,80,80,80,80,80,80,80,80,80,80,80,80,80,80,80,80],"card_choices":[{"not_picked":["Poisoned Stab","Slice"],"picked":"Heel Hook","floor":1.0},{"not_picked":["Underhanded Strike","Masterful Stab"],"picked":"Deadly Poison","floor":3.0},{"not_picked":["Deadly Poison","Poisoned Stab"],"picked":"Dagger Spray","floor":4.0},{"not_picked":["Reflex","Blade Dance"],"picked":"Heel Hook","floor":11.0},{"not_picked":["Skewer","Sucker Punch"],"picked":"Acrobatics","floor":12.0},{"not_picked":["Skewer","Setup"],"picked":"Deflect","floor":14.0},{"not_picked":["Storm of Steel","Die Die Die"],"picked":"Envenom","floor":16.0},{"not_picked":["Dagger Spray","Terror"],"picked":"Blur","floor":18.0},{"not_picked":["Bouncing Flask","Underhanded Strike+1"],"picked":"Cloak And Dagger","floor":20.0},{"not_picked":["Dagger Throw","Outmaneuver+1"],"picked":"Sucker Punch+1","floor":22}],"player_experience":2853514,"relics_obtained":[{"floor":9.0,"key":"Mango"},{"floor":14.0,"key":"WingedGreaves"}],"event_choices":[{"cards_removed":["Strike_G"],"damage_healed":0.0,"max_hp_gain":0.0,"max_hp_loss":0.0,"gold_gain":0.0,"event_name":"Wheel of Change","player_choice":"Card Removal","floor":2.0,"gold_loss":0.0,"damage_taken":0.0},{"damage_healed":0.0,"max_hp_gain":0.0,"max_hp_loss":0.0,"gold_gain":0.0,"event_name":"The Woman in Blue","player_choice":"Bought 1 Potion","floor":5.0,"gold_loss":0.0,"damage_taken":0.0},{"damage_healed":0.0,"max_hp_gain":0.0,"max_hp_loss":0.0,"gold_gain":0.0,"cards_transformed":["Strike_G","Strike_G"],"event_name":"Drug Dealer","player_choice":"Became Test Subject","floor":21.0,"gold_loss":0.0,"damage_taken":0.0,"cards_obtained":["Bouncing Flask","Grand Finale"]}],"is_beta":true,"boss_relics":[{"not_picked":["Fusion Hammer","WristBlade"],"picked":"Lizard Tail"}],"items_purged_floors":[19],"is_endless":false,"potions_floor_spawned":[3,14,16],"killed_by":"Gremlin Leader","ascension_level":17}