{"gold_per_floor":[110,110,35,35,45,45,74,94,94,119,138,138,154,168,168,273,273,286,151,201,301,319,319,319,329,329,21,35,50,50,350,350,452,452,472,472,179,0,0,26,38,38,61,61,61,77,87,99,99,99],"floor_reached":50,"playtime":2736,"items_purged":["Defend_R","Strike_R","Strike_R","Writhe"],"score":717,"play_id":"0776ba64-d97d-467e-bb69-dd19a950bb95","local_time":"20190113003202","is_ascension_mode":true,"campfire_choices":[{"data":"Bash","floor":6.0,"key":"SMITH"},{"data":"Entrench","floor":12.0,"key":"SMITH"},{"data":"True Grit","floor":15.0,"key":"SMITH"},{"data":"Rage","floor":23.0,"key":"SMITH"},{"data":"Apotheosis","floor":30.0,"key":"SMITH"},{"data":"Battle Trance","floor":32.0,"key":"SMITH"},{"data":"Barricade","floor":42,"key":"SMITH"},{"data":"Impervious","floor":49,"key":"SMITH"}],"neow_cost":"NONE","seed_source_timestamp":205593374135024,"circlet_count":0,"master_deck":["Strike_R+1","Defend_R","Defend_R","Defend_R","Bash+1","Flex+1","Shockwave","Sword Boomerang+1","Spot Weakness","Anger+1","Entrench+1","Clash+1","True Grit+1","Immolate+1","Rage+1","Evolve","Body Slam+1","Battle Trance+1","Impervious+1","Apotheosis+1","Offering","Flex+1","Madness","Madness","Barricade+1","Flex+1","Infernal Blade","Body Slam+1"],"special_seed":0,"relics":["Burning Blood","NeowsBlessing","Molten Egg 2","Juzu Bracelet","Meat on the Bone","Mark of Pain","FossilizedHelix","Question Card","Matryoshka","Old Coin","Runic Cube","Red Mask","Strawberry","Lantern","Whetstone","Ornamental Fan","Pantograph"],"potions_floor_usage":[40,40,50,50],"damage_taken":[{"damage":0.0,"enemies":"Small Slimes","floor":1.0,"turns":1.0},{"damage":0.0,"enemies":"2 Louse","floor":5.0,"turns":1.0},{"damage":0.0,"enemies":"3 Sentries","floor":7.0,"turns":1.0},{"damage":12.0,"enemies":"Jaw Worm","floor":8.0,"turns":2.0},{"damage":15.0,"enemies":"Gremlin Nob","floor":10.0,"turns":3.0},{"damage":0.0,"enemies":"Red Slaver","floor":11.0,"turns":2.0},{"damage":16.0,"enemies":"Looter","floor":13.0,"turns":3.0},{"damage":4.0,"enemies":"2 Fungi Beasts","floor":14.0,"turns":3.0},{"damage":18.0,"enemies":"Hexaghost","floor":16.0,"turns":7.0},{"damage":7.0,"enemies":"Chosen","floor":18.0,"turns":4.0},{"damage":1.0,"enemies":"Colosseum Slavers","floor":21.0,"turns":2.0},{"damage":53.0,"enemies":"Colosseum Nobs","floor":21.0,"turns":4.0},{"damage":5.0,"enemies":"Shell Parasite","floor":22.0,"turns":4.0},{"damage":0.0,"enemies":"Centurion and Healer","floor":25.0,"turns":3.0},{"damage":0.0,"enemies":"Cultist and Chosen","floor":28.0,"turns":6.0},{"damage":0.0,"enemies":"Snake Plant","floor":29.0,"turns":2.0},{"damage":72.0,"enemies":"Champ","floor":33.0,"turns":15.0},{"damage":6.0,"enemies":"3 Shapes","floor":35.0,"turns":4.0},{"damage":24,"enemies":"Reptomancer","floor":40,"turns":5},{"damage":18,"enemies":"3 Darklings","floor":41,"turns":3},{"damage":28,"enemies":"Spire Growth","floor":46,"turns":5},{"damage":20,"enemies":"Sphere and 2 Shapes","floor":47,"turns":3},{"damage":17,"enemies":"Writhing Mass","floor":48,"turns":4},{"damage":75,"enemies":"Time Eater","floor":50,"turns":10}],"seed_played":"-2423129444446865690","potions_obtained":[{"floor":7.0,"key":"SkillPotion"},{"floor":8.0,"key":"Energy Potion"},{"floor":11.0,"key":"SpeedPotion"},{"floor":13.0,"key":"Block Potion"},{"floor":16.0,"key":"Dexterity Potion"},{"floor":21.0,"key":"LiquidBronze"},{"floor":28.0,"key":"Regen Potion"},{"floor":33.0,"key":"SkillPotion"},{"floor":35.0,"key":"Swift Potion"},{"floor":47,"key":"SkillPotion"},{"floor":48,"key":"Swift Potion"}],"is_trial":false,"path_per_floor":["M","?","$","?","M","R","E","M","T","E","M","R","M","M","R","B",null,"M","$","?","?","M","R","?","M","T","$","M","M","R","?","R","B",null,"M","?","$","?","$","E","M","R","T","T","?","M","M","M","R","B"],"character_chosen":"IRONCLAD","items_purchased":["Evolve","Apotheosis","Barricade"],"campfire_rested":0,"item_purchase_floors":[19,27,37],"current_hp_per_floor":[78,71,71,55,61,61,67,61,61,52,58,58,48,50,50,50,73,72,72,72,42,55,55,55,61,61,61,67,73,73,73,73,24,66,66,56,56,56,56,57,57,57,57,57,57,47,45,46,46,0],"gold":99,"neow_bonus":"THREE_ENEMY_KILL","is_prod":false,"is_daily":false,"chose_seed":false,"campfire_upgraded":8,"win_rate":0,"timestamp":1547307122,"path_taken":["M","?","$","?","M","R","E","M","T","E","M","R","M","M","R","BOSS","M","$","?","?","M","R","?","M","T","$","M","M","R","?","R","BOSS","M","?","$","?","?","E","M","R","T","?","?","M","M","M","R","BOSS"],"build_version":"2019-01-10","purchased_purges":4,"victory":false,"max_hp_per_floor":[80,80,80,80,80,80,80,80,80,80,80,80,80,80,80,80,80,80,80,80,80,80,80,80,80,80,80,80,80,80,80,80,80,80,80,80,80,80,80,87,87,87,87,87,87,87,87,87,87,87],"card_choices":[{"not_picked":["Havoc","Combust"],"picked":"Flex","floor":1.0},{"not_picked":["Sever Soul","Havoc"],"picked":"Shockwave","floor":5.0},{"not_picked":["Corruption","Bludgeon"],"picked":"Sword Boomerang","floor":7.0},{"not_picked":["Warcry","Disarm"],"picked":"Spot Weakness","floor":8.0},{"not_picked":["Fiend Fire+1","Wild Strike+1"],"picked":"Anger+1","floor":10.0},{"not_picked":["Sword Boomerang+1","Headbutt+1"],"picked":"Entrench","floor":11.0},{"not_picked":["Bloodletting","Evolve"],"picked":"Clash+1","floor":13.0},{"not_picked":["Wild Strike+1","Entrench"],"picked":"True Grit","floor":14.0},{"not_picked":["Bludgeon+1","Berserk"],"picked":"Immolate+1","floor":16.0},{"not_picked":["Rupture","Dropkick+1"],"picked":"Rage","floor":18.0},{"not_picked":["Iron Wave+1","Flex"],"picked":"Body Slam+1","floor":21.0},{"not_picked":["Anger+1","Headbutt+1","Wild Strike+1"],"picked":"Battle Trance","floor":22.0},{"not_picked":["Sword Boomerang+1","Pommel Strike+1","Pummel+1"],"picked":"Impervious","floor":25.0},{"not_picked":["Perfected Strike+1","Thunderclap+1","Havoc","Pommel Strike+1"],"picked":"SKIP","floor":28.0},{"not_picked":["Combust","Disarm","True Grit","Cleave+1"],"picked":"SKIP","floor":29.0},{"not_picked":["Dark Embrace","Fiend Fire+1","Berserk"],"picked":"Offering","floor":33.0},{"not_picked":["Battle Trance","Rage","Uppercut+1"],"picked":"Flex+1","floor":35.0},{"not_picked":["Evolve+1","Clash+1","Wild Strike+1"],"picked":"Flex+1","floor":40},{"not_picked":["Thunderclap+1","Armaments","Flex+1"],"picked":"Infernal Blade","floor":41},{"not_picked":["Thunderclap+1","Havoc","Sword Boomerang+1","True Grit+1"],"picked":"SKIP","floor":46},{"not_picked":["Rampage+1","Clothesline+1","True Grit","Wild Strike+1"],"picked":"SKIP","floor":47},{"not_picked":["Clash+1","Wild Strike+1","Pommel Strike+1"],"picked":"Body Slam+1","floor":48}],"player_experience":350477,"relics_obtained":[{"floor":7.0,"key":"Molten Egg 2"},{"floor":9.0,"key":"Juzu Bracelet"},{"floor":10.0,"key":"Meat on the Bone"},{"floor":21.0,"key":"FossilizedHelix"},{"floor":21.0,"key":"Question Card"},{"floor":26.0,"key":"Matryoshka"},{"floor":40,"key":"Strawberry"},{"floor":43,"key":"Lantern"},{"floor":43,"key":"Whetstone"},{"floor":44,"key":"Ornamental Fan"},{"floor":44,"key":"Pantograph"}],"event_choices":[{"cards_removed":["Strike_R"],"damage_healed":0.0,"max_hp_gain":0.0,"max_hp_loss":0.0,"gold_gain":0.0,"event_name":"Golden Wing","player_choice":"Card Removal","floor":2.0,"gold_loss":0.0,"damage_taken":7.0},{"damage_healed":0.0,"max_hp_gain":0.0,"max_hp_loss":0.0,"gold_gain":0.0,"event_name":"Shining Light","player_choice":"Entered Light","floor":4.0,"gold_loss":0.0,"damage_taken":16.0,"cards_upgraded":["Flex","Strike_R"]},{"damage_healed":0.0,"max_hp_gain":0.0,"max_hp_loss":0.0,"gold_gain":100.0,"event_name":"The Joust","player_choice":"Bet on Murderer","floor":20.0,"gold_loss":50.0,"damage_taken":0.0},{"damage_healed":0.0,"max_hp_gain":0.0,"max_hp_loss":0.0,"gold_gain":0.0,"event_name":"Colosseum","player_choice":"Fight","floor":21.0,"gold_loss":0.0,"damage_taken":0.0},{"damage_healed":0.0,"max_hp_gain":0.0,"max_hp_loss":0.0,"gold_gain":0.0,"event_name":"Colosseum","player_choice":"Fought Nobs","floor":21.0,"gold_loss":0.0,"damage_taken":0.0},{"damage_healed":0.0,"max_hp_gain":0.0,"max_hp_loss":0.0,"gold_gain":0.0,"event_name":"Ghosts","player_choice":"Ignored","floor":24.0,"gold_loss":0.0,"damage_taken":0.0},{"damage_healed":0.0,"max_hp_gain":0.0,"max_hp_loss":0.0,"gold_gain":0.0,"event_name":"The Mausoleum","player_choice":"Opened","floor":31.0,"gold_loss":0.0,"damage_taken":0.0,"relics_obtained":["Old Coin"],"cards_obtained":["Writhe"]},{"damage_healed":0.0,"max_hp_gain":0.0,"max_hp_loss":0.0,"gold_gain":0.0,"event_name":"Winding Halls","player_choice":"Embrace Madness","floor":36.0,"gold_loss":0.0,"damage_taken":10.0,"cards_obtained":["Madness","Madness"]},{"damage_healed":0.0,"max_hp_gain":0.0,"max_hp_loss":0.0,"gold_gain":0.0,"event_name":"Tomb of Lord Red Mask","player_choice":"Paid","floor":38.0,"gold_loss":179.0,"damage_taken":0.0,"relics_obtained":["Red Mask"]},{"cards_removed":["Strike_R"],"damage_healed":0,"gold_gain":0,"player_choice":"Purged","damage_taken":0,"max_hp_gain":0,"max_hp_loss":0,"event_name":"Purifier","floor":45,"gold_loss":0}],"is_beta":false,"boss_relics":[{"not_picked":["Runic Pyramid","Snecko Eye"],"picked":"Mark of Pain"},{"not_picked":["Coffee Dripper","Runic Dome"],"picked":"Runic Cube"}],"items_purged_floors":[3,19,27,37],"is_endless":false,"potions_floor_spawned":[7,8,11,13,16,21,28,33,35,47,48],"killed_by":"Time Eater","ascension_level":6}