{"gold_per_floor":[118,134,134,209,209,209,235,235,235,249,264,294,23,23,23,100,100,115,115,131,147,180,192,192,192,192,192,27,27,92,110,110,184,184,201,101,113,113,335,335],"floor_reached":40,"playtime":1907,"items_purged":["Strike_G","Strike_G"],"score":855,"play_id":"ea01e5f8-cf0f-42a2-84ed-3b75831fb300","local_time":"20190413013518","is_ascension_mode":true,"campfire_choices":[{"floor":6.0,"key":"REST"},{"floor":8.0,"key":"REST"},{"floor":15,"key":"REST"},{"data":"Terror","floor":24,"key":"SMITH"},{"data":"Finesse","floor":27,"key":"SMITH"},{"data":"Footwork","floor":29,"key":"SMITH"},{"floor":32,"key":"REST"}],"neow_cost":"PERCENT_DAMAGE","seed_source_timestamp":33459676444254,"circlet_count":0,"master_deck":["AscendersBane","Defend_G","Defend_G","Defend_G","Defend_G","Defend_G","Strike_G","Strike_G","Survivor","Neutralize+1","Sadistic Nature","Finesse+1","Dagger Spray","Dagger Spray","Escape Plan","Flying Knee","Terror+1","Backflip+1","Cloak And Dagger+1","Expertise+1","Storm of Steel+1","Predator+1","Blade Dance+1","Crippling Poison+1","Backflip+1","Footwork+1","Blur+1","Doppelganger+1","Bullet Time+1","Blade Dance+1","Blade Dance+1","Madness+1","Madness+1"],"special_seed":0,"relics":["Ring of the Serpent","Thread and Needle","Shuriken","Toxic Egg 2","Ancient Tea Set","Red Mask","Omamori","Tiny Chest","Cursed Key"],"potions_floor_usage":[12,18,22,22,30],"damage_taken":[{"damage":1.0,"enemies":"Cultist","floor":1.0,"turns":4.0},{"damage":5.0,"enemies":"2 Louse","floor":2.0,"turns":5.0},{"damage":32.0,"enemies":"Lagavulin","floor":7.0,"turns":8.0},{"damage":2.0,"enemies":"Small Slimes","floor":10.0,"turns":4.0},{"damage":0.0,"enemies":"Looter","floor":11.0,"turns":4.0},{"damage":20,"enemies":"Gremlin Nob","floor":12,"turns":4},{"damage":0,"enemies":"Slime Boss","floor":16,"turns":6},{"damage":0,"enemies":"Chosen","floor":18,"turns":3},{"damage":0,"enemies":"3 Byrds","floor":20,"turns":5},{"damage":7,"enemies":"Centurion and Healer","floor":21,"turns":7},{"damage":0,"enemies":"Masked Bandits","floor":22,"turns":3},{"damage":0,"enemies":"3 Cultists","floor":23,"turns":4},{"damage":17,"enemies":"Slavers","floor":30,"turns":4},{"damage":0,"enemies":"Sentry and Sphere","floor":31,"turns":7},{"damage":29,"enemies":"Automaton","floor":33,"turns":11},{"damage":5,"enemies":"3 Darklings","floor":35,"turns":4},{"damage":0,"enemies":"3 Shapes","floor":37,"turns":4},{"damage":39,"enemies":"Reptomancer","floor":40,"turns":2}],"seed_played":"8757646581210898744","potions_obtained":[{"floor":1.0,"key":"PowerPotion"},{"floor":7.0,"key":"Ancient Potion"},{"floor":12,"key":"Swift Potion"},{"floor":18,"key":"SteroidPotion"},{"floor":20,"key":"SteroidPotion"},{"floor":23,"key":"Block Potion"},{"floor":33,"key":"Dexterity Potion"},{"floor":37,"key":"Strength Potion"}],"is_trial":false,"path_per_floor":["M","M","T","?","?","R","E","R","T","M","M","E","$","?","R","B",null,"M","?","M","M","?","M","R","?","T","R","$","R","E","M","R","B",null,"M","$","M","?","?","E"],"character_chosen":"THE_SILENT","items_purchased":["Cloak And Dagger+1","Ancient Tea Set","Expertise+1","Footwork"],"campfire_rested":4,"item_purchase_floors":[13,13,13,28],"current_hp_per_floor":[43,38,38,27,20,39,7,26,26,24,24,4,4,4,23,23,55,55,55,55,48,48,48,48,30,30,30,30,30,13,13,34,5,55,50,50,50,37,37,0],"gold":335,"neow_bonus":"RANDOM_COLORLESS_2","is_prod":false,"is_daily":false,"chose_seed":false,"campfire_upgraded":3,"win_rate":0,"timestamp":1555086918,"path_taken":["M","M","?","?","?","R","E","R","T","M","M","E","$","?","R","BOSS","M","?","M","M","?","M","R","?","T","R","?","R","E","M","R","BOSS","M","$","M","?","?","E"],"build_version":"2019-04-04","purchased_purges":2,"victory":false,"max_hp_per_floor":[66,66,66,66,66,66,66,66,66,66,66,66,66,66,66,66,66,66,66,66,66,66,66,66,71,71,71,71,71,71,71,71,71,71,71,71,71,71,71,71],"card_choices":[{"not_picked":["Flying Knee","Deadly Poison"],"picked":"Dagger Spray","floor":1.0},{"not_picked":["Deflect","Cloak And Dagger"],"picked":"Dagger Spray","floor":2.0},{"not_picked":["Eviscerate","Dodge and Roll"],"picked":"Escape Plan","floor":7.0},{"not_picked":["Skewer","Flechettes"],"picked":"Flying Knee","floor":10.0},{"not_picked":["Deadly Poison","Poisoned Stab"],"picked":"Terror","floor":11.0},{"not_picked":["Sucker Punch","Terror"],"picked":"Backflip","floor":12},{"not_picked":["Glass Knife","Tools of the Trade"],"picked":"Storm of Steel+1","floor":16},{"not_picked":["Heel Hook","Endless Agony"],"picked":"Predator+1","floor":18},{"not_picked":["Quick Slash","Deflect+1"],"picked":"Blade Dance+1","floor":20},{"not_picked":["Bouncing Flask+1","Poisoned Stab","Bane"],"picked":"SKIP","floor":21},{"not_picked":["Dagger Spray","Backflip+1"],"picked":"Crippling Poison+1","floor":22},{"not_picked":["Phantasmal Killer+1","Poisoned Stab"],"picked":"Backflip+1","floor":23},{"not_picked":["Terror+1","Sucker Punch"],"picked":"Blur+1","floor":30},{"not_picked":["Quick Slash+1","Poisoned Stab"],"picked":"Doppelganger+1","floor":31},{"not_picked":["Venomology+1","Envenom"],"picked":"Bullet Time+1","floor":33},{"not_picked":["Flechettes","Poisoned Stab"],"picked":"Blade Dance+1","floor":35},{"not_picked":["Caltrops+1","Accuracy"],"picked":"Blade Dance+1","floor":37}],"player_experience":2918669,"relics_obtained":[{"floor":7.0,"key":"Thread and Needle"},{"floor":9.0,"key":"Shuriken"},{"floor":12,"key":"Toxic Egg 2"},{"floor":22,"key":"Red Mask"},{"floor":26,"key":"Omamori"},{"floor":30,"key":"Tiny Chest"}],"event_choices":[{"damage_healed":0.0,"max_hp_gain":0.0,"max_hp_loss":0.0,"gold_gain":75.0,"event_name":"World of Goop","player_choice":"Gather Gold","floor":4.0,"gold_loss":0.0,"damage_taken":11.0},{"cards_removed":["Strike_G"],"damage_healed":0.0,"max_hp_gain":0.0,"max_hp_loss":0.0,"gold_gain":0.0,"event_name":"Golden Wing","player_choice":"Card Removal","floor":5.0,"gold_loss":0.0,"damage_taken":7.0},{"damage_healed":0,"gold_gain":0,"player_choice":"Forge","damage_taken":0,"max_hp_gain":0,"max_hp_loss":0,"event_name":"Accursed Blacksmith","floor":14,"gold_loss":0,"cards_upgraded":["Neutralize"]},{"damage_healed":0,"gold_gain":0,"player_choice":"Ignored","damage_taken":0,"max_hp_gain":0,"max_hp_loss":0,"event_name":"Cursed Tome","floor":19,"gold_loss":0},{"damage_healed":0,"gold_gain":0,"player_choice":"Fought Bandits","damage_taken":0,"max_hp_gain":0,"max_hp_loss":0,"event_name":"Masked Bandits","floor":22,"gold_loss":0},{"damage_healed":0,"gold_gain":0,"player_choice":"Shed Blood","damage_taken":23,"max_hp_gain":5,"max_hp_loss":0,"event_name":"Forgotten Altar","floor":25,"gold_loss":0},{"damage_healed":0,"gold_gain":0,"player_choice":"Embrace Madness","damage_taken":13,"max_hp_gain":0,"max_hp_loss":0,"event_name":"Winding Halls","floor":38,"gold_loss":0,"cards_obtained":["Madness","Madness"]},{"damage_healed":0,"gold_gain":222,"player_choice":"Wore Mask","damage_taken":0,"max_hp_gain":0,"max_hp_loss":0,"event_name":"Tomb of Lord Red Mask","floor":39,"gold_loss":0}],"is_beta":true,"boss_relics":[{"not_picked":["Tiny House","Astrolabe"],"picked":"Ring of the Serpent"},{"not_picked":["Lizard Tail","Philosopher\u0027s Stone"],"picked":"Cursed Key"}],"items_purged_floors":[28,36],"is_endless":false,"potions_floor_spawned":[1,7,12,18,20,23,33,37],"killed_by":"Reptomancer","ascension_level":17}