{"gold_per_floor":[117,131,142,13,13,13,45,45,45,45,58,58,76,87,87,164,164,179,194,194,57,57,57,72,72,72,72,72,72,90,190,190,266,266,282,32,42,56,71,71,0,33,33,48,58,77,77,93,93,93,93,93,5,39,39],"floor_reached":55,"playtime":5613,"items_purged":["Strike_G","Writhe","Strike_G"],"score":1251,"play_id":"be69b298-659c-49d7-83e5-c16818391077","local_time":"20190412151426","is_ascension_mode":true,"campfire_choices":[{"floor":6,"key":"REST"},{"floor":8,"key":"REST"},{"data":"Neutralize","floor":10,"key":"SMITH"},{"data":"Noxious Fumes","floor":12,"key":"SMITH"},{"data":"Cloak And Dagger","floor":15,"key":"SMITH"},{"data":"Backflip","floor":23,"key":"SMITH"},{"data":"Dash","floor":25,"key":"SMITH"},{"data":"Predator","floor":27,"key":"SMITH"},{"data":"Blur","floor":29,"key":"SMITH"},{"data":"Calculated Gamble","floor":32,"key":"SMITH"},{"data":"Footwork","floor":40,"key":"SMITH"},{"data":"Catalyst","floor":47,"key":"SMITH"},{"floor":49,"key":"RECALL"},{"data":"Adrenaline","floor":52,"key":"SMITH"}],"neow_cost":"PERCENT_DAMAGE","seed_source_timestamp":3762378160398894,"circlet_count":0,"master_deck":["AscendersBane","Defend_G","Defend_G","Defend_G","Defend_G","Defend_G","Strike_G","Strike_G","Strike_G","Survivor","Neutralize+1","Dagger Spray","Cloak And Dagger+1","Predator+1","Cloak And Dagger","Noxious Fumes+1","Bane","Bullet Time","Blur+1","Backflip+1","Infinite Blades","Dash+1","Calculated Gamble+1","Night Terror","Footwork+1","Accuracy+1","Adrenaline+1","Catalyst+1","Leg Sweep"],"relics":["Ring of the Snake","Ginger","Blood Vial","Meat on the Bone","Snecko Eye","Mummified Hand","Nilry\u0027s Codex","Turnip","WingedGreaves","Bottled Lightning","Coffee Dripper","Red Mask","Dodecahedron","Mercury Hourglass"],"potions_floor_usage":[7,31,33,42,50,55,55],"damage_taken":[{"damage":0,"enemies":"2 Louse","floor":1,"turns":4},{"damage":9,"enemies":"Small Slimes","floor":2,"turns":4},{"damage":1,"enemies":"Cultist","floor":3,"turns":4},{"damage":37,"enemies":"Lagavulin","floor":7,"turns":7},{"damage":5,"enemies":"Gremlin Gang","floor":11,"turns":4},{"damage":6,"enemies":"Exordium Thugs","floor":13,"turns":4},{"damage":12,"enemies":"Blue Slaver","floor":14,"turns":4},{"damage":17,"enemies":"The Guardian","floor":16,"turns":11},{"damage":8,"enemies":"2 Thieves","floor":18,"turns":4},{"damage":33,"enemies":"Chosen","floor":19,"turns":7},{"damage":9,"enemies":"Snecko","floor":24,"turns":4},{"damage":16,"enemies":"Shelled Parasite and Fungi","floor":30,"turns":6},{"damage":3,"enemies":"Colosseum Slavers","floor":31,"turns":5},{"damage":13,"enemies":"Colosseum Nobs","floor":31,"turns":5},{"damage":12,"enemies":"Automaton","floor":33,"turns":9},{"damage":1,"enemies":"3 Shapes","floor":35,"turns":4},{"damage":7,"enemies":"3 Darklings","floor":37,"turns":7},{"damage":0,"enemies":"Sphere and 2 Shapes","floor":38,"turns":7},{"damage":21,"enemies":"Transient","floor":39,"turns":6},{"damage":4,"enemies":"Reptomancer","floor":42,"turns":8},{"damage":0,"enemies":"Maw","floor":44,"turns":6},{"damage":0,"enemies":"3 Darklings","floor":45,"turns":5},{"damage":19,"enemies":"Writhing Mass","floor":46,"turns":8},{"damage":12,"enemies":"4 Shapes","floor":48,"turns":5},{"damage":5,"enemies":"Time Eater","floor":50,"turns":22},{"damage":14,"enemies":"Shield and Spear","floor":54,"turns":9},{"damage":67,"enemies":"The Heart","floor":55,"turns":8}],"seed_played":"7350225661974988602","potions_obtained":[{"floor":2,"key":"SkillPotion"},{"floor":3,"key":"LiquidBronze"},{"floor":13,"key":"Strength Potion"},{"floor":30,"key":"Strength Potion"},{"floor":37,"key":"EssenceOfSteel"},{"floor":39,"key":"Weak Potion"},{"floor":44,"key":"Block Potion"},{"floor":48,"key":"PowerPotion"},{"floor":54,"key":"GamblersBrew"}],"is_trial":false,"path_per_floor":["M","M","M","$","?","R","E","R","T","R","M","R","M","M","R","B",null,"M","M","?","$","?","R","M","R","T","R","$","R","M","?","R","B",null,"M","$","M","M","M","R","?","E","T","M","M","M","R","M","R","B",null,"R","$","E","B"],"character_chosen":"THE_SILENT","items_purchased":["SteroidPotion","Infinite Blades","Footwork","GamblersBrew","Leg Sweep"],"campfire_rested":2,"item_purchase_floors":[4,21,36,36,53],"current_hp_per_floor":[56,47,46,46,20,43,6,29,29,29,38,38,46,48,48,45,70,64,45,45,45,24,24,29,29,29,29,29,29,27,39,39,41,69,70,70,65,67,48,48,48,46,46,48,50,45,45,47,47,44,70,70,70,58,0],"gold":39,"neow_bonus":"TWENTY_PERCENT_HP_BONUS","is_prod":false,"is_daily":false,"chose_seed":false,"campfire_upgraded":11,"win_rate":0,"timestamp":1555049666,"path_taken":["M","M","M","$","?","R","E","R","T","R","M","R","M","M","R","BOSS","M","M","?","$","?","R","M","R","T","R","$","R","M","?","R","BOSS","M","$","M","M","M","R","?","E","T","M","M","M","R","M","R","BOSS","R","$","E","BOSS"],"build_version":"2019-04-04","purchased_purges":3,"victory":false,"max_hp_per_floor":[78,78,78,78,78,78,78,78,78,78,78,78,78,78,78,78,78,78,78,78,78,78,78,78,78,78,78,78,78,78,78,78,78,78,78,78,78,78,78,78,78,78,78,78,78,78,78,78,78,78,78,78,78,78,78],"card_choices":[{"not_picked":["Acrobatics","Tactician"],"picked":"Dagger Spray","floor":1},{"not_picked":["Heel Hook","Deflect"],"picked":"Cloak And Dagger","floor":2},{"not_picked":["Underhanded Strike","Outmaneuver"],"picked":"Predator","floor":3},{"not_picked":["Concentrate","Blade Dance"],"picked":"Cloak And Dagger","floor":7},{"not_picked":["Acrobatics","Expertise"],"picked":"Noxious Fumes","floor":11},{"not_picked":["Setup","Dodge and Roll","Dagger Throw"],"picked":"SKIP","floor":13},{"not_picked":["Quick Slash","Dagger Throw"],"picked":"Bane","floor":14},{"not_picked":["Glass Knife","Storm of Steel"],"picked":"Bullet Time","floor":16},{"not_picked":["Dodge and Roll+1","Bane"],"picked":"Blur","floor":18},{"not_picked":["Dagger Spray","Acrobatics"],"picked":"Backflip","floor":19},{"not_picked":["Endless Agony","Dagger Throw"],"picked":"Dash","floor":24},{"not_picked":["Backflip","Choke"],"picked":"Calculated Gamble","floor":30},{"not_picked":["Adrenaline","Storm of Steel"],"picked":"Night Terror","floor":33},{"not_picked":["Masterful Stab","Distraction+1","Dagger Throw"],"picked":"SKIP","floor":35},{"not_picked":["Deflect","Dagger Throw+1","Masterful Stab+1"],"picked":"SKIP","floor":37},{"not_picked":["Dodge and Roll+1","Deadly Poison","Endless Agony"],"picked":"SKIP","floor":38},{"not_picked":["Quick Slash","Backflip","Outmaneuver"],"picked":"SKIP","floor":39},{"not_picked":["Quick Slash","Dagger Spray+1"],"picked":"Accuracy+1","floor":42},{"not_picked":["Deflect","Skewer"],"picked":"Adrenaline","floor":44},{"not_picked":["Dagger Spray+1","Sucker Punch"],"picked":"Catalyst","floor":45},{"not_picked":["Prepared","Flying Knee","Endless Agony"],"picked":"SKIP","floor":46},{"not_picked":["Setup","Prepared","Flechettes"],"picked":"SKIP","floor":48},{"not_picked":["Cloak And Dagger","Dodge and Roll","Prepared"],"picked":"SKIP","floor":54}],"player_experience":2910495,"relics_obtained":[{"floor":7,"key":"Blood Vial"},{"floor":9,"key":"Meat on the Bone"},{"floor":22,"key":"Nilry\u0027s Codex"},{"floor":26,"key":"Turnip"},{"floor":31,"key":"WingedGreaves"},{"floor":31,"key":"Bottled Lightning"},{"floor":42,"key":"Dodecahedron"},{"floor":54,"key":"Mercury Hourglass"}],"event_choices":[{"damage_healed":0,"gold_gain":0,"player_choice":"Success","damage_taken":26,"relics_obtained":["Ginger"],"max_hp_gain":0,"max_hp_loss":0,"event_name":"Scrap Ooze","floor":5,"gold_loss":0},{"damage_healed":0,"gold_gain":0,"player_choice":"Opened","damage_taken":0,"relics_obtained":["Mummified Hand"],"max_hp_gain":0,"max_hp_loss":0,"event_name":"The Mausoleum","floor":20,"gold_loss":0,"cards_obtained":["Writhe"]},{"damage_healed":0,"gold_gain":0,"player_choice":"Obtained Book","damage_taken":21,"max_hp_gain":0,"max_hp_loss":0,"event_name":"Cursed Tome","floor":22,"gold_loss":0},{"damage_healed":0,"gold_gain":0,"player_choice":"Fight","damage_taken":0,"max_hp_gain":0,"max_hp_loss":0,"event_name":"Colosseum","floor":31,"gold_loss":0},{"damage_healed":0,"gold_gain":0,"player_choice":"Fought Nobs","damage_taken":0,"max_hp_gain":0,"max_hp_loss":0,"event_name":"Colosseum","floor":31,"gold_loss":0},{"damage_healed":0,"gold_gain":0,"player_choice":"Paid","damage_taken":0,"relics_obtained":["Red Mask"],"max_hp_gain":0,"max_hp_loss":0,"event_name":"Tomb of Lord Red Mask","floor":41,"gold_loss":71}],"is_beta":true,"boss_relics":[{"not_picked":["Fusion Hammer","Calling Bell"],"picked":"Snecko Eye"},{"not_picked":["Tiny House","Philosopher\u0027s Stone"],"picked":"Coffee Dripper"}],"items_purged_floors":[4,21,36],"is_endless":false,"potions_floor_spawned":[2,3,13,16,30,31,37,39,44,48,54],"killed_by":"The Heart","ascension_level":17}