{"gold_per_floor":[113,113,133,158,158,158,4,4,4,4,44,64,89,124,124,222,222,240,240,240,15,33,71,71,11,35,35,35,85,85,98,98,189,189,214,234,254,304,327,327],"floor_reached":40,"playtime":2639,"items_purged":["Writhe"],"score":768,"play_id":"2026e4e3-b9d9-405d-8383-19b8e4d8cc40","local_time":"20181217124753","is_ascension_mode":true,"campfire_choices":[{"data":"Immolate","floor":6.0,"key":"SMITH"},{"data":"Bash","floor":8.0,"key":"SMITH"},{"data":"Power Through","floor":10.0,"key":"SMITH"},{"data":"Shrug It Off","floor":15.0,"key":"SMITH"},{"floor":24.0,"key":"REST"},{"data":"Dark Embrace","floor":30.0,"key":"SMITH"},{"floor":32.0,"key":"REST"}],"neow_cost":"TEN_PERCENT_HP_LOSS","seed_source_timestamp":89174543632488,"circlet_count":0,"master_deck":["AscendersBane","Strike_R","Strike_R","Defend_R","Defend_R","Defend_R","Defend_R","Bash+1","Immolate+1","Rampage","Thunderclap","Evolve","Power Through+1","Pommel Strike","Power Through","Impervious","Shrug It Off+1","Dark Embrace+1","Feel No Pain","Power Through+1","Warcry+1","Sentinel+1","Demon Form","Armaments+1","Body Slam","Offering+1"],"special_seed":0,"relics":["Burning Blood","Golden Idol","Magic Flower","Bronze Scales","The Courier","Empty Cage","Toxic Egg 2","Nilry\u0027s Codex","Medical Kit","Vajra","Strawberry","Philosopher\u0027s Stone"],"potions_floor_usage":[40],"damage_taken":[{"damage":0.0,"enemies":"Small Slimes","floor":1.0,"turns":3.0},{"damage":1.0,"enemies":"2 Louse","floor":3.0,"turns":2.0},{"damage":3.0,"enemies":"Jaw Worm","floor":4.0,"turns":4.0},{"damage":36.0,"enemies":"Lagavulin","floor":11.0,"turns":8.0},{"damage":0.0,"enemies":"Exordium Wildlife","floor":12.0,"turns":1.0},{"damage":7.0,"enemies":"2 Fungi Beasts","floor":13.0,"turns":2.0},{"damage":5.0,"enemies":"Gremlin Nob","floor":14.0,"turns":5.0},{"damage":15.0,"enemies":"The Guardian","floor":16.0,"turns":14.0},{"damage":0.0,"enemies":"2 Thieves","floor":18.0,"turns":1.0},{"damage":7.0,"enemies":"3 Byrds","floor":22.0,"turns":3.0},{"damage":36.0,"enemies":"Slavers","floor":23.0,"turns":6.0},{"damage":21.0,"enemies":"Snake Plant","floor":31.0,"turns":7.0},{"damage":38.0,"enemies":"Collector","floor":33.0,"turns":15.0},{"damage":16.0,"enemies":"3 Darklings","floor":35.0,"turns":4.0},{"damage":0.0,"enemies":"3 Shapes","floor":36.0,"turns":4.0},{"damage":46.0,"enemies":"Jaw Worm Horde","floor":37.0,"turns":6.0},{"damage":1.0,"enemies":"4 Shapes","floor":39.0,"turns":4.0},{"damage":83,"enemies":"Giant Head","floor":40,"turns":9}],"seed_played":"-695885960681903340","potions_obtained":[{"floor":4.0,"key":"BloodPotion"},{"floor":13.0,"key":"SpeedPotion"},{"floor":14.0,"key":"SpeedPotion"},{"floor":16.0,"key":"SteroidPotion"},{"floor":22.0,"key":"EssenceOfSteel"},{"floor":31.0,"key":"SteroidPotion"},{"floor":36.0,"key":"Regen Potion"},{"floor":39.0,"key":"SkillPotion"}],"is_trial":false,"path_per_floor":["M","?","M","M","?","R","$","R","T","R","E","M","M","E","R","B",null,"M","?","?","$","M","E","R","$","T","?","$","T","R","M","R","B",null,"M","M","M","?","M","E"],"character_chosen":"IRONCLAD","items_purchased":["Evolve","Power Through","Medical Kit","Power Through+1"],"campfire_rested":2,"item_purchase_floors":[7,7,21,21],"current_hp_per_floor":[68,45,50,53,46,46,46,46,46,46,28,37,39,43,43,37,60,68,68,47,47,49,22,42,42,42,42,42,49,49,37,59,30,64,57,66,53,53,61,0],"gold":327,"neow_bonus":"THREE_RARE_CARDS","is_prod":false,"is_daily":false,"chose_seed":false,"campfire_upgraded":5,"win_rate":0,"timestamp":1545018473,"path_taken":["M","?","M","M","?","R","?","R","T","R","E","M","M","E","R","BOSS","M","?","?","$","M","E","R","$","T","?","?","?","R","M","R","BOSS","M","M","?","?","M","E"],"build_version":"2018-12-13","purchased_purges":1,"victory":false,"max_hp_per_floor":[68,68,68,68,68,68,68,68,68,68,68,68,68,68,68,68,68,68,68,68,68,68,68,68,68,68,68,68,75,75,75,75,75,75,75,75,75,75,75,75],"card_choices":[{"not_picked":["Bludgeon","Berserk"],"picked":"Immolate","floor":0.0},{"not_picked":["Sword Boomerang","Twin Strike"],"picked":"Rampage","floor":1.0},{"not_picked":["Havoc","Sword Boomerang"],"picked":"Thunderclap","floor":3.0},{"not_picked":["Havoc","Fire Breathing","Wild Strike"],"picked":"SKIP","floor":4.0},{"not_picked":["Headbutt","Havoc"],"picked":"Pommel Strike","floor":11.0},{"not_picked":["Clothesline","Searing Blow"],"picked":"Power Through","floor":12.0},{"not_picked":["Thunderclap","Heavy Blade"],"picked":"Impervious","floor":13.0},{"not_picked":["Havoc","Iron Wave"],"picked":"Shrug It Off","floor":14.0},{"not_picked":["Impervious","Brutality"],"picked":"Dark Embrace","floor":16.0},{"not_picked":["Clothesline","Shrug It Off"],"picked":"Feel No Pain","floor":18.0},{"not_picked":["Clothesline+1","Heavy Blade","Clash"],"picked":"SKIP","floor":22.0},{"not_picked":["Carnage","Clash"],"picked":"Warcry+1","floor":23.0},{"not_picked":["Cleave","Wild Strike"],"picked":"Sentinel+1","floor":31.0},{"not_picked":["Reaper","Dark Embrace"],"picked":"Demon Form","floor":33.0},{"not_picked":["Rage+1","Corruption","Thunderclap"],"picked":"SKIP","floor":35.0},{"not_picked":["Heavy Blade+1","Twin Strike+1"],"picked":"Armaments+1","floor":36.0},{"not_picked":["Headbutt","Heavy Blade"],"picked":"Body Slam","floor":37.0},{"not_picked":["Perfected Strike","Anger"],"picked":"Offering+1","floor":39.0}],"player_experience":2564353,"relics_obtained":[{"floor":9.0,"key":"Magic Flower"},{"floor":11.0,"key":"Bronze Scales"},{"floor":14.0,"key":"The Courier"},{"floor":20.0,"key":"Nilry\u0027s Codex"},{"floor":23.0,"key":"Vajra"},{"floor":29.0,"key":"Strawberry"}],"event_choices":[{"damage_healed":0.0,"max_hp_gain":0.0,"max_hp_loss":0.0,"gold_gain":0.0,"event_name":"Golden Idol","player_choice":"Take Damage","floor":2.0,"gold_loss":0.0,"damage_taken":23.0,"relics_obtained":["Golden Idol"]},{"cards_removed":["Strike_R"],"damage_healed":0.0,"max_hp_gain":0.0,"max_hp_loss":0.0,"gold_gain":0.0,"event_name":"Golden Wing","player_choice":"Card Removal","floor":5.0,"gold_loss":0.0,"damage_taken":7.0},{"damage_healed":0.0,"max_hp_gain":0.0,"max_hp_loss":0.0,"gold_gain":0.0,"event_name":"The Mausoleum","player_choice":"Opened","floor":19.0,"gold_loss":0.0,"damage_taken":0.0,"relics_obtained":["Toxic Egg 2"],"cards_obtained":["Writhe"]},{"damage_healed":0.0,"max_hp_gain":0.0,"max_hp_loss":0.0,"gold_gain":0.0,"event_name":"Cursed Tome","player_choice":"Obtained Book","floor":20.0,"gold_loss":0.0,"damage_taken":21.0},{"damage_healed":0.0,"max_hp_gain":0.0,"max_hp_loss":0.0,"gold_gain":0.0,"event_name":"Vampires","player_choice":"Ignored","floor":27.0,"gold_loss":0.0,"damage_taken":0.0},{"damage_healed":0.0,"max_hp_gain":0.0,"max_hp_loss":0.0,"gold_gain":50.0,"event_name":"Golden Shrine","player_choice":"Pray","floor":38.0,"gold_loss":0.0,"damage_taken":0.0}],"is_beta":true,"boss_relics":[{"not_picked":["Runic Pyramid","Tiny House"],"picked":"Empty Cage"},{"not_picked":["Black Blood","Lizard Tail"],"picked":"Philosopher\u0027s Stone"}],"items_purged_floors":[25],"is_endless":false,"potions_floor_spawned":[4,13,14,16,22,31,36,39],"killed_by":"Giant Head","ascension_level":15}