{"gold_per_floor":[113,113,38,38,54,85,85,4,59,59,97,13,13,34,34,125,125,138,138,63,63,73,73,103,103,103,122,156,156,183,207,207,281,281,294,394,408,420,27,27,42,55,55,103,58,58,74,74,74,74,74],"floor_reached":52,"playtime":1748,"items_purged":["Defend_B","Defend_B"],"score":1778,"play_id":"13dd6115-e03f-4e2f-bb01-cd8e4cfe572f","local_time":"20190324015540","is_ascension_mode":true,"campfire_choices":[{"data":"Static Discharge","floor":7.0,"key":"SMITH"},{"data":"Static Discharge","floor":10.0,"key":"SMITH"},{"data":"Storm","floor":13.0,"key":"SMITH"},{"data":"Defragment","floor":15.0,"key":"SMITH"},{"data":"Static Discharge","floor":23.0,"key":"SMITH"},{"floor":25.0,"key":"REST"},{"floor":29.0,"key":"REST"},{"floor":32.0,"key":"REST"},{"data":"Self Repair","floor":40.0,"key":"SMITH"},{"floor":46.0,"key":"REST"},{"data":"Turbo","floor":49.0,"key":"SMITH"}],"neow_cost":"NONE","seed_source_timestamp":870003218263300,"circlet_count":0,"master_deck":["AscendersBane","Defend_B","Zap","Dualcast","Hello World","Undo","Static Discharge+1","Static Discharge+1","Storm+1","Defragment+1","Heatsinks","Creative AI","Auto Shields+1","Loop+1","Leap+1","Static Discharge+1","Fission","Conserve Battery","BootSequence","Force Field","Seek","Turbo+1","Glacier","Double Energy","Thunder Strike+1","Self Repair+1","Creative AI","Blind","Turbo+1"],"special_seed":0,"relics":["Cracked Core","Bloody Idol","Boot","Tiny Chest","Unceasing Top","Astrolabe","Strawberry","Pocketwatch","Oddly Smooth Stone","Bronze Scales","Juzu Bracelet","White Beast Statue","Ginger","Membership Card","Happy Flower","Whetstone"],"potions_floor_usage":[51,51],"damage_taken":[{"damage":1.0,"enemies":"2 Louse","floor":1.0,"turns":4.0},{"damage":0.0,"enemies":"Jaw Worm","floor":5.0,"turns":3.0},{"damage":12.0,"enemies":"3 Sentries","floor":6.0,"turns":10.0},{"damage":4.0,"enemies":"Lagavulin","floor":11.0,"turns":5.0},{"damage":1.0,"enemies":"Cultist","floor":14.0,"turns":3.0},{"damage":6.0,"enemies":"Slime Boss","floor":16.0,"turns":6.0},{"damage":15.0,"enemies":"Shell Parasite","floor":18.0,"turns":4.0},{"damage":20.0,"enemies":"Chosen","floor":22.0,"turns":3.0},{"damage":30.0,"enemies":"Slavers","floor":24.0,"turns":3.0},{"damage":4.0,"enemies":"Snake Plant","floor":27.0,"turns":3.0},{"damage":21.0,"enemies":"Book of Stabbing","floor":28.0,"turns":3.0},{"damage":42.0,"enemies":"Slavers","floor":30.0,"turns":5.0},{"damage":15.0,"enemies":"Collector","floor":33.0,"turns":7.0},{"damage":11.0,"enemies":"3 Darklings","floor":35.0,"turns":4.0},{"damage":1.0,"enemies":"Mind Bloom Boss Battle","floor":36.0,"turns":6.0},{"damage":0.0,"enemies":"3 Shapes","floor":37.0,"turns":3.0},{"damage":37.0,"enemies":"Spire Growth","floor":38.0,"turns":4.0},{"damage":17.0,"enemies":"Jaw Worm Horde","floor":41.0,"turns":6.0},{"damage":36.0,"enemies":"Transient","floor":42.0,"turns":6.0},{"damage":13.0,"enemies":"Sphere and 2 Shapes","floor":47.0,"turns":3.0},{"damage":30.0,"enemies":"Donu and Deca","floor":50.0,"turns":4.0},{"damage":28,"enemies":"Time Eater","floor":51,"turns":8}],"seed_played":"908371168925280702","potions_obtained":[{"floor":5.0,"key":"Block Potion"},{"floor":6.0,"key":"Strength Potion"},{"floor":14.0,"key":"Fire Potion"},{"floor":16.0,"key":"Strength Potion"},{"floor":24.0,"key":"Dexterity Potion"},{"floor":27.0,"key":"Dexterity Potion"},{"floor":30.0,"key":"Energy Potion"},{"floor":35.0,"key":"SpeedPotion"},{"floor":37.0,"key":"FearPotion"},{"floor":38.0,"key":"Regen Potion"},{"floor":41.0,"key":"SpeedPotion"},{"floor":42.0,"key":"EssenceOfSteel"},{"floor":47.0,"key":"Fire Potion"}],"is_trial":false,"path_per_floor":["M","?","?","?","M","E","R","$","T","R","E","$","R","M","R","B",null,"M","?","$","?","M","R","E","R","T","M","E","R","E","T","R","B",null,"M","?","M","M","$","R","M","M","T","T","$","R","M","?","R","B","B",null],"character_chosen":"DEFECT","items_purchased":["Static Discharge","Defragment","Membership Card","Thunder Strike","Self Repair","Blind"],"campfire_rested":4,"item_purchase_floors":[8,12,39,39,39,45],"current_hp_per_floor":[63,63,63,68,68,56,56,56,56,56,52,52,52,51,51,45,63,48,48,48,48,33,33,15,37,37,38,22,44,7,12,34,24,63,57,61,66,34,34,34,47,26,26,31,31,53,55,55,55,35,17],"gold":74,"neow_bonus":"TRANSFORM_CARD","is_prod":false,"is_daily":false,"chose_seed":false,"campfire_upgraded":7,"win_rate":0,"timestamp":1553360140,"path_taken":["M","?","?","?","M","E","R","$","T","R","E","?","R","M","R","BOSS","M","?","$","?","?","R","E","R","T","M","E","R","E","?","R","BOSS","M","?","M","M","$","R","M","M","T","?","?","R","M","?","R","BOSS","BOSS"],"build_version":"2019-01-23","purchased_purges":2,"victory":true,"max_hp_per_floor":[71,64,64,69,69,69,69,69,69,69,69,69,69,69,69,69,69,69,69,69,69,69,69,76,76,76,76,76,76,76,76,76,76,76,76,76,76,76,76,76,76,76,76,76,76,76,76,76,76,76,76],"card_choices":[{"not_picked":["Barrage","Heatsinks"],"picked":"Steam","floor":1.0},{"not_picked":["Redo","Cold Snap"],"picked":"Undo","floor":5.0},{"not_picked":["Loop","Steam"],"picked":"Static Discharge","floor":6.0},{"not_picked":["Chill","Darkness"],"picked":"Storm","floor":11.0},{"not_picked":["Coolheaded","Turbo"],"picked":"Heatsinks","floor":14.0},{"not_picked":["Thunder Strike","Reboot"],"picked":"Creative AI","floor":16.0},{"not_picked":["Beam Cell","Redo"],"picked":"Static Discharge","floor":18.0},{"not_picked":["Ball Lightning","Barrage"],"picked":"Conserve Battery","floor":22.0},{"not_picked":["Coolheaded","Recycle"],"picked":"BootSequence","floor":24.0},{"not_picked":["Gash","Sweeping Beam","Redo"],"picked":"SKIP","floor":27.0},{"not_picked":["Consume","Beam Cell","Gash"],"picked":"SKIP","floor":28.0},{"not_picked":["Genetic Algorithm","Cold Snap"],"picked":"Force Field","floor":30.0},{"not_picked":["Multi-Cast","Meteor Strike"],"picked":"Seek","floor":33.0},{"not_picked":["Cold Snap+1","Streamline"],"picked":"Turbo+1","floor":35.0},{"not_picked":["Sweeping Beam","Darkness+1"],"picked":"Glacier","floor":36.0},{"not_picked":["Leap","Rebound+1","Cold Snap"],"picked":"SKIP","floor":37.0},{"not_picked":["Turbo","Ball Lightning"],"picked":"Double Energy","floor":38.0},{"not_picked":["Ball Lightning","White Noise"],"picked":"Creative AI","floor":41.0},{"not_picked":["Ball Lightning","Cold Snap","Lockon"],"picked":"SKIP","floor":42.0},{"not_picked":["Coolheaded","Beam Cell"],"picked":"Turbo","floor":47.0}],"player_experience":4603552,"relics_obtained":[{"floor":6.0,"key":"Boot"},{"floor":9.0,"key":"Tiny Chest"},{"floor":11.0,"key":"Unceasing Top"},{"floor":24.0,"key":"Strawberry"},{"floor":26.0,"key":"Pocketwatch"},{"floor":28.0,"key":"Oddly Smooth Stone"},{"floor":30.0,"key":"Bronze Scales"},{"floor":31.0,"key":"Juzu Bracelet"},{"floor":36.0,"key":"Ginger"},{"floor":43.0,"key":"Happy Flower"},{"floor":44.0,"key":"Whetstone"}],"event_choices":[{"damage_healed":0.0,"max_hp_gain":0.0,"max_hp_loss":7.0,"gold_gain":0.0,"event_name":"Golden Idol","player_choice":"Lose Max HP","floor":2.0,"gold_loss":0.0,"damage_taken":0.0,"relics_obtained":["Golden Idol"]},{"cards_removed":["Defend_B"],"damage_healed":0.0,"max_hp_gain":0.0,"max_hp_loss":0.0,"gold_gain":0.0,"event_name":"The Cleric","player_choice":"Card Removal","floor":3.0,"gold_loss":75.0,"damage_taken":0.0},{"damage_healed":0.0,"max_hp_gain":5.0,"max_hp_loss":0.0,"gold_gain":0.0,"event_name":"Big Fish","player_choice":"Donut","floor":4.0,"gold_loss":0.0,"damage_taken":0.0},{"damage_healed":0.0,"max_hp_gain":0.0,"max_hp_loss":0.0,"gold_gain":0.0,"event_name":"Forgotten Altar","player_choice":"Gave Idol","floor":19.0,"relics_lost":["Golden Idol"],"gold_loss":0.0,"damage_taken":0.0,"relics_obtained":["Bloody Idol"]},{"damage_healed":0.0,"max_hp_gain":0.0,"max_hp_loss":0.0,"gold_gain":0.0,"event_name":"Match and Keep!","player_choice":"1 cards matched","floor":21.0,"gold_loss":0.0,"damage_taken":0.0,"cards_obtained":["Fission"]},{"damage_healed":0.0,"max_hp_gain":0.0,"max_hp_loss":0.0,"gold_gain":0.0,"event_name":"MindBloom","player_choice":"Fight","floor":36.0,"gold_loss":0.0,"damage_taken":0.0},{"cards_removed":["Steam"],"damage_healed":0.0,"max_hp_gain":0.0,"max_hp_loss":0.0,"gold_gain":0.0,"event_name":"Falling","player_choice":"Removed Skill","floor":48.0,"gold_loss":0.0,"damage_taken":0.0}],"is_beta":false,"boss_relics":[{"not_picked":["Fusion Hammer","Pandora\u0027s Box"],"picked":"Astrolabe"},{"not_picked":["Cursed Key","Inserter"],"picked":"White Beast Statue"}],"items_purged_floors":[20,39],"is_endless":false,"potions_floor_spawned":[5,6,14,16,24,27,30,35,36,37,38,41,42,47],"ascension_level":20}