{"gold_per_floor":[111,124,124,134,16,16,29,64,64,83,96,96,96,110,110,210,210,227,210,52,52,71,71,87,87,136,136,165,216,27,47,47,142,142,154,169,169,269,87,87,120,120,144,144,160,186,0,18,18,18],"floor_reached":51,"playtime":3662,"items_purged":["Strike_R","Strike_R"],"score":857,"play_id":"8751f11e-e646-4739-a41a-29d4c592d5e8","local_time":"20181229200905","is_ascension_mode":true,"campfire_choices":[{"data":"Body Slam","floor":6.0,"key":"SMITH"},{"data":"Rage","floor":13.0,"key":"SMITH"},{"floor":15.0,"key":"REST"},{"data":"Limit Break","floor":23.0,"key":"SMITH"},{"floor":25.0,"key":"REST"},{"data":"Demon Form","floor":27.0,"key":"SMITH"},{"floor":32.0,"key":"REST"},{"data":"Secret Technique","floor":40.0,"key":"SMITH"},{"floor":42,"key":"REST"},{"floor":44,"key":"REST"},{"floor":49,"key":"REST"}],"neow_cost":"PERCENT_DAMAGE","seed_source_timestamp":596845293712220,"circlet_count":0,"master_deck":["Strike_R","Strike_R","Strike_R+1","Defend_R","Defend_R","Defend_R","Defend_R","Bash+1","True Grit+1","Inflame","Sword Boomerang","Body Slam+1","Rage+1","Flex","Power Through","Flex","Cleave","Headbutt","Double Tap","Limit Break+1","Demon Form+1","Twin Strike+1","Evolve","Dual Wield","Reaper","Battle Trance","Finesse","Dark Shackles+1","Secret Technique+1","Shrug It Off+1","Metallicize","Heavy Blade","Seeing Red+1","Armaments+1","Flex+1"],"special_seed":0,"relics":["Black Blood","Incense Burner","Gremlin Horn","Mango","Sozu","Lantern","Champion Belt","Whetstone","Gambling Chip","Bronze Scales","War Paint","Shovel","Red Mask"],"potions_floor_usage":[],"damage_taken":[{"damage":16.0,"enemies":"Jaw Worm","floor":1.0,"turns":4.0},{"damage":5.0,"enemies":"2 Louse","floor":2.0,"turns":2.0},{"damage":8.0,"enemies":"Small Slimes","floor":4.0,"turns":3.0},{"damage":3.0,"enemies":"Looter","floor":7.0,"turns":3.0},{"damage":47.0,"enemies":"Gremlin Nob","floor":8.0,"turns":5.0},{"damage":0.0,"enemies":"Exordium Wildlife","floor":10.0,"turns":3.0},{"damage":3.0,"enemies":"Large Slime","floor":11.0,"turns":6.0},{"damage":10.0,"enemies":"Exordium Thugs","floor":14.0,"turns":4.0},{"damage":49.0,"enemies":"The Guardian","floor":16.0,"turns":12.0},{"damage":13.0,"enemies":"Spheric Guardian","floor":18.0,"turns":4.0},{"damage":12.0,"enemies":"2 Thieves","floor":19.0,"turns":4.0},{"damage":43.0,"enemies":"Cultist and Chosen","floor":22.0,"turns":7.0},{"damage":24.0,"enemies":"Snake Plant","floor":24.0,"turns":3.0},{"damage":15.0,"enemies":"Gremlin Leader","floor":28.0,"turns":6.0},{"damage":18.0,"enemies":"Centurion and Healer","floor":31.0,"turns":4.0},{"damage":22.0,"enemies":"Automaton","floor":33.0,"turns":6.0},{"damage":11.0,"enemies":"Orb Walker","floor":35.0,"turns":3.0},{"damage":30.0,"enemies":"3 Darklings","floor":36.0,"turns":6.0},{"damage":11.0,"enemies":"Mind Bloom Boss Battle","floor":38.0,"turns":4.0},{"damage":41,"enemies":"Reptomancer","floor":41,"turns":5},{"damage":49,"enemies":"Maw","floor":45,"turns":9},{"damage":41,"enemies":"Giant Head","floor":46,"turns":7},{"damage":35,"enemies":"Transient","floor":48,"turns":5},{"damage":91,"enemies":"Time Eater","floor":50,"turns":8}],"seed_played":"-1774489572267997826","potions_obtained":[{"floor":2.0,"key":"EntropicBrew"},{"floor":4.0,"key":"EssenceOfSteel"},{"floor":8.0,"key":"Ancient Potion"},{"floor":11.0,"key":"Strength Potion"}],"is_trial":false,"path_per_floor":["M","M","?","M","$","R","M","E","T","M","M","?","R","M","R","B",null,"M","M","$","?","M","R","M","R","T","R","E","T","$","M","R","B",null,"M","M","?","?","$","R","E","R","T","R","M","E","?","M","R","B",null],"character_chosen":"IRONCLAD","items_purchased":["Body Slam","Rage","Limit Break","Evolve","Dual Wield","Metallicize","Heavy Blade"],"campfire_rested":6,"item_purchase_floors":[5,5,20,30,30,39,39],"current_hp_per_floor":[46,47,52,50,50,50,53,12,26,32,35,35,35,31,60,17,99,92,86,86,86,49,49,31,60,60,60,51,51,51,39,68,52,99,98,78,68,67,67,67,36,65,65,94,70,59,59,52,81,15],"gold":18,"neow_bonus":"ONE_RARE_RELIC","is_prod":false,"is_daily":false,"chose_seed":false,"campfire_upgraded":5,"win_rate":0,"timestamp":1546081745,"path_taken":["M","M","?","M","$","R","M","E","T","M","M","?","R","M","R","BOSS","M","M","$","?","M","R","M","R","T","R","E","?","$","M","R","BOSS","M","M","?","?","$","R","E","R","T","R","M","E","?","M","R","BOSS"],"build_version":"2018-12-20","purchased_purges":2,"victory":true,"max_hp_per_floor":[80,80,85,85,85,85,85,85,99,99,99,99,99,99,99,99,99,99,99,99,99,99,99,99,99,99,99,99,99,99,99,99,99,99,99,99,99,99,99,99,99,99,99,99,99,99,99,99,99,99],"card_choices":[{"not_picked":["Body Slam","Metallicize"],"picked":"True Grit","floor":1.0},{"not_picked":["True Grit","Twin Strike"],"picked":"Inflame","floor":2.0},{"not_picked":["Shrug It Off","Burning Pact"],"picked":"Sword Boomerang","floor":4.0},{"not_picked":["Cleave","Heavy Blade"],"picked":"Flex","floor":7.0},{"not_picked":["Warcry","Dropkick"],"picked":"Power Through","floor":8.0},{"not_picked":["Warcry","Clash"],"picked":"Flex","floor":10.0},{"not_picked":["Juggernaut","Inflame"],"picked":"Cleave","floor":11.0},{"not_picked":["Twin Strike","Clothesline"],"picked":"Headbutt","floor":14.0},{"not_picked":["Dark Embrace","Juggernaut"],"picked":"Double Tap","floor":16.0},{"not_picked":["Perfected Strike","Cleave","Body Slam"],"picked":"SKIP","floor":18.0},{"not_picked":["True Grit+1","Rage+1","Combust"],"picked":"SKIP","floor":19.0},{"not_picked":["Twin Strike","Thunderclap","Perfected Strike+1"],"picked":"SKIP","floor":22.0},{"not_picked":["Havoc+1","Armaments"],"picked":"Demon Form","floor":24.0},{"not_picked":["Perfected Strike","Reckless Charge"],"picked":"Twin Strike+1","floor":28.0},{"not_picked":["Perfected Strike","Thunderclap","Warcry"],"picked":"SKIP","floor":31.0},{"not_picked":["Immolate","Double Tap"],"picked":"Reaper","floor":33.0},{"not_picked":["Rampage","Carnage","Wild Strike+1"],"picked":"SKIP","floor":35.0},{"not_picked":["True Grit","Hemokinesis+1"],"picked":"Battle Trance","floor":36.0},{"not_picked":["Enlightenment","Flash of Steel"],"picked":"Finesse","floor":37.0},{"not_picked":["Jack Of All Trades","Dramatic Entrance"],"picked":"Dark Shackles","floor":37.0},{"not_picked":["Mind Blast","Panacea"],"picked":"Secret Technique","floor":37.0},{"not_picked":["Fire Breathing","Feel No Pain+1"],"picked":"Shrug It Off+1","floor":38.0},{"not_picked":["Flex","Intimidate"],"picked":"Seeing Red","floor":41},{"not_picked":["Perfected Strike","Havoc"],"picked":"Armaments+1","floor":45},{"not_picked":["Rupture+1","Warcry","Sentinel+1"],"picked":"SKIP","floor":46},{"not_picked":["Shrug It Off","Iron Wave"],"picked":"Flex+1","floor":48}],"player_experience":248694,"relics_obtained":[{"floor":8.0,"key":"Gremlin Horn"},{"floor":9.0,"key":"Mango"},{"floor":26.0,"key":"Lantern"},{"floor":28.0,"key":"Champion Belt"},{"floor":29.0,"key":"Whetstone"},{"floor":38.0,"key":"Gambling Chip"},{"floor":41,"key":"Bronze Scales"},{"floor":43,"key":"War Paint"},{"floor":46,"key":"Shovel"}],"event_choices":[{"damage_healed":0.0,"max_hp_gain":5.0,"max_hp_loss":0.0,"gold_gain":0.0,"event_name":"Big Fish","player_choice":"Donut","floor":3.0,"gold_loss":0.0,"damage_taken":0.0},{"damage_healed":0.0,"max_hp_gain":0.0,"max_hp_loss":0.0,"gold_gain":0.0,"event_name":"Living Wall","player_choice":"Grow","floor":12.0,"gold_loss":0.0,"damage_taken":0.0,"cards_upgraded":["True Grit"]},{"damage_healed":0.0,"max_hp_gain":0.0,"max_hp_loss":0.0,"gold_gain":0.0,"event_name":"The Mausoleum","player_choice":"Ignored","floor":21.0,"gold_loss":0.0,"damage_taken":0.0},{"damage_healed":0.0,"max_hp_gain":0.0,"max_hp_loss":0.0,"gold_gain":0.0,"event_name":"SensoryStone","player_choice":"Memory 3","floor":37.0,"gold_loss":0.0,"damage_taken":10.0},{"damage_healed":0.0,"max_hp_gain":0.0,"max_hp_loss":0.0,"gold_gain":0.0,"event_name":"MindBloom","player_choice":"Fight","floor":38.0,"gold_loss":0.0,"damage_taken":0.0},{"damage_healed":0,"gold_gain":0,"player_choice":"Paid","damage_taken":0,"relics_obtained":["Red Mask"],"max_hp_gain":0,"max_hp_loss":0,"event_name":"Tomb of Lord Red Mask","floor":47,"gold_loss":186}],"is_beta":false,"boss_relics":[{"not_picked":["Black Star","Runic Cube"],"picked":"Sozu"},{"not_picked":["Runic Dome","Coffee Dripper"],"picked":"Black Blood"}],"items_purged_floors":[30,39],"is_endless":false,"potions_floor_spawned":[2,4,8,11,18,24,28,36],"ascension_level":3}