{"gold_per_floor":[359,8,8,27,27,27,45,65,65,41,55,74,92,114,114,187,187,67,38,49,68,84,115,115,142,188,188,199,99,99,112,112,183,183,194,210,210,223,234,259,259,259,283,283,283,311,311,321,321,321],"floor_reached":50,"playtime":2955,"items_purged":["Strike_B","Defend_B"],"score":1218,"play_id":"e70b150a-656b-478f-a250-ddb514b660ab","local_time":"20190324133819","is_ascension_mode":true,"campfire_choices":[{"data":"Zap","floor":6.0,"key":"SMITH"},{"data":"Buffer","floor":15.0,"key":"SMITH"},{"floor":24.0,"key":"REST"},{"floor":32.0,"key":"REST"},{"floor":41.0,"key":"REST"},{"floor":44.0,"key":"RECALL"},{"floor":47.0,"key":"REST"},{"data":"Echo Form","floor":49.0,"key":"SMITH"}],"neow_cost":"TEN_PERCENT_HP_LOSS","seed_source_timestamp":0,"circlet_count":0,"master_deck":["AscendersBane","Strike_B","Strike_B","Defend_B","Defend_B","Defend_B","Zap+1","Dualcast+1","Chill","Tempest+1","Steam+1","Chaos+1","Turbo+1","Leap+1","Coolheaded+1","Buffer+1","Conserve Battery+1","Fission+1","Coolheaded+1","Redo+1","White Noise+1","Fusion+1","Seek+1","Seek+1","Tempest+1","Echo Form+1","Hologram+1","Recycle+1","Madness+1","Madness+1","Recycle+1","Undo+1","Coolheaded+1","Reinforced Body+1"],"special_seed":0,"relics":["Cracked Core","Toxic Egg 2","Nuclear Battery"],"potions_floor_usage":[],"damage_taken":[{"damage":7.0,"enemies":"Small Slimes","floor":1.0,"turns":3.0},{"damage":0.0,"enemies":"Jaw Worm","floor":4.0,"turns":3.0},{"damage":0.0,"enemies":"Cultist","floor":7.0,"turns":3.0},{"damage":7.0,"enemies":"Red Slaver","floor":8.0,"turns":3.0},{"damage":0.0,"enemies":"Large Slime","floor":11.0,"turns":4.0},{"damage":0.0,"enemies":"2 Fungi Beasts","floor":12.0,"turns":3.0},{"damage":0.0,"enemies":"Exordium Thugs","floor":13.0,"turns":3.0},{"damage":0.0,"enemies":"The Mushroom Lair","floor":14.0,"turns":6.0},{"damage":0.0,"enemies":"The Guardian","floor":16.0,"turns":10.0},{"damage":14.0,"enemies":"2 Thieves","floor":18.0,"turns":5.0},{"damage":0.0,"enemies":"3 Byrds","floor":20.0,"turns":3.0},{"damage":0.0,"enemies":"Centurion and Healer","floor":21.0,"turns":2.0},{"damage":16.0,"enemies":"Sentry and Sphere","floor":22.0,"turns":8.0},{"damage":27.0,"enemies":"Slavers","floor":23.0,"turns":6.0},{"damage":7.0,"enemies":"Book of Stabbing","floor":25.0,"turns":5.0},{"damage":0.0,"enemies":"Cultist and Chosen","floor":28.0,"turns":1.0},{"damage":0.0,"enemies":"Snake Plant","floor":31.0,"turns":5.0},{"damage":34.0,"enemies":"Champ","floor":33.0,"turns":22.0},{"damage":0.0,"enemies":"Orb Walker","floor":35.0,"turns":4.0},{"damage":10.0,"enemies":"3 Darklings","floor":36.0,"turns":6.0},{"damage":11.0,"enemies":"Transient","floor":38.0,"turns":6.0},{"damage":0.0,"enemies":"Sphere and 2 Shapes","floor":39.0,"turns":3.0},{"damage":7.0,"enemies":"Reptomancer","floor":40.0,"turns":5.0},{"damage":1.0,"enemies":"Giant Head","floor":46.0,"turns":13.0},{"damage":0.0,"enemies":"Jaw Worm Horde","floor":48.0,"turns":4.0},{"damage":65,"enemies":"Time Eater","floor":50,"turns":15}],"seed_played":"-4088959108409591584","potions_obtained":[{"floor":11.0,"key":"Regen Potion"},{"floor":12.0,"key":"PowerPotion"},{"floor":14.0,"key":"SpeedPotion"},{"floor":21.0,"key":"Weak Potion"},{"floor":22.0,"key":"AttackPotion"},{"floor":25.0,"key":"Regen Potion"},{"floor":28.0,"key":"GamblersBrew"},{"floor":36.0,"key":"SkillPotion"},{"floor":40.0,"key":"Explosive Potion"},{"floor":46.0,"key":"Strength Potion"}],"is_trial":false,"path_per_floor":["M","$","?","M","?","R","M","M","T","$","M","M","M","?","R","B",null,"M","$","M","M","M","E","R","E","T","?","M","$","?","M","R","B",null,"M","M","?","M","M","E","R","?","T","R","T","E","R","M","R","B"],"character_chosen":"DEFECT","items_purchased":["Toxic Egg 2","Leap+1","Redo+1"],"campfire_rested":4,"item_purchase_floors":[2,10,19],"current_hp_per_floor":[57,57,57,57,57,57,57,50,50,50,50,50,50,64,64,64,64,50,50,50,50,34,7,26,19,19,2,2,2,2,16,36,2,52,52,42,30,19,19,12,32,32,32,32,32,31,51,51,51,0],"gold":321,"neow_bonus":"TWO_FIFTY_GOLD","is_prod":false,"is_daily":false,"chose_seed":true,"campfire_upgraded":3,"win_rate":0,"timestamp":1553402299,"path_taken":["M","$","?","M","?","R","?","M","T","?","M","M","M","?","R","BOSS","M","$","M","M","M","E","R","E","T","?","M","$","?","M","R","BOSS","M","M","?","M","M","E","R","?","T","R","?","E","R","M","R","BOSS"],"build_version":"2019-01-23","purchased_purges":2,"victory":false,"max_hp_per_floor":[64,64,64,64,64,64,64,64,64,64,64,64,64,64,64,64,64,64,64,64,64,64,64,64,64,64,69,69,69,69,69,69,69,69,69,69,69,69,69,69,69,69,69,69,69,69,69,69,69,69],"card_choices":[{"not_picked":["Steam","Cold Snap"],"picked":"Chill","floor":1.0},{"not_picked":["Cold Snap","Force Field+1"],"picked":"Steam+1","floor":4.0},{"not_picked":["Hello World","Rebound"],"picked":"Chaos+1","floor":7.0},{"not_picked":["Machine Learning","Conserve Battery+1"],"picked":"Turbo+1","floor":8.0},{"not_picked":["Compile Driver","Cold Snap"],"picked":"Coolheaded+1","floor":11.0},{"not_picked":["Gash","Hello World","Turbo+1"],"picked":"SKIP","floor":12.0},{"not_picked":["Sunder","Cold Snap"],"picked":"Buffer","floor":13.0},{"not_picked":["Cold Snap","Rebound"],"picked":"Conserve Battery+1","floor":14.0},{"not_picked":["Hyperbeam","Creative AI"],"picked":"Fission+1","floor":16.0},{"not_picked":["Steam+1","Consume+1"],"picked":"Coolheaded+1","floor":18.0},{"not_picked":["Rebound","Beam Cell"],"picked":"White Noise+1","floor":20.0},{"not_picked":["Compile Driver","Auto Shields+1","Melter"],"picked":"SKIP","floor":21.0},{"not_picked":["Rebound","Go for the Eyes"],"picked":"Fusion+1","floor":22.0},{"not_picked":["Ball Lightning","Skim+1"],"picked":"Seek+1","floor":23.0},{"not_picked":["Rebound","Compile Driver+1"],"picked":"Seek+1","floor":25.0},{"not_picked":["Barrage","Leap+1","Auto Shields+1"],"picked":"SKIP","floor":28.0},{"not_picked":["Sweeping Beam","Stack+1"],"picked":"Tempest+1","floor":31.0},{"not_picked":["Machine Learning","Fission+1"],"picked":"Echo Form","floor":33.0},{"not_picked":["Rip and Tear","Streamline+1"],"picked":"Hologram+1","floor":35.0},{"not_picked":["Redo+1","Chaos+1"],"picked":"Recycle+1","floor":36.0},{"not_picked":["Force Field+1","Leap+1"],"picked":"Recycle+1","floor":38.0},{"not_picked":["Go for the Eyes","Hello World"],"picked":"Undo+1","floor":39.0},{"not_picked":["Turbo+1","Chill+1","Genetic Algorithm+1"],"picked":"SKIP","floor":40.0},{"not_picked":["Buffer","Stack+1"],"picked":"Coolheaded+1","floor":46.0},{"not_picked":["Fusion+1","Tempest+1"],"picked":"Reinforced Body+1","floor":48.0}],"player_experience":4611986,"relics_obtained":[],"event_choices":[{"damage_healed":0.0,"max_hp_gain":0.0,"max_hp_loss":0.0,"gold_gain":0.0,"cards_transformed":["Strike_B"],"event_name":"Living Wall","player_choice":"Change","floor":3.0,"gold_loss":0.0,"damage_taken":0.0,"cards_obtained":["Tempest"]},{"damage_healed":0.0,"max_hp_gain":0.0,"max_hp_loss":0.0,"gold_gain":0.0,"event_name":"WeMeetAgain","player_choice":"Ignored","floor":5.0,"gold_loss":0.0,"damage_taken":0.0},{"damage_healed":0.0,"max_hp_gain":0.0,"max_hp_loss":0.0,"gold_gain":0.0,"event_name":"Mushrooms","player_choice":"Fought Mushrooms","floor":14.0,"gold_loss":0.0,"damage_taken":0.0},{"damage_healed":0.0,"max_hp_gain":5.0,"max_hp_loss":0.0,"gold_gain":0.0,"event_name":"Forgotten Altar","player_choice":"Shed Blood","floor":27.0,"gold_loss":0.0,"damage_taken":22.0},{"damage_healed":0.0,"max_hp_gain":0.0,"max_hp_loss":0.0,"gold_gain":0.0,"event_name":"Accursed Blacksmith","player_choice":"Forge","floor":30.0,"gold_loss":0.0,"damage_taken":0.0,"cards_upgraded":["Dualcast"]},{"damage_healed":0.0,"max_hp_gain":0.0,"max_hp_loss":0.0,"gold_gain":0.0,"event_name":"Winding Halls","player_choice":"Embrace Madness","floor":37.0,"gold_loss":0.0,"damage_taken":12.0,"cards_obtained":["Madness","Madness"]},{"damage_healed":0.0,"max_hp_gain":0.0,"max_hp_loss":0.0,"gold_gain":0.0,"event_name":"Tomb of Lord Red Mask","player_choice":"Ignored","floor":42.0,"gold_loss":0.0,"damage_taken":0.0}],"is_beta":false,"boss_relics":[{"not_picked":["Busted Crown","Snecko Eye","Coffee Dripper"]},{"not_picked":["White Beast Statue","Fusion Hammer"],"picked":"Nuclear Battery"}],"items_purged_floors":[2,29],"is_endless":false,"potions_floor_spawned":[11,12,14,21,22,25,28,36,40,46],"killed_by":"Time Eater","ascension_level":20}