{"gold_per_floor":[114,134,148,160,160,160,189,189,240,260,285,285,285,317,317,390,390,390,390,107,107,27,27,27,27,27,27,27,27,27,27,27,27,27,27,27,27,27,27,27,27,27,27,27,27,27,27,27,27,27,27,27,27,27,27],"floor_reached":56,"playtime":5101,"items_purged":[],"score":2101,"play_id":"1d955c24-55ea-42f3-9f18-017cc8229682","local_time":"20190510210453","is_ascension_mode":true,"campfire_choices":[{"data":"Anger","floor":6,"key":"SMITH"},{"data":"Disarm","floor":8,"key":"SMITH"},{"data":"Demon Form","floor":13,"key":"SMITH"},{"data":"Clothesline","floor":15,"key":"SMITH"},{"data":"Intimidate","floor":23,"key":"SMITH"},{"data":"True Grit","floor":28,"key":"SMITH"},{"data":"Brutality","floor":32,"key":"SMITH"},{"floor":40,"key":"RECALL"},{"data":"Evolve","floor":42,"key":"SMITH"},{"data":"Madness","floor":49,"key":"SMITH"},{"data":"Burning Pact","floor":52,"key":"SMITH"}],"neow_cost":"NONE","seed_source_timestamp":1220360573004565,"circlet_count":0,"master_deck":["AscendersBane","Strike_R","Strike_R","Strike_R","Strike_R","Strike_R","Defend_R","Defend_R+1","Defend_R","Bash+1","Anger+1","Clothesline+1","Spot Weakness","Disarm+1","Demon Form+1","Reaper","Brutality+1","Shrug It Off","Intimidate+1","Ghostly Armor","Evolve+1","Rupture","True Grit+1","Immolate","Power Through","Fiend Fire","Battle Trance+1","Heavy Blade+1","Thunderclap","Dark Shackles","Finesse","Heavy Blade+1","Dark Embrace","Madness+1","Madness","Burning Pact+1","Dropkick","Fiend Fire"],"relics":["Burning Blood","War Paint","Pantograph","Bag of Marbles","Juzu Bracelet","Lantern","Ectoplasm","Meat on the Bone","Centennial Puzzle","FossilizedHelix","Self Forming Clay","Bottled Tornado","Potion Belt","Lizard Tail","Shuriken","PreservedInsect","Ornamental Fan","Strawberry"],"potions_floor_usage":[7,11,18,25,27,50,55,55,55,55],"damage_taken":[{"damage":0,"enemies":"Small Slimes","floor":1,"turns":4},{"damage":7,"enemies":"2 Louse","floor":2,"turns":3},{"damage":0,"enemies":"Jaw Worm","floor":3,"turns":5},{"damage":9,"enemies":"Red Slaver","floor":4,"turns":4},{"damage":6,"enemies":"Gremlin Nob","floor":7,"turns":3},{"damage":5,"enemies":"Blue Slaver","floor":10,"turns":4},{"damage":19,"enemies":"Lagavulin","floor":11,"turns":5},{"damage":25,"enemies":"3 Sentries","floor":14,"turns":6},{"damage":8,"enemies":"The Guardian","floor":16,"turns":12},{"damage":30,"enemies":"3 Byrds","floor":18,"turns":4},{"damage":24,"enemies":"Spheric Guardian","floor":21,"turns":5},{"damage":27,"enemies":"Book of Stabbing","floor":24,"turns":7},{"damage":29,"enemies":"Colosseum Slavers","floor":25,"turns":7},{"damage":24,"enemies":"Colosseum Nobs","floor":25,"turns":5},{"damage":23,"enemies":"Gremlin Leader","floor":27,"turns":6},{"damage":37,"enemies":"Collector","floor":33,"turns":9},{"damage":30,"enemies":"3 Darklings","floor":35,"turns":5},{"damage":14,"enemies":"Orb Walker","floor":36,"turns":5},{"damage":20,"enemies":"Sphere and 2 Shapes","floor":37,"turns":9},{"damage":38,"enemies":"Giant Head","floor":41,"turns":7},{"damage":28,"enemies":"Reptomancer","floor":44,"turns":5},{"damage":15,"enemies":"4 Shapes","floor":47,"turns":6},{"damage":19,"enemies":"Giant Head","floor":48,"turns":6},{"damage":57,"enemies":"Time Eater","floor":50,"turns":9},{"damage":37,"enemies":"Shield and Spear","floor":54,"turns":5},{"damage":110,"enemies":"The Heart","floor":55,"turns":8}],"seed_played":"5287011697200239126","potions_obtained":[{"floor":1,"key":"Strength Potion"},{"floor":7,"key":"Fire Potion"},{"floor":10,"key":"BloodPotion"},{"floor":14,"key":"LiquidBronze"},{"floor":21,"key":"Explosive Potion"},{"floor":25,"key":"GamblersBrew"},{"floor":33,"key":"AttackPotion"},{"floor":35,"key":"SteroidPotion"},{"floor":41,"key":"EssenceOfSteel"},{"floor":48,"key":"Swift Potion"},{"floor":54,"key":"Strength Potion"}],"is_trial":false,"path_per_floor":["M","M","M","M","?","R","E","R","T","M","E","?","R","E","R","B",null,"M","?","$","M","$","R","E","?","T","E","R","?","$","?","R","B",null,"M","M","M","?","?","R","E","R","T","E","?","?","M","E","R","B",null,"R","$","E","B",null],"character_chosen":"IRONCLAD","items_purchased":["Meat on the Bone","Evolve"],"campfire_rested":0,"item_purchase_floors":[20,22],"current_hp_per_floor":[74,73,75,72,72,72,72,72,72,73,67,72,72,53,53,76,79,64,64,64,62,62,62,63,67,67,80,80,68,68,68,68,80,80,80,80,80,70,70,70,50,50,50,78,78,64,78,65,65,41,70,70,70,58,21],"gold":27,"neow_bonus":"RANDOM_COMMON_RELIC","is_prod":false,"is_daily":false,"chose_seed":false,"campfire_upgraded":10,"win_rate":0,"timestamp":1557489893,"path_taken":["M","M","M","M","?","R","E","R","T","M","E","?","R","E","R","BOSS","M","?","$","M","$","R","E","?","T","E","R","?","?","?","R","BOSS","M","M","M","?","?","R","E","R","T","E","?","?","M","E","R","BOSS","R","$","E","BOSS"],"build_version":"2019-05-07","purchased_purges":0,"victory":true,"max_hp_per_floor":[75,75,75,75,75,75,75,75,75,75,75,80,80,80,80,80,80,80,80,80,80,80,80,80,80,80,80,80,80,80,80,80,80,80,80,80,80,80,80,80,80,80,80,80,80,80,80,80,80,80,80,80,80,87,87],"card_choices":[{"not_picked":["Rupture","Wild Strike"],"picked":"Anger","floor":1},{"not_picked":["Headbutt","Iron Wave"],"picked":"Clothesline","floor":2},{"not_picked":["Power Through","Clothesline"],"picked":"Spot Weakness","floor":3},{"not_picked":["Perfected Strike","Wild Strike","Flex"],"picked":"SKIP","floor":4},{"not_picked":["Juggernaut","Twin Strike"],"picked":"Disarm","floor":7},{"not_picked":["Power Through","Warcry","Bloodletting"],"picked":"SKIP","floor":10},{"not_picked":["Flex","Perfected Strike"],"picked":"Demon Form","floor":11},{"not_picked":["Shrug It Off","Flame Barrier"],"picked":"Reaper","floor":14},{"not_picked":["Demon Form","Bludgeon"],"picked":"Brutality","floor":16},{"not_picked":["Thunderclap+1","Pommel Strike"],"picked":"Shrug It Off","floor":18},{"not_picked":["Wild Strike","Flex"],"picked":"Ghostly Armor","floor":21},{"not_picked":["Anger","Headbutt"],"picked":"Rupture","floor":24},{"not_picked":["Cleave","Warcry+1"],"picked":"True Grit","floor":25},{"not_picked":["Pommel Strike","Headbutt"],"picked":"Immolate","floor":27},{"not_picked":["Dark Embrace","Berserk"],"picked":"Fiend Fire","floor":33},{"not_picked":["Perfected Strike","Armaments+1"],"picked":"Battle Trance+1","floor":35},{"not_picked":["Metallicize","Reckless Charge"],"picked":"Heavy Blade+1","floor":36},{"not_picked":["Heavy Blade","Body Slam"],"picked":"Thunderclap","floor":37},{"not_picked":["Finesse","Panache"],"picked":"Dark Shackles","floor":38},{"not_picked":["Trip","Chrysalis"],"picked":"Finesse","floor":38},{"not_picked":["Evolve","Body Slam+1"],"picked":"Heavy Blade+1","floor":41},{"not_picked":["Clash","Evolve+1"],"picked":"Dark Embrace","floor":44},{"not_picked":["Pommel Strike","Power Through"],"picked":"Burning Pact","floor":47},{"not_picked":["Rampage","Wild Strike"],"picked":"Dropkick","floor":48},{"not_picked":["Uppercut","Cleave+1"],"picked":"Fiend Fire","floor":54}],"player_experience":3189485,"relics_obtained":[{"floor":7,"key":"Pantograph"},{"floor":9,"key":"Bag of Marbles"},{"floor":11,"key":"Juzu Bracelet"},{"floor":14,"key":"Lantern"},{"floor":24,"key":"Centennial Puzzle"},{"floor":25,"key":"FossilizedHelix"},{"floor":25,"key":"Self Forming Clay"},{"floor":26,"key":"Bottled Tornado"},{"floor":27,"key":"Potion Belt"},{"floor":41,"key":"Shuriken"},{"floor":44,"key":"PreservedInsect"},{"floor":48,"key":"Ornamental Fan"},{"floor":54,"key":"Strawberry"}],"event_choices":[{"damage_healed":0,"gold_gain":0,"player_choice":"Grow","damage_taken":0,"max_hp_gain":0,"max_hp_loss":0,"event_name":"Living Wall","floor":5,"gold_loss":0,"cards_upgraded":["Bash"]},{"damage_healed":0,"gold_gain":0,"player_choice":"Donut","damage_taken":0,"max_hp_gain":5,"max_hp_loss":0,"event_name":"Big Fish","floor":12,"gold_loss":0},{"damage_healed":0,"gold_gain":0,"player_choice":"1 cards matched","damage_taken":0,"max_hp_gain":0,"max_hp_loss":0,"event_name":"Match and Keep!","floor":19,"gold_loss":0,"cards_obtained":["Intimidate"]},{"damage_healed":0,"gold_gain":0,"player_choice":"Fight","damage_taken":0,"max_hp_gain":0,"max_hp_loss":0,"event_name":"Colosseum","floor":25,"gold_loss":0},{"damage_healed":0,"gold_gain":0,"player_choice":"Fought Nobs","damage_taken":0,"max_hp_gain":0,"max_hp_loss":0,"event_name":"Colosseum","floor":25,"gold_loss":0},{"damage_healed":0,"gold_gain":0,"player_choice":"Damaged","damage_taken":12,"max_hp_gain":0,"max_hp_loss":0,"event_name":"Wheel of Change","floor":29,"gold_loss":0},{"damage_healed":0,"gold_gain":0,"player_choice":"Read","damage_taken":0,"max_hp_gain":0,"max_hp_loss":0,"event_name":"The Library","floor":31,"gold_loss":0,"cards_obtained":["Power Through"]},{"damage_healed":0,"gold_gain":0,"player_choice":"Memory 3","damage_taken":10,"max_hp_gain":0,"max_hp_loss":0,"event_name":"SensoryStone","floor":38,"gold_loss":0},{"cards_removed":["Defend_R"],"damage_healed":0,"gold_gain":0,"player_choice":"Removed Skill","damage_taken":0,"max_hp_gain":0,"max_hp_loss":0,"event_name":"Falling","floor":39,"gold_loss":0},{"damage_healed":0,"gold_gain":0,"player_choice":"0 cards matched","damage_taken":0,"max_hp_gain":0,"max_hp_loss":0,"event_name":"Match and Keep!","floor":45,"gold_loss":0,"cards_obtained":[]},{"damage_healed":0,"gold_gain":0,"player_choice":"Embrace Madness","damage_taken":14,"max_hp_gain":0,"max_hp_loss":0,"event_name":"Winding Halls","floor":46,"gold_loss":0,"cards_obtained":["Madness","Madness"]}],"is_beta":true,"boss_relics":[{"not_picked":["White Beast Statue","Orrery"],"picked":"Ectoplasm"},{"not_picked":["Eternal Feather","Tiny House"],"picked":"Lizard Tail"}],"items_purged_floors":[],"is_endless":false,"potions_floor_spawned":[1,7,10,14,16,21,25,25,33,35,41,47,48,54],"ascension_level":17}