{"gold_per_floor":[18,18,35,50,50,50,75,75,121,135,151,167,167,193,193,270,270,285,285,56,82,93,93,110,110,110,144,156,156,78,89,89,167,167,186,186,205,5,5,5,39,39,111,138,138,167,179,196,196,196],"floor_reached":51,"playtime":3215,"items_purged":["Strike_G"],"score":1495,"play_id":"2d276b0b-3d9f-4304-9611-f5d2742685cd","local_time":"20181203071209","is_ascension_mode":true,"campfire_choices":[{"floor":6.0,"key":"REST"},{"data":"Envenom","floor":8.0,"key":"SMITH"},{"data":"Glass Knife","floor":15.0,"key":"SMITH"},{"data":"Dodge and Roll","floor":23.0,"key":"SMITH"},{"data":"Dodge and Roll","floor":25.0,"key":"SMITH"},{"data":"Cloak And Dagger","floor":29.0,"key":"SMITH"},{"data":"Catalyst","floor":32.0,"key":"SMITH"},{"data":"Backflip","floor":40,"key":"SMITH"},{"data":"Flechettes","floor":42,"key":"SMITH"},{"data":"Blur","floor":45,"key":"SMITH"},{"data":"Blur","floor":49,"key":"SMITH"}],"neow_cost":"NO_GOLD","seed_source_timestamp":271458658387193,"circlet_count":0,"master_deck":["AscendersBane","Defend_G","Defend_G","Defend_G","Defend_G+1","Strike_G","Strike_G","Survivor","Neutralize+1","Blur+1","Endless Agony","Envenom+1","Heel Hook","Dagger Spray","Glass Knife+1","Dodge and Roll+1","Backflip+1","Adrenaline","Catalyst+1","Blur+1","Dodge and Roll+1","Backflip+1","Infinite Blades","Cloak And Dagger+1","Heel Hook","Corpse Explosion","Adrenaline","Adrenaline","Flechettes+1","Riddle With Holes+1","Heel Hook"],"special_seed":0,"relics":["Ring of the Serpent","Strawberry","Oddly Smooth Stone","Nunchaku","Snake Skull","Anchor","Centennial Puzzle","Kunai","Philosopher\u0027s Stone","TwistedFunnel","Dream Catcher","Toxic Egg 2","Ancient Tea Set","Bottled Tornado"],"potions_floor_usage":[50,50],"damage_taken":[{"damage":1.0,"enemies":"Jaw Worm","floor":1.0,"turns":4.0},{"damage":0.0,"enemies":"2 Louse","floor":3.0,"turns":3.0},{"damage":0.0,"enemies":"Cultist","floor":4.0,"turns":5.0},{"damage":14.0,"enemies":"Gremlin Nob","floor":7.0,"turns":4.0},{"damage":5.0,"enemies":"Exordium Wildlife","floor":10.0,"turns":6.0},{"damage":0.0,"enemies":"Blue Slaver","floor":11.0,"turns":4.0},{"damage":3.0,"enemies":"Exordium Thugs","floor":12.0,"turns":6.0},{"damage":0.0,"enemies":"3 Sentries","floor":14.0,"turns":8.0},{"damage":18.0,"enemies":"Hexaghost","floor":16.0,"turns":12.0},{"damage":0.0,"enemies":"Chosen","floor":18.0,"turns":5.0},{"damage":0.0,"enemies":"3 Byrds","floor":22.0,"turns":5.0},{"damage":0.0,"enemies":"Centurion and Healer","floor":24.0,"turns":9.0},{"damage":7.0,"enemies":"Gremlin Leader","floor":27.0,"turns":9.0},{"damage":2.0,"enemies":"Snake Plant","floor":28.0,"turns":5.0},{"damage":6.0,"enemies":"Snecko","floor":31.0,"turns":8.0},{"damage":10.0,"enemies":"Collector","floor":33.0,"turns":14.0},{"damage":0.0,"enemies":"Orb Walker","floor":35.0,"turns":4.0},{"damage":0,"enemies":"3 Darklings","floor":37,"turns":2},{"damage":0,"enemies":"Nemesis","floor":41,"turns":5},{"damage":0,"enemies":"Giant Head","floor":44,"turns":5},{"damage":0,"enemies":"Reptomancer","floor":46,"turns":3},{"damage":0,"enemies":"Transient","floor":47,"turns":5},{"damage":0,"enemies":"Sphere and 2 Shapes","floor":48,"turns":4},{"damage":24,"enemies":"Awakened One","floor":50,"turns":11}],"seed_played":"6369318544808739216","potions_obtained":[{"floor":1.0,"key":"GamblersBrew"},{"floor":3.0,"key":"Explosive Potion"},{"floor":7.0,"key":"Weak Potion"},{"floor":11.0,"key":"SteroidPotion"},{"floor":16.0,"key":"EssenceOfSteel"},{"floor":18.0,"key":"EssenceOfSteel"},{"floor":22.0,"key":"Regen Potion"},{"floor":35.0,"key":"Energy Potion"}],"is_trial":false,"path_per_floor":["M","?","M","M","?","R","E","R","T","M","M","M","?","E","R","B",null,"M","?","$","T","M","R","M","R","T","E","M","R","$","M","R","B",null,"M","?","M","$","?","R","E","R","T","E","R","E","M","M","R","B",null],"character_chosen":"THE_SILENT","items_purchased":["Snake Skull","Heel Hook","TwistedFunnel"],"campfire_rested":1,"item_purchase_floors":[20,30,38],"current_hp_per_floor":[58,38,38,38,38,57,50,50,50,45,45,42,47,47,47,29,66,66,66,66,66,66,66,66,66,66,59,57,57,57,51,51,41,69,69,69,69,69,69,69,69,69,69,69,69,69,69,69,69,60],"gold":196,"neow_bonus":"REMOVE_TWO","is_prod":false,"is_daily":false,"chose_seed":false,"campfire_upgraded":10,"win_rate":0,"timestamp":1543788729,"path_taken":["M","?","M","M","?","R","E","R","T","?","M","M","?","E","R","BOSS","M","?","$","?","M","R","M","R","T","E","?","R","?","M","R","BOSS","M","?","M","$","?","R","E","R","T","E","R","E","?","M","R","BOSS"],"build_version":"2018-11-15","purchased_purges":1,"victory":true,"max_hp_per_floor":[66,66,66,66,66,66,73,73,73,73,73,73,78,78,78,78,78,78,78,78,78,78,78,78,78,78,78,78,78,78,78,78,78,78,78,78,78,78,78,78,78,78,78,78,78,78,78,78,78,78],"card_choices":[{"not_picked":["Cloak And Dagger","Deadly Poison"],"picked":"Blur","floor":1.0},{"not_picked":["Underhanded Strike","Poisoned Stab","Sucker Punch"],"picked":"SKIP","floor":3.0},{"not_picked":["Blade Dance","Backflip"],"picked":"Endless Agony","floor":4.0},{"not_picked":["Bane","Slice"],"picked":"Heel Hook","floor":7.0},{"not_picked":["Slice","Endless Agony"],"picked":"Dagger Spray","floor":10.0},{"not_picked":["Acrobatics","Poisoned Stab"],"picked":"Glass Knife","floor":11.0},{"not_picked":["Bouncing Flask","Deflect"],"picked":"Dodge and Roll","floor":12.0},{"not_picked":["Underhanded Strike","Bane"],"picked":"Backflip","floor":14.0},{"not_picked":["A Thousand Cuts","Corpse Explosion"],"picked":"Adrenaline","floor":16.0},{"not_picked":["Outmaneuver","Quick Slash"],"picked":"Catalyst","floor":18.0},{"not_picked":["Slice","Eviscerate"],"picked":"Dodge and Roll","floor":22.0},{"not_picked":["Underhanded Strike+1","Deadly Poison+1"],"picked":"Backflip+1","floor":24.0},{"not_picked":["Distraction","Tools of the Trade"],"picked":"Infinite Blades","floor":27.0},{"not_picked":["Prepared","Flying Knee"],"picked":"Cloak And Dagger","floor":28.0},{"not_picked":["Setup","Underhanded Strike","All Out Attack"],"picked":"SKIP","floor":31.0},{"not_picked":["Unload","Phantasmal Killer"],"picked":"Corpse Explosion","floor":33.0},{"not_picked":["Sucker Punch","Bane","Dodge and Roll"],"picked":"SKIP","floor":35.0},{"not_picked":["Dagger Spray+1","Bane"],"picked":"Adrenaline","floor":37},{"not_picked":["Distraction","Skewer"],"picked":"Flechettes","floor":41},{"not_picked":["Flying Knee+1","Skewer","Die Die Die"],"picked":"SKIP","floor":44},{"not_picked":["Sucker Punch","Poisoned Stab+1","Bane+1"],"picked":"SKIP","floor":46},{"not_picked":["Deadly Poison+1","Prepared+1"],"picked":"Riddle With Holes+1","floor":47},{"not_picked":["Eviscerate","Calculated Gamble+1"],"picked":"Heel Hook","floor":48}],"player_experience":2486235,"relics_obtained":[{"floor":7.0,"key":"Strawberry"},{"floor":9.0,"key":"Oddly Smooth Stone"},{"floor":14.0,"key":"Nunchaku"},{"floor":21.0,"key":"Anchor"},{"floor":26.0,"key":"Centennial Puzzle"},{"floor":27.0,"key":"Kunai"},{"floor":41,"key":"Dream Catcher"},{"floor":43,"key":"Toxic Egg 2"},{"floor":44,"key":"Ancient Tea Set"},{"floor":46,"key":"Bottled Tornado"}],"event_choices":[{"damage_healed":0.0,"max_hp_gain":0.0,"max_hp_loss":0.0,"gold_gain":0.0,"event_name":"Shining Light","player_choice":"Entered Light","floor":2.0,"gold_loss":0.0,"damage_taken":20.0,"cards_upgraded":["Defend_G","Neutralize"]},{"damage_healed":0.0,"max_hp_gain":0.0,"max_hp_loss":0.0,"gold_gain":0.0,"event_name":"Match and Keep!","player_choice":"1 cards matched","floor":5.0,"gold_loss":0.0,"damage_taken":0.0,"cards_obtained":["Envenom"]},{"damage_healed":0.0,"max_hp_gain":5.0,"max_hp_loss":0.0,"gold_gain":0.0,"event_name":"Big Fish","player_choice":"Donut","floor":13.0,"gold_loss":0.0,"damage_taken":0.0},{"damage_healed":0.0,"max_hp_gain":0.0,"max_hp_loss":0.0,"gold_gain":0.0,"event_name":"Duplicator","player_choice":"Copied","floor":19.0,"gold_loss":0.0,"damage_taken":0.0,"cards_obtained":["Blur"]},{"damage_healed":0.0,"max_hp_gain":0.0,"max_hp_loss":0.0,"gold_gain":0.0,"event_name":"Tomb of Lord Red Mask","player_choice":"Ignored","floor":36.0,"gold_loss":0.0,"damage_taken":0.0},{"damage_healed":0,"gold_gain":0,"cards_transformed":["Strike_G"],"player_choice":"Transformed","damage_taken":0,"max_hp_gain":0,"max_hp_loss":0,"event_name":"Transmorgrifier","floor":39,"gold_loss":0,"cards_obtained":["Adrenaline"]}],"is_beta":true,"boss_relics":[{"not_picked":["White Beast Statue","Fusion Hammer"],"picked":"Ring of the Serpent"},{"not_picked":["Orrery","Snecko Eye"],"picked":"Philosopher\u0027s Stone"}],"items_purged_floors":[20],"is_endless":false,"potions_floor_spawned":[1,3,7,11,16,18,22,35,41,47],"ascension_level":15}