{"gold_per_floor":[110,127,144,144,163,163,88,88,88,88,88,122,69,81,81,155,155],"floor_reached":17,"playtime":714,"items_purged":[],"score":295,"play_id":"79b42d33-3d48-40a8-848c-49edcb740aab","local_time":"20190528173723","is_ascension_mode":true,"campfire_choices":[{"data":"Neutralize","floor":6.0,"key":"SMITH"},{"data":"Cloak And Dagger","floor":8.0,"key":"SMITH"},{"data":"Flying Knee","floor":10.0,"key":"SMITH"},{"floor":15.0,"key":"REST"}],"neow_cost":"NONE","seed_source_timestamp":811836977646120,"circlet_count":0,"master_deck":["AscendersBane","Strike_G","Strike_G","Strike_G","Defend_G","Defend_G","Defend_G","Defend_G","Defend_G","Survivor","Neutralize+1","Flying Knee+1","PiercingWail","Dagger Throw","Cloak And Dagger+1","Tools of the Trade","Underhanded Strike"],"special_seed":0,"relics":["Ring of the Snake","Ancient Tea Set","Gambling Chip","Mercury Hourglass"],"potions_floor_usage":[],"damage_taken":[{"damage":0.0,"enemies":"2 Louse","floor":1.0,"turns":4.0},{"damage":3.0,"enemies":"Small Slimes","floor":2.0,"turns":4.0},{"damage":2.0,"enemies":"Jaw Worm","floor":3.0,"turns":5.0},{"damage":12.0,"enemies":"Exordium Wildlife","floor":5.0,"turns":5.0},{"damage":21.0,"enemies":"Gremlin Nob","floor":12.0,"turns":4.0},{"damage":0.0,"enemies":"Lots of Slimes","floor":14.0,"turns":2.0},{"damage":26.0,"enemies":"Slime Boss","floor":16.0,"turns":8.0}],"seed_played":"-1515065193546467925","potions_obtained":[{"floor":5.0,"key":"Swift Potion"},{"floor":16.0,"key":"FearPotion"}],"is_trial":false,"path_per_floor":["M","M","M","?","M","R","?","R","T","R","T","E","$","M","R","B",null],"character_chosen":"THE_SILENT","items_purchased":["FearPotion"],"campfire_rested":1,"item_purchase_floors":[13],"current_hp_per_floor":[59,56,54,54,42,42,42,42,42,42,42,21,21,21,40,14,14],"gold":155,"neow_bonus":"REMOVE_CARD","is_prod":false,"is_daily":false,"chose_seed":false,"campfire_upgraded":3,"win_rate":0,"timestamp":1559032643,"path_taken":["M","M","M","?","M","R","?","R","T","R","?","E","$","?","R","BOSS"],"build_version":"2019-05-26","purchased_purges":0,"victory":false,"max_hp_per_floor":[66,66,66,66,66,66,66,66,66,66,66,66,66,66,66,66,66],"card_choices":[{"not_picked":["Poisoned Stab","Outmaneuver"],"picked":"Flying Knee","floor":1.0},{"not_picked":["Blade Dance","Slice"],"picked":"PiercingWail","floor":2.0},{"not_picked":["Prepared","Concentrate"],"picked":"Dagger Throw","floor":3.0},{"not_picked":["Deadly Poison","Choke"],"picked":"Cloak And Dagger","floor":5.0},{"not_picked":["Deadly Poison","Flying Knee"],"picked":"Tools of the Trade","floor":12.0},{"not_picked":["Calculated Gamble","Deflect"],"picked":"Underhanded Strike","floor":14.0}],"player_experience":3363456,"relics_obtained":[{"floor":9.0,"key":"Ancient Tea Set"},{"floor":11.0,"key":"Gambling Chip"},{"floor":12.0,"key":"Mercury Hourglass"}],"event_choices":[{"damage_healed":0.0,"max_hp_gain":0.0,"max_hp_loss":0.0,"gold_gain":0.0,"event_name":"Liars Game","player_choice":"Ignored","floor":4.0,"gold_loss":0.0,"damage_taken":0.0},{"cards_removed":["Strike_G"],"damage_healed":0.0,"max_hp_gain":0.0,"max_hp_loss":0.0,"gold_gain":0.0,"event_name":"The Cleric","player_choice":"Card Removal","floor":7.0,"gold_loss":75.0,"damage_taken":0.0}],"is_beta":true,"boss_relics":[],"items_purged_floors":[],"is_endless":false,"potions_floor_spawned":[5,16],"ascension_level":18}