{"gold_per_floor":[117,42,54,74,91,91,118,138,138,156,156,156,167,181,181,279,279,290,290,37,37,50,50,85,105,132,146,176,186,213,228,228,328,328,340,351,422,6,22,50,50,50,50,50,69,101,101,114,114,114],"floor_reached":51,"playtime":4282,"items_purged":["Strike_R","Strike_R","Strike_R"],"score":1098,"play_id":"6d239032-4845-4b33-8f0d-bd2f50034f69","local_time":"20190127192434","is_ascension_mode":true,"campfire_choices":[{"data":"Seeing Red","floor":6.0,"key":"SMITH"},{"data":"Twin Strike","floor":12.0,"key":"SMITH"},{"data":"True Grit","floor":15.0,"key":"SMITH"},{"data":"Pummel","floor":23.0,"key":"SMITH"},{"data":"Double Tap","floor":32.0,"key":"SMITH"},{"data":"Entrench","floor":41.0,"key":"SMITH"},{"data":"Warcry","floor":44,"key":"SMITH"},{"data":"Rage","floor":49,"key":"SMITH"}],"neow_cost":"NONE","seed_source_timestamp":1481652196828915,"circlet_count":0,"master_deck":["Defend_R","Defend_R","Defend_R","Defend_R","Bash+1","Wild Strike","Twin Strike+1","Seeing Red+1","Shockwave+1","Anger","Pummel+1","Battle Trance+1","True Grit+1","Reaper","Writhe","Parasite","Parasite","Uppercut+1","Feed","Havoc","Double Tap+1","Body Slam+1","Evolve+1","Barricade+1","Entrench+1","Heavy Blade+1","Rage+1"],"special_seed":0,"relics":["Burning Blood","Du-Vu Doll","Paper Frog","Calling Bell","Oddly Smooth Stone","Singing Bowl","Turnip","Lantern","Frozen Egg 2","PreservedInsect","Mercury Hourglass","Regal Pillow","Mark of Pain","Pantograph","Pocketwatch","Dodecahedron","Orichalcum","Centennial Puzzle"],"potions_floor_usage":[50,50],"damage_taken":[{"damage":6.0,"enemies":"Cultist","floor":1.0,"turns":4.0},{"damage":11.0,"enemies":"2 Louse","floor":3.0,"turns":3.0},{"damage":2.0,"enemies":"Jaw Worm","floor":4.0,"turns":3.0},{"damage":14.0,"enemies":"Red Slaver","floor":5.0,"turns":2.0},{"damage":10.0,"enemies":"Gremlin Nob","floor":7.0,"turns":3.0},{"damage":14.0,"enemies":"Lots of Slimes","floor":8.0,"turns":3.0},{"damage":7.0,"enemies":"Looter","floor":10.0,"turns":3.0},{"damage":0.0,"enemies":"2 Fungi Beasts","floor":13.0,"turns":2.0},{"damage":3.0,"enemies":"3 Louse","floor":14.0,"turns":4.0},{"damage":35.0,"enemies":"The Guardian","floor":16.0,"turns":10.0},{"damage":11.0,"enemies":"Spheric Guardian","floor":18.0,"turns":4.0},{"damage":0.0,"enemies":"3 Byrds","floor":22.0,"turns":4.0},{"damage":22.0,"enemies":"Gremlin Leader","floor":24.0,"turns":5.0},{"damage":20.0,"enemies":"Snake Plant","floor":25.0,"turns":3.0},{"damage":18.0,"enemies":"Chosen and Byrds","floor":27.0,"turns":5.0},{"damage":8.0,"enemies":"Book of Stabbing","floor":28.0,"turns":2.0},{"damage":4.0,"enemies":"Shelled Parasite and Fungi","floor":29.0,"turns":3.0},{"damage":43.0,"enemies":"Slavers","floor":30.0,"turns":4.0},{"damage":7.0,"enemies":"3 Cultists","floor":31.0,"turns":4.0},{"damage":102.0,"enemies":"Automaton","floor":33.0,"turns":9.0},{"damage":35.0,"enemies":"3 Darklings","floor":35.0,"turns":6.0},{"damage":0.0,"enemies":"3 Shapes","floor":36.0,"turns":4.0},{"damage":28.0,"enemies":"Sphere and 2 Shapes","floor":39.0,"turns":8.0},{"damage":41.0,"enemies":"Reptomancer","floor":40.0,"turns":6.0},{"damage":8,"enemies":"Writhing Mass","floor":45,"turns":5},{"damage":33,"enemies":"Nemesis","floor":46,"turns":5},{"damage":5,"enemies":"Spire Growth","floor":48,"turns":3},{"damage":44,"enemies":"Donu and Deca","floor":50,"turns":6}],"seed_played":"-6153332014530684325","potions_obtained":[{"floor":3.0,"key":"SteroidPotion"},{"floor":4.0,"key":"Strength Potion"},{"floor":10.0,"key":"AttackPotion"},{"floor":16.0,"key":"FearPotion"},{"floor":22.0,"key":"AttackPotion"},{"floor":27.0,"key":"Regen Potion"},{"floor":28.0,"key":"FearPotion"},{"floor":29.0,"key":"EssenceOfSteel"},{"floor":36.0,"key":"SkillPotion"},{"floor":39.0,"key":"AttackPotion"},{"floor":45,"key":"LiquidBronze"},{"floor":46,"key":"Strength Potion"}],"is_trial":false,"path_per_floor":["M","$","M","M","M","R","E","M","T","M","?","R","M","M","R","B",null,"M","?","$","?","M","R","E","M","T","M","E","M","E","M","R","B",null,"M","M","T","$","M","E","R","?","T","R","M","E","?","M","R","B",null],"character_chosen":"IRONCLAD","items_purchased":["Lantern","Pocketwatch"],"campfire_rested":0,"item_purchase_floors":[20,38],"current_hp_per_floor":[72,72,67,71,63,63,59,51,51,50,50,50,56,59,59,30,68,63,63,63,63,80,80,80,68,68,76,76,78,59,95,95,22,78,66,75,75,75,83,76,76,72,72,72,88,63,63,78,78,68],"gold":114,"neow_bonus":"UPGRADE_CARD","is_prod":false,"is_daily":false,"chose_seed":false,"campfire_upgraded":8,"win_rate":0,"timestamp":1548584674,"path_taken":["M","$","M","M","M","R","E","M","T","?","?","R","M","M","R","BOSS","M","?","$","?","M","R","E","M","T","?","E","M","E","M","R","BOSS","M","M","?","$","?","E","R","?","T","R","M","E","?","M","R","BOSS"],"build_version":"2019-01-23","purchased_purges":3,"victory":true,"max_hp_per_floor":[80,80,80,80,80,80,80,80,80,80,80,80,80,80,80,80,80,80,80,80,80,85,85,85,87,87,89,91,91,96,96,96,96,96,98,101,101,101,106,106,106,112,112,112,115,117,117,119,119,122],"card_choices":[{"not_picked":["Anger","Cleave"],"picked":"Wild Strike","floor":1.0},{"not_picked":["Exhume","Intimidate"],"picked":"Twin Strike","floor":3.0},{"not_picked":["Searing Blow","Sword Boomerang"],"picked":"Seeing Red","floor":4.0},{"not_picked":["Perfected Strike","Anger"],"picked":"Shockwave","floor":5.0},{"not_picked":["Carnage","Dark Embrace"],"picked":"Anger","floor":7.0},{"not_picked":["Havoc","Armaments"],"picked":"Pummel","floor":8.0},{"not_picked":["Sword Boomerang","Carnage"],"picked":"Battle Trance","floor":10.0},{"not_picked":["Flex","Perfected Strike"],"picked":"True Grit","floor":13.0},{"not_picked":["Pommel Strike","Carnage"],"picked":"Warcry","floor":14.0},{"not_picked":["Double Tap","Berserk"],"picked":"Reaper","floor":16.0},{"not_picked":["Clothesline","Seeing Red"],"picked":"Uppercut+1","floor":18.0},{"not_picked":["Cleave+1","Twin Strike+1","Headbutt+1"],"picked":"Singing Bowl","floor":22.0},{"not_picked":["Anger","Clash"],"picked":"Double Tap","floor":24.0},{"not_picked":["Bloodletting","Carnage+1","Battle Trance"],"picked":"Singing Bowl","floor":25.0},{"not_picked":["Iron Wave","Armaments+1","Cleave"],"picked":"Singing Bowl","floor":27.0},{"not_picked":["Berserk+1","Clothesline","Second Wind"],"picked":"Singing Bowl","floor":28.0},{"not_picked":["Perfected Strike+1","Pommel Strike"],"picked":"Body Slam+1","floor":29.0},{"not_picked":["Combust+1","Clothesline","Thunderclap"],"picked":"Singing Bowl","floor":30.0},{"not_picked":["Exhume","Carnage"],"picked":"Evolve+1","floor":31.0},{"not_picked":["Double Tap","Bludgeon"],"picked":"Barricade+1","floor":33.0},{"not_picked":["Whirlwind","Armaments","Pommel Strike+1"],"picked":"Singing Bowl","floor":35.0},{"not_picked":["Headbutt","Armaments"],"picked":"Entrench","floor":36.0},{"not_picked":["Clothesline+1","Wild Strike","Combust+1"],"picked":"Singing Bowl","floor":39.0},{"not_picked":["Ghostly Armor","Brutality+1"],"picked":"Heavy Blade+1","floor":40.0},{"not_picked":["Dramatic Entrance","Deep Breath","Flash of Steel"],"picked":"Singing Bowl","floor":42},{"not_picked":["Jack Of All Trades","Enlightenment","The Bomb"],"picked":"Singing Bowl","floor":42},{"not_picked":["The Bomb","Violence","Discovery"],"picked":"Singing Bowl","floor":42},{"not_picked":["Cleave+1","Thunderclap+1"],"picked":"Rage","floor":45},{"not_picked":["Havoc+1","Flex","Heavy Blade"],"picked":"Singing Bowl","floor":46},{"not_picked":["Sever Soul","Thunderclap+1","Anger"],"picked":"Singing Bowl","floor":48}],"player_experience":454762,"relics_obtained":[{"floor":7.0,"key":"Du-Vu Doll"},{"floor":9.0,"key":"Paper Frog"},{"floor":17.0,"key":"Oddly Smooth Stone"},{"floor":17.0,"key":"Singing Bowl"},{"floor":17.0,"key":"Turnip"},{"floor":24.0,"key":"Frozen Egg 2"},{"floor":26.0,"key":"PreservedInsect"},{"floor":28.0,"key":"Mercury Hourglass"},{"floor":30.0,"key":"Regal Pillow"},{"floor":37.0,"key":"Pantograph"},{"floor":40.0,"key":"Dodecahedron"},{"floor":43,"key":"Orichalcum"},{"floor":46,"key":"Centennial Puzzle"}],"event_choices":[{"damage_healed":0.0,"max_hp_gain":0.0,"max_hp_loss":0.0,"gold_gain":0.0,"event_name":"Upgrade Shrine","player_choice":"Upgraded","floor":11.0,"gold_loss":0.0,"damage_taken":0.0,"cards_upgraded":["Shockwave"]},{"damage_healed":0.0,"max_hp_gain":0.0,"max_hp_loss":0.0,"gold_gain":0.0,"cards_transformed":["Strike_R","Strike_R"],"event_name":"Drug Dealer","player_choice":"Became Test Subject","floor":19.0,"gold_loss":0.0,"damage_taken":0.0,"cards_obtained":["Feed","Havoc"]},{"damage_healed":0.0,"max_hp_gain":0.0,"max_hp_loss":0.0,"gold_gain":0.0,"event_name":"Upgrade Shrine","player_choice":"Upgraded","floor":21.0,"gold_loss":0.0,"damage_taken":0.0,"cards_upgraded":["Battle Trance"]},{"damage_healed":0,"gold_gain":0,"player_choice":"Memory 3","damage_taken":10,"max_hp_gain":0,"max_hp_loss":0,"event_name":"SensoryStone","floor":42,"gold_loss":0},{"cards_removed":["Warcry"],"damage_healed":0,"gold_gain":0,"player_choice":"Removed Skill","damage_taken":0,"max_hp_gain":0,"max_hp_loss":0,"event_name":"Falling","floor":47,"gold_loss":0}],"is_beta":false,"boss_relics":[{"not_picked":["Fusion Hammer","Astrolabe"],"picked":"Calling Bell"},{"not_picked":["Empty Cage","Velvet Choker"],"picked":"Mark of Pain"}],"items_purged_floors":[2,20,38],"is_endless":false,"potions_floor_spawned":[3,4,10,16,22,27,28,29,36,39,45,46],"ascension_level":9}