{"gold_per_floor":[111,36,55,55,55,55,74,99,174,174,188,201,201,214,214,318,368,382,202,217,217,230,230,29,29,29,55,55,72,72,101,101,200,200,210,142,0,17,17,17,35,52,77,77,89,105,105,105,105,105],"floor_reached":50,"playtime":3256,"items_purged":["Strike_G","Strike_G","Strike_G"],"score":771,"play_id":"caa71f4d-f202-46ea-ac30-b82d296ce95e","local_time":"20190125235559","is_ascension_mode":true,"campfire_choices":[{"data":"Neutralize","floor":6.0,"key":"SMITH"},{"data":"Noxious Fumes","floor":13.0,"key":"SMITH"},{"data":"Dodge and Roll","floor":15.0,"key":"SMITH"},{"data":"Deadly Poison","floor":23.0,"key":"SMITH"},{"floor":25.0,"key":"REST"},{"data":"Bouncing Flask","floor":30.0,"key":"SMITH"},{"floor":32.0,"key":"REST"},{"data":"Leg Sweep","floor":40,"key":"SMITH"},{"data":"Terror","floor":44,"key":"SMITH"},{"floor":47,"key":"REST"},{"data":"Blur","floor":49,"key":"SMITH"}],"neow_cost":"NONE","seed_source_timestamp":1326194678354734,"circlet_count":0,"master_deck":["AscendersBane","Defend_G+1","Defend_G+1","Defend_G","Survivor","Neutralize+1","All Out Attack+1","Dagger Throw+1","Reflex+1","Dash","Noxious Fumes+1","PiercingWail","Dodge and Roll+1","Terror+1","Crippling Poison","Well Laid Plans","Deadly Poison+1","Bouncing Flask+1","Dagger Throw","Outmaneuver","Leg Sweep+1","Prepared","Blur+1","Deflect+1","Tactician+1","Acrobatics"],"special_seed":0,"relics":["Ring of the Snake","Regal Pillow","Meat on the Bone","Tiny House","Torii","War Paint","Vajra","Cursed Key","Red Mask","Dream Catcher"],"potions_floor_usage":[50,50],"damage_taken":[{"damage":2.0,"enemies":"Cultist","floor":1.0,"turns":5.0},{"damage":0.0,"enemies":"Small Slimes","floor":3.0,"turns":3.0},{"damage":0.0,"enemies":"2 Louse","floor":7.0,"turns":1.0},{"damage":12.0,"enemies":"3 Sentries","floor":8.0,"turns":6.0},{"damage":5.0,"enemies":"Exordium Wildlife","floor":11.0,"turns":4.0},{"damage":0.0,"enemies":"Looter","floor":12.0,"turns":4.0},{"damage":0.0,"enemies":"3 Louse","floor":14.0,"turns":1.0},{"damage":10.0,"enemies":"Hexaghost","floor":16.0,"turns":14.0},{"damage":11.0,"enemies":"Chosen","floor":18.0,"turns":6.0},{"damage":19.0,"enemies":"Shell Parasite","floor":20.0,"turns":9.0},{"damage":22.0,"enemies":"Colosseum Slavers","floor":21.0,"turns":5.0},{"damage":10.0,"enemies":"Centurion and Healer","floor":22.0,"turns":8.0},{"damage":8.0,"enemies":"Gremlin Leader","floor":27.0,"turns":6.0},{"damage":29.0,"enemies":"Snake Plant","floor":29.0,"turns":4.0},{"damage":18.0,"enemies":"Book of Stabbing","floor":31.0,"turns":7.0},{"damage":35.0,"enemies":"Automaton","floor":33.0,"turns":10.0},{"damage":13,"enemies":"3 Shapes","floor":35,"turns":4},{"damage":8,"enemies":"3 Darklings","floor":38,"turns":6},{"damage":14,"enemies":"Transient","floor":41,"turns":5},{"damage":19,"enemies":"4 Shapes","floor":42,"turns":6},{"damage":36,"enemies":"Spire Growth","floor":45,"turns":5},{"damage":0,"enemies":"Maw","floor":46,"turns":7},{"damage":68,"enemies":"Time Eater","floor":50,"turns":14}],"seed_played":"-8396803497935944117","potions_obtained":[{"floor":1.0,"key":"Dexterity Potion"},{"floor":12.0,"key":"Ancient Potion"},{"floor":17.0,"key":"Strength Potion"},{"floor":29.0,"key":"Strength Potion"},{"floor":31.0,"key":"Dexterity Potion"},{"floor":38,"key":"Weak Potion"},{"floor":42,"key":"SpeedPotion"},{"floor":46,"key":"Explosive Potion"}],"is_trial":false,"path_per_floor":["M","$","M","?","?","R","M","E","T","?","M","M","R","M","R","B",null,"M","$","M","?","M","R","$","R","T","E","?","M","R","E","R","B",null,"M","$","?","M","?","R","M","M","T","R","M","M","R","?","R","B"],"character_chosen":"THE_SILENT","items_purchased":["Crippling Poison","GhostInAJar","Blur"],"campfire_rested":3,"item_purchase_floors":[19,24,36],"current_hp_per_floor":[61,61,61,61,47,47,47,35,35,40,47,47,47,47,47,49,74,63,63,44,34,36,36,36,75,75,67,67,50,50,44,80,45,71,58,58,58,50,50,50,48,41,41,41,17,29,66,66,66,0],"gold":105,"neow_bonus":"REMOVE_CARD","is_prod":false,"is_daily":false,"chose_seed":false,"campfire_upgraded":8,"win_rate":0,"timestamp":1548428159,"path_taken":["M","$","M","?","?","R","M","E","T","?","?","M","R","M","R","BOSS","M","$","M","?","M","R","$","R","T","E","?","M","R","E","R","BOSS","M","$","?","M","?","R","M","M","T","R","M","M","R","?","R","BOSS"],"build_version":"2019-01-23","purchased_purges":3,"victory":false,"max_hp_per_floor":[70,70,70,70,70,70,70,70,70,75,75,75,75,75,75,75,80,80,80,80,80,80,80,80,80,80,80,80,80,80,80,80,80,80,80,80,80,80,76,76,76,76,76,76,76,76,76,76,76,76],"card_choices":[{"not_picked":["Skewer","Acrobatics"],"picked":"All Out Attack","floor":1.0},{"not_picked":["Setup","Slice"],"picked":"Dagger Throw","floor":3.0},{"not_picked":["Masterful Stab","Sucker Punch"],"picked":"Dash","floor":7.0},{"not_picked":["Caltrops","Heel Hook"],"picked":"Noxious Fumes","floor":8.0},{"not_picked":["Concentrate","Outmaneuver","Noxious Fumes"],"picked":"SKIP","floor":11.0},{"not_picked":["Slice","Dagger Spray"],"picked":"PiercingWail","floor":12.0},{"not_picked":["Dash","Sucker Punch"],"picked":"Dodge and Roll","floor":14.0},{"not_picked":["Quick Slash","Deflect"],"picked":"Terror","floor":17.0},{"not_picked":["Quick Slash","Eviscerate+1","Cloak And Dagger"],"picked":"SKIP","floor":18.0},{"not_picked":["Riddle With Holes","Crippling Poison"],"picked":"Well Laid Plans","floor":20.0},{"not_picked":["Slice","Flechettes+1"],"picked":"Deadly Poison","floor":22.0},{"not_picked":["Blade Dance","Cloak And Dagger"],"picked":"Bouncing Flask","floor":27.0},{"not_picked":["Bouncing Flask","Noxious Fumes"],"picked":"Leg Sweep","floor":29.0},{"not_picked":["Backstab","Infinite Blades+1"],"picked":"Prepared","floor":31.0},{"not_picked":["Sucker Punch","Blade Dance","Eviscerate"],"picked":"SKIP","floor":35},{"not_picked":["Slice+1","Crippling Poison"],"picked":"Deflect+1","floor":38},{"not_picked":["Sucker Punch+1","Prepared","Flying Knee+1"],"picked":"SKIP","floor":41},{"not_picked":["Acrobatics+1","Blade Dance"],"picked":"Tactician+1","floor":42},{"not_picked":["Crippling Poison","Venomology","Terror+1"],"picked":"SKIP","floor":45},{"not_picked":["Escape Plan","Dash"],"picked":"Acrobatics","floor":46}],"player_experience":446165,"relics_obtained":[{"floor":8.0,"key":"Regal Pillow"},{"floor":9.0,"key":"Meat on the Bone"},{"floor":26.0,"key":"Torii"},{"floor":27.0,"key":"War Paint"},{"floor":31.0,"key":"Vajra"},{"floor":43,"key":"Dream Catcher"}],"event_choices":[{"damage_healed":0.0,"max_hp_gain":0.0,"max_hp_loss":0.0,"gold_gain":0.0,"cards_transformed":["Strike_G"],"event_name":"Living Wall","player_choice":"Change","floor":4.0,"gold_loss":0.0,"damage_taken":0.0,"cards_obtained":["Reflex"]},{"damage_healed":0.0,"max_hp_gain":0.0,"max_hp_loss":0.0,"gold_gain":0.0,"event_name":"Shining Light","player_choice":"Entered Light","floor":5.0,"gold_loss":0.0,"damage_taken":14.0,"cards_upgraded":["Defend_G","All Out Attack"]},{"damage_healed":0.0,"max_hp_gain":5.0,"max_hp_loss":0.0,"gold_gain":0.0,"event_name":"Big Fish","player_choice":"Donut","floor":10.0,"gold_loss":0.0,"damage_taken":0.0},{"damage_healed":0.0,"max_hp_gain":0.0,"max_hp_loss":0.0,"gold_gain":0.0,"event_name":"Colosseum","player_choice":"Fight","floor":21.0,"gold_loss":0.0,"damage_taken":0.0},{"damage_healed":0.0,"max_hp_gain":0.0,"max_hp_loss":0.0,"gold_gain":0.0,"event_name":"Colosseum","player_choice":"Fled From Nobs","floor":21.0,"gold_loss":0.0,"damage_taken":0.0},{"damage_healed":0.0,"max_hp_gain":0.0,"max_hp_loss":0.0,"gold_gain":0.0,"cards_transformed":["Defend_G","Defend_G"],"event_name":"Drug Dealer","player_choice":"Became Test Subject","floor":28.0,"gold_loss":0.0,"damage_taken":0.0,"cards_obtained":["Dagger Throw","Outmaneuver"]},{"damage_healed":0,"gold_gain":0,"player_choice":"Paid","damage_taken":0,"relics_obtained":["Red Mask"],"max_hp_gain":0,"max_hp_loss":0,"event_name":"Tomb of Lord Red Mask","floor":37,"gold_loss":142},{"damage_healed":0,"gold_gain":0,"player_choice":"Max HP","damage_taken":0,"max_hp_gain":0,"max_hp_loss":4,"event_name":"Winding Halls","floor":39,"gold_loss":0},{"cards_removed":["Regret"],"damage_healed":0,"gold_gain":0,"player_choice":"Purged","damage_taken":0,"max_hp_gain":0,"max_hp_loss":0,"event_name":"Purifier","floor":48,"gold_loss":0}],"is_beta":false,"boss_relics":[{"not_picked":["Fusion Hammer","Busted Crown"],"picked":"Tiny House"},{"not_picked":["Ring of the Serpent","Black Star"],"picked":"Cursed Key"}],"items_purged_floors":[2,19,24],"is_endless":false,"potions_floor_spawned":[1,12,14,16,18,29,31,38,42,46],"killed_by":"Time Eater","ascension_level":12}