{"gold_per_floor":[109,121,46,117,128,128,144,144,444,470,470,230,155,181,181,181],"floor_reached":16,"playtime":850,"items_purged":["Defend_R"],"score":200,"play_id":"1bce2d00-6c46-42be-afae-9271a02c75e9","local_time":"20190325175014","is_ascension_mode":true,"campfire_choices":[{"data":"True Grit","floor":6.0,"key":"SMITH"},{"data":"Bash","floor":8.0,"key":"SMITH"},{"data":"Demon Form","floor":15.0,"key":"SMITH"}],"neow_cost":"TEN_PERCENT_HP_LOSS","seed_source_timestamp":2221231648809386,"circlet_count":0,"master_deck":["AscendersBane","Strike_R+1","Strike_R+1","Defend_R","Defend_R","Defend_R","Bash+1","Rampage","True Grit+1","Burning Pact","Feel No Pain","Demon Form+1"],"special_seed":0,"relics":["Burning Blood","Self Forming Clay","Old Coin","Lantern","Oddly Smooth Stone","WingedGreaves","Shuriken"],"potions_floor_usage":[],"damage_taken":[{"damage":5.0,"enemies":"Small Slimes","floor":1.0,"turns":6.0},{"damage":11.0,"enemies":"Jaw Worm","floor":2.0,"turns":6.0},{"damage":3.0,"enemies":"2 Louse","floor":5.0,"turns":3.0},{"damage":2.0,"enemies":"2 Fungi Beasts","floor":7.0,"turns":3.0},{"damage":26.0,"enemies":"Gremlin Nob","floor":10.0,"turns":5.0},{"damage":17.0,"enemies":"3 Sentries","floor":14.0,"turns":11.0},{"damage":32,"enemies":"Slime Boss","floor":16,"turns":12}],"seed_played":"-3865385312897222536","potions_obtained":[{"floor":1.0,"key":"Regen Potion"},{"floor":10.0,"key":"LiquidBronze"}],"is_trial":false,"path_per_floor":["M","M","?","T","M","R","M","R","T","E","?","$","?","E","R","B"],"character_chosen":"IRONCLAD","items_purchased":["Oddly Smooth Stone"],"campfire_rested":0,"item_purchase_floors":[12],"current_hp_per_floor":[68,63,63,63,66,66,68,68,68,48,28,28,28,32,32,0],"gold":181,"neow_bonus":"REMOVE_TWO","is_prod":false,"is_daily":false,"chose_seed":false,"campfire_upgraded":3,"win_rate":0,"timestamp":1553503814,"path_taken":["M","M","?","?","M","R","M","R","T","E","?","$","?","E","R","BOSS"],"build_version":"2019-03-15","purchased_purges":1,"victory":false,"max_hp_per_floor":[68,68,68,68,68,68,68,68,68,68,68,68,68,68,68,68],"card_choices":[{"not_picked":["Havoc","Perfected Strike","Warcry"],"picked":"SKIP","floor":1.0},{"not_picked":["Perfected Strike","Clothesline"],"picked":"Rampage","floor":2.0},{"not_picked":["Havoc","Anger"],"picked":"True Grit","floor":5.0},{"not_picked":["Flex","Iron Wave"],"picked":"Burning Pact","floor":7.0},{"not_picked":["Iron Wave","Perfected Strike"],"picked":"Feel No Pain","floor":10.0},{"not_picked":["Perfected Strike","Wild Strike"],"picked":"Demon Form","floor":14.0}],"player_experience":2728092,"relics_obtained":[{"floor":4.0,"key":"Self Forming Clay"},{"floor":9.0,"key":"Old Coin"},{"floor":10.0,"key":"Lantern"},{"floor":14.0,"key":"Shuriken"}],"event_choices":[{"cards_removed":["Strike_R"],"damage_healed":0.0,"max_hp_gain":0.0,"max_hp_loss":0.0,"gold_gain":0.0,"event_name":"The Cleric","player_choice":"Card Removal","floor":3.0,"gold_loss":75.0,"damage_taken":0.0},{"damage_healed":0.0,"max_hp_gain":0.0,"max_hp_loss":0.0,"gold_gain":0.0,"event_name":"Shining Light","player_choice":"Entered Light","floor":11.0,"gold_loss":0.0,"damage_taken":20.0,"cards_upgraded":["Strike_R","Strike_R"]},{"damage_healed":0.0,"max_hp_gain":0.0,"max_hp_loss":0.0,"gold_gain":0.0,"event_name":"WeMeetAgain","player_choice":"Paid Gold","floor":13.0,"gold_loss":75.0,"damage_taken":0.0,"relics_obtained":["WingedGreaves"]}],"is_beta":true,"boss_relics":[],"items_purged_floors":[12],"is_endless":false,"potions_floor_spawned":[1,10],"killed_by":"Slime Boss","ascension_level":17}