{"gold_per_floor":[117,117,117,135,60,85,85,113,167,167,177,195,211,211,211,211],"floor_reached":16,"playtime":810,"items_purged":["Strike_G"],"score":257,"play_id":"d3e5f292-012c-4f84-ab59-7c8533034fef","local_time":"20190524075736","is_ascension_mode":true,"campfire_choices":[{"data":"Dagger Spray","floor":7,"key":"SMITH"},{"data":"Crippling Poison","floor":10,"key":"SMITH"},{"data":"Blur","floor":15,"key":"SMITH"}],"neow_cost":"NONE","seed_source_timestamp":431467368073741,"circlet_count":0,"master_deck":["AscendersBane","Defend_G","Defend_G","Defend_G","Defend_G","Defend_G","Strike_G","Strike_G","Strike_G","Strike_G","Survivor","Neutralize","Dagger Spray+1","Dagger Throw","Blur+1","Crippling Poison+1","Blur","Escape Plan"],"relics":["Ring of the Snake","NeowsBlessing","Regal Pillow","Ninja Scroll","Tiny Chest"],"potions_floor_usage":[8,16],"damage_taken":[{"damage":0,"enemies":"Cultist","floor":1,"turns":1},{"damage":0,"enemies":"Jaw Worm","floor":4,"turns":1},{"damage":0,"enemies":"Lagavulin","floor":6,"turns":2},{"damage":19,"enemies":"3 Sentries","floor":8,"turns":8},{"damage":0,"enemies":"Small Slimes","floor":11,"turns":3},{"damage":0,"enemies":"Exordium Thugs","floor":12,"turns":3},{"damage":0,"enemies":"Large Slime","floor":13,"turns":6},{"damage":17,"enemies":"Slime Boss","floor":16,"turns":8}],"seed_played":"-6679844460211977760","potions_obtained":[{"floor":4,"key":"Dexterity Potion"},{"floor":6,"key":"Regen Potion"},{"floor":11,"key":"SpeedPotion"}],"is_trial":false,"path_per_floor":["M","$","$","M","$","E","R","E","T","R","M","M","M","?","R","B"],"character_chosen":"THE_SILENT","items_purchased":[],"campfire_rested":0,"item_purchase_floors":[],"current_hp_per_floor":[59,59,59,59,59,59,59,40,40,40,40,40,40,45,45,28],"gold":211,"neow_bonus":"THREE_ENEMY_KILL","is_prod":false,"is_daily":false,"chose_seed":false,"campfire_upgraded":3,"win_rate":0,"timestamp":1558652256,"path_taken":["M","?","$","?","$","E","R","E","T","R","?","M","?","?","R","BOSS"],"build_version":"2019-05-22","purchased_purges":1,"victory":false,"max_hp_per_floor":[66,66,66,66,66,66,66,66,66,66,66,66,66,71,71,71],"card_choices":[{"not_picked":["Blade Dance","Concentrate"],"picked":"Dagger Spray","floor":1},{"not_picked":["Riddle With Holes","Deflect"],"picked":"Dagger Throw","floor":4},{"not_picked":["Cloak And Dagger","Prepared"],"picked":"Blur","floor":6},{"not_picked":["Escape Plan","Heel Hook"],"picked":"Crippling Poison","floor":8},{"not_picked":["Prepared","Dagger Spray"],"picked":"Blur","floor":11},{"not_picked":["Dagger Throw","Distraction"],"picked":"Escape Plan","floor":12},{"not_picked":["Distraction","Finisher","Quick Slash"],"picked":"SKIP","floor":13}],"player_experience":3325012,"relics_obtained":[{"floor":6,"key":"Regal Pillow"},{"floor":8,"key":"Ninja Scroll"},{"floor":9,"key":"Tiny Chest"}],"event_choices":[{"damage_healed":0,"gold_gain":0,"player_choice":"Donut","damage_taken":0,"max_hp_gain":5,"max_hp_loss":0,"event_name":"Big Fish","floor":14,"gold_loss":0}],"is_beta":true,"boss_relics":[],"items_purged_floors":[5],"is_endless":false,"potions_floor_spawned":[4,6,11],"killed_by":"Slime Boss","ascension_level":18}