{"gold_per_floor":[117,1,1,20,20,54,54,85,85,125,125,125,125,146,146,241,241,256,256,280,22,40,40,56,90,90,130,164,178,213,231,231,326,326,341,80,413,427,138,138,173,200,200,200,213,65,99,99,99,99],"floor_reached":51,"playtime":5685,"items_purged":[],"score":1753,"play_id":"532219bc-56e5-4284-8af0-c2497386df4a","local_time":"20190512184615","is_ascension_mode":true,"campfire_choices":[{"data":"Feel No Pain","floor":7.0,"key":"SMITH"},{"floor":12.0,"key":"REST"},{"floor":15.0,"key":"REST"},{"data":"Corruption","floor":23.0,"key":"SMITH"},{"data":"Dark Embrace","floor":32.0,"key":"SMITH"},{"floor":40,"key":"REST"},{"floor":44,"key":"RECALL"},{"floor":49,"key":"REST"}],"neow_cost":"NONE","seed_source_timestamp":2677631737637647,"circlet_count":0,"master_deck":["AscendersBane","Strike_R","Strike_R","Strike_R","Strike_R+1","Defend_R","Defend_R","Defend_R","Defend_R","Bash","Sever Soul+1","Warcry","Feel No Pain+1","Armaments+1","Warcry+1","Flex+1","Warcry+1","Dark Embrace+1","Infernal Blade+1","Infernal Blade+1","Rage+1","True Grit+1","Warcry+1","Ghostly Armor+1","Corruption+1","Warcry+1","Discovery+1","Havoc+1","Rage+1","Warcry+1","Sentinel+1","Sentinel+1","Shrug It Off+1","Burning Pact+1","Flex+1","Feed","Shrug It Off+1","Exhume+1","Warcry+1","Sentinel+1","Corruption","Panache","Warcry+1","Feel No Pain","Double Tap+1","Feed+1","Panacea+1","Good Instincts+1","Deep Breath+1"],"special_seed":0,"relics":["Burning Blood","NeowsBlessing","Toxic Egg 2","Omamori","Gremlin Horn","Dead Branch","Orrery","Red Mask","Ornamental Fan","WingedGreaves","Whetstone","Meat on the Bone","Fusion Hammer","Bag of Preparation","Molten Egg 2","Kunai","Oddly Smooth Stone","Lantern","Bottled Tornado"],"potions_floor_usage":[50,50],"damage_taken":[{"damage":0.0,"enemies":"Cultist","floor":1.0,"turns":1.0},{"damage":0.0,"enemies":"Jaw Worm","floor":4.0,"turns":1.0},{"damage":0.0,"enemies":"Gremlin Nob","floor":6.0,"turns":1.0},{"damage":35.0,"enemies":"Lagavulin","floor":8.0,"turns":7.0},{"damage":14.0,"enemies":"3 Sentries","floor":10.0,"turns":11.0},{"damage":0.0,"enemies":"Small Slimes","floor":14.0,"turns":4.0},{"damage":25.0,"enemies":"Slime Boss","floor":16.0,"turns":9.0},{"damage":10.0,"enemies":"Shell Parasite","floor":18.0,"turns":8.0},{"damage":0.0,"enemies":"3 Byrds","floor":20.0,"turns":5.0},{"damage":18.0,"enemies":"Cultist and Chosen","floor":22.0,"turns":5.0},{"damage":2.0,"enemies":"Shelled Parasite and Fungi","floor":24.0,"turns":3.0},{"damage":0.0,"enemies":"Masked Bandits","floor":25.0,"turns":3.0},{"damage":0.0,"enemies":"Gremlin Leader","floor":27.0,"turns":5.0},{"damage":4.0,"enemies":"Book of Stabbing","floor":28.0,"turns":3.0},{"damage":0.0,"enemies":"3 Cultists","floor":29.0,"turns":2.0},{"damage":11.0,"enemies":"Slavers","floor":30.0,"turns":3.0},{"damage":0.0,"enemies":"Sentry and Sphere","floor":31.0,"turns":4.0},{"damage":1,"enemies":"Champ","floor":33,"turns":5},{"damage":8,"enemies":"3 Shapes","floor":35,"turns":4},{"damage":0,"enemies":"3 Darklings","floor":38,"turns":2},{"damage":11,"enemies":"Nemesis","floor":41,"turns":3},{"damage":0,"enemies":"Reptomancer","floor":42,"turns":2},{"damage":0,"enemies":"4 Shapes","floor":45,"turns":2},{"damage":3,"enemies":"Giant Head","floor":47,"turns":4},{"damage":0,"enemies":"Donu and Deca","floor":50,"turns":1}],"seed_played":"2048196727146295071","potions_obtained":[{"floor":1.0,"key":"Poison Potion"},{"floor":6.0,"key":"Energy Potion"},{"floor":14.0,"key":"EssenceOfSteel"},{"floor":18.0,"key":"EssenceOfSteel"},{"floor":19.0,"key":"Energy Potion"},{"floor":25.0,"key":"Dexterity Potion"},{"floor":28.0,"key":"Poison Potion"},{"floor":31.0,"key":"PowerPotion"}],"is_trial":false,"path_per_floor":["M","$","?","M","$","E","R","E","T","E","?","R","?","M","R","B",null,"M","?","M","$","M","R","M","?","T","E","E","M","E","M","R","B",null,"M","$","?","M","$","R","E","E","T","R","M","$","E","?","R","B",null],"character_chosen":"IRONCLAD","items_purchased":["Warcry","Feel No Pain","Corruption","Warcry+1","Discovery+1","Havoc+1","Exhume+1","Bag of Preparation","Warcry+1","Corruption","Panache","Warcry+1","Lantern"],"campfire_rested":4,"item_purchase_floors":[2,2,21,21,21,21,36,36,36,39,39,39,46],"current_hp_per_floor":[74,74,48,54,54,60,60,31,31,23,23,45,45,51,73,54,70,66,66,72,72,60,60,64,70,70,75,75,75,70,75,75,75,75,76,76,76,78,78,78,73,81,81,81,81,81,81,71,81,81],"gold":99,"neow_bonus":"THREE_ENEMY_KILL","is_prod":false,"is_daily":false,"chose_seed":false,"campfire_upgraded":3,"win_rate":0,"timestamp":1557675975,"path_taken":["M","$","?","M","$","E","R","E","T","E","?","R","?","M","R","BOSS","M","?","M","?","M","R","M","?","T","E","E","?","E","M","R","BOSS","M","$","?","M","$","R","E","E","T","R","M","$","E","?","R","BOSS"],"build_version":"2019-01-23","purchased_purges":0,"victory":true,"max_hp_per_floor":[75,75,75,75,75,75,75,75,75,75,75,75,75,75,75,75,75,75,75,75,75,75,75,75,75,75,75,75,75,75,75,75,75,75,78,78,78,78,78,78,78,81,81,81,81,81,81,81,81,81],"card_choices":[{"not_picked":["Blood for Blood","Clash"],"picked":"Sever Soul","floor":1.0},{"not_picked":["Rampage","Wild Strike","Cleave"],"picked":"SKIP","floor":4.0},{"not_picked":["Second Wind","True Grit"],"picked":"Armaments","floor":6.0},{"not_picked":["Whirlwind","Fire Breathing"],"picked":"Warcry+1","floor":8.0},{"not_picked":["Twin Strike","Headbutt"],"picked":"Flex+1","floor":10.0},{"not_picked":["Combust","Cleave"],"picked":"Warcry+1","floor":14.0},{"not_picked":["Demon Form","Juggernaut"],"picked":"Dark Embrace","floor":16.0},{"not_picked":["Bloodletting+1","Blood for Blood"],"picked":"Infernal Blade+1","floor":17.0},{"not_picked":["Iron Wave","Metallicize"],"picked":"Infernal Blade+1","floor":17.0},{"not_picked":["Sword Boomerang","Twin Strike"],"picked":"Rage+1","floor":17.0},{"not_picked":["Armaments+1","Twin Strike"],"picked":"True Grit+1","floor":17.0},{"not_picked":["Shrug It Off+1","Anger"],"picked":"Warcry+1","floor":17.0},{"not_picked":["Barricade","Power Through+1"],"picked":"Ghostly Armor+1","floor":18.0},{"not_picked":["Bloodletting+1","Clothesline","Reckless Charge"],"picked":"SKIP","floor":20.0},{"not_picked":["Armaments+1","Heavy Blade"],"picked":"Rage+1","floor":22.0},{"not_picked":["Armaments+1","Carnage"],"picked":"Warcry+1","floor":24.0},{"not_picked":["Brutality","Rage+1"],"picked":"Sentinel+1","floor":25.0},{"not_picked":["Armaments+1","Havoc+1"],"picked":"Sentinel+1","floor":27.0},{"not_picked":["Twin Strike+1","Heavy Blade","Headbutt"],"picked":"SKIP","floor":28.0},{"not_picked":["Cleave+1","Armaments+1"],"picked":"Shrug It Off+1","floor":29.0},{"not_picked":["Armaments+1","Reaper"],"picked":"Burning Pact+1","floor":30.0},{"not_picked":["Iron Wave","Wild Strike"],"picked":"Flex+1","floor":31.0},{"not_picked":["Bludgeon","Brutality"],"picked":"Feed","floor":33},{"not_picked":["Rage+1","Pommel Strike"],"picked":"Shrug It Off+1","floor":35},{"not_picked":["Metallicize","Ghostly Armor+1"],"picked":"Sentinel+1","floor":38},{"not_picked":["Wild Strike","Sword Boomerang"],"picked":"Feel No Pain","floor":41},{"not_picked":["Whirlwind+1","Havoc+1"],"picked":"Double Tap+1","floor":42},{"not_picked":["Wild Strike+1","Thunderclap+1","Clothesline+1"],"picked":"SKIP","floor":45},{"not_picked":["Fire Breathing","Headbutt+1"],"picked":"Feed+1","floor":47},{"not_picked":["Transmutation+1","Trip+1"],"picked":"Panacea+1","floor":48},{"not_picked":["Swift Strike+1","Forethought+1"],"picked":"Good Instincts+1","floor":48},{"not_picked":["Impatience+1","HandOfGreed+1"],"picked":"Deep Breath+1","floor":48}],"player_experience":1348989,"relics_obtained":[{"floor":6.0,"key":"Toxic Egg 2"},{"floor":8.0,"key":"Omamori"},{"floor":9.0,"key":"Gremlin Horn"},{"floor":10.0,"key":"Dead Branch"},{"floor":25.0,"key":"Red Mask"},{"floor":26.0,"key":"Ornamental Fan"},{"floor":27.0,"key":"WingedGreaves"},{"floor":28.0,"key":"Whetstone"},{"floor":30.0,"key":"Meat on the Bone"},{"floor":41,"key":"Molten Egg 2"},{"floor":42,"key":"Kunai"},{"floor":43,"key":"Oddly Smooth Stone"},{"floor":47,"key":"Bottled Tornado"}],"event_choices":[{"damage_healed":0.0,"max_hp_gain":0.0,"max_hp_loss":0.0,"gold_gain":0.0,"event_name":"Golden Idol","player_choice":"Take Damage","floor":3.0,"gold_loss":0.0,"damage_taken":26.0,"relics_obtained":["Golden Idol"]},{"damage_healed":0.0,"max_hp_gain":0.0,"max_hp_loss":0.0,"gold_gain":0.0,"event_name":"Scrap Ooze","player_choice":"Fled","floor":11.0,"gold_loss":0.0,"damage_taken":0.0},{"cards_removed":["Strike_R"],"damage_healed":0.0,"max_hp_gain":0.0,"max_hp_loss":0.0,"gold_gain":0.0,"event_name":"Bonfire Elementals","player_choice":"Offered Basic","floor":13.0,"gold_loss":0.0,"damage_taken":0.0},{"damage_healed":0.0,"max_hp_gain":0.0,"max_hp_loss":0.0,"gold_gain":0.0,"event_name":"Lab","player_choice":"Got Potions","floor":19.0,"gold_loss":0.0,"damage_taken":0.0},{"damage_healed":0.0,"max_hp_gain":0.0,"max_hp_loss":0.0,"gold_gain":0.0,"event_name":"Masked Bandits","player_choice":"Fought Bandits","floor":25.0,"gold_loss":0.0,"damage_taken":0.0},{"damage_healed":0,"gold_gain":333,"player_choice":"Gave Idol","damage_taken":0,"max_hp_gain":0,"max_hp_loss":0,"event_name":"The Moai Head","floor":37,"relics_lost":["Golden Idol"],"gold_loss":0},{"damage_healed":0,"gold_gain":0,"player_choice":"Memory 3","damage_taken":10,"max_hp_gain":0,"max_hp_loss":0,"event_name":"SensoryStone","floor":48,"gold_loss":0}],"is_beta":false,"boss_relics":[{"not_picked":["Lizard Tail","Eternal Feather"],"picked":"Orrery"},{"not_picked":["Sozu","Empty Cage"],"picked":"Fusion Hammer"}],"items_purged_floors":[],"is_endless":false,"potions_floor_spawned":[1,6,14,18,25,28,31,38,41,42,47],"ascension_level":15}