{"gold_per_floor":[116,135,151,169,38,38,48,82,105,255,284,284,317,337,337,337],"floor_reached":16,"playtime":1254,"items_purged":["Strike_R"],"score":226,"play_id":"acfbf017-35c5-45aa-9b16-0a5900c2a8ee","local_time":"20190424162813","is_ascension_mode":true,"campfire_choices":[{"data":"Intimidate","floor":6.0,"key":"SMITH"},{"floor":12.0,"key":"REST"},{"data":"Evolve","floor":15.0,"key":"SMITH"}],"neow_cost":"TEN_PERCENT_HP_LOSS","seed_source_timestamp":1038095818407049,"circlet_count":0,"master_deck":["AscendersBane","Strike_R","Strike_R","Strike_R","Strike_R","Defend_R","Defend_R","Defend_R","Defend_R","Bash","Purity","Purity","Metallicize","Anger","Intimidate+1","Shrug It Off","Twin Strike","Evolve+1","Doubt","Dark Embrace","Battle Trance","Iron Wave"],"special_seed":0,"relics":["Burning Blood","Calipers","Potion Belt","Regal Pillow","Boot"],"potions_floor_usage":[],"damage_taken":[{"damage":11.0,"enemies":"Jaw Worm","floor":1.0,"turns":4.0},{"damage":2.0,"enemies":"2 Louse","floor":2.0,"turns":4.0},{"damage":9.0,"enemies":"Small Slimes","floor":3.0,"turns":5.0},{"damage":19.0,"enemies":"3 Louse","floor":4.0,"turns":5.0},{"damage":3.0,"enemies":"Exordium Wildlife","floor":7.0,"turns":4.0},{"damage":12.0,"enemies":"Lagavulin","floor":8.0,"turns":6.0},{"damage":21.0,"enemies":"3 Sentries","floor":11.0,"turns":9.0},{"damage":31.0,"enemies":"Gremlin Nob","floor":13.0,"turns":5.0},{"damage":25.0,"enemies":"Gremlin Gang","floor":14.0,"turns":9.0},{"damage":32,"enemies":"Hexaghost","floor":16,"turns":9}],"seed_played":"2654859883987930298","potions_obtained":[{"floor":4.0,"key":"FearPotion"},{"floor":8.0,"key":"EssenceOfSteel"},{"floor":13.0,"key":"Fruit Juice"},{"floor":14.0,"key":"SmokeBomb"}],"is_trial":false,"path_per_floor":["M","M","M","M","$","R","M","E","T","?","E","R","E","M","R","B"],"character_chosen":"IRONCLAD","items_purchased":["SteroidPotion"],"campfire_rested":1,"item_purchase_floors":[5],"current_hp_per_floor":[63,67,64,51,51,51,54,48,48,48,33,68,48,29,29,0],"gold":337,"neow_bonus":"RANDOM_COLORLESS_2","is_prod":false,"is_daily":false,"chose_seed":false,"campfire_upgraded":2,"win_rate":0,"timestamp":1556090893,"path_taken":["M","M","M","M","$","R","M","E","T","?","E","R","E","M","R","BOSS"],"build_version":"2019-04-23","purchased_purges":1,"victory":false,"max_hp_per_floor":[68,68,68,68,68,68,68,68,68,68,68,68,73,73,73,73],"card_choices":[{"not_picked":["Clash","Corruption"],"picked":"Metallicize","floor":1.0},{"not_picked":["Sword Boomerang","Wild Strike"],"picked":"Anger","floor":2.0},{"not_picked":["Twin Strike","Headbutt"],"picked":"Intimidate","floor":3.0},{"not_picked":["Entrench","Anger"],"picked":"Shrug It Off","floor":4.0},{"not_picked":["Body Slam","Anger"],"picked":"Twin Strike","floor":7.0},{"not_picked":["Pommel Strike","Clash"],"picked":"Evolve","floor":8.0},{"not_picked":["Warcry","Heavy Blade"],"picked":"Dark Embrace","floor":11.0},{"not_picked":["Sentinel","Evolve"],"picked":"Battle Trance","floor":13.0},{"not_picked":["Sword Boomerang","Cleave"],"picked":"Iron Wave","floor":14.0}],"player_experience":3047648,"relics_obtained":[{"floor":8.0,"key":"Calipers"},{"floor":9.0,"key":"Potion Belt"},{"floor":11.0,"key":"Regal Pillow"},{"floor":13.0,"key":"Boot"}],"event_choices":[{"damage_healed":0.0,"max_hp_gain":0.0,"max_hp_loss":0.0,"gold_gain":150.0,"event_name":"Liars Game","player_choice":"AGREE","floor":10.0,"gold_loss":0.0,"damage_taken":0.0,"cards_obtained":["Doubt"]}],"is_beta":true,"boss_relics":[],"items_purged_floors":[5],"is_endless":false,"potions_floor_spawned":[4,8,13,14],"killed_by":"Hexaghost","ascension_level":17}