{"gold_per_floor":[119,130,147,163,175,200,200,233,233,249,249,279,279,293,293,367,367,385,25,39,39,55,55,70,70,149,149,166,381,392,317,317,395,395,410,410,7,1006,624,653,653,227,227,227,256,267,299,313,313,313,313,313,313,55,81,81],"floor_reached":57,"playtime":3230,"items_purged":["Strike_B","Defend_B","Defend_B","Rip and Tear"],"score":3124,"play_id":"a5e09e9d-c38b-4ec5-9763-202115c9cd7a","local_time":"20190512003632","is_ascension_mode":true,"campfire_choices":[{"floor":7.0,"key":"REST"},{"floor":15.0,"key":"REST"},{"floor":23,"key":"REST"},{"data":"Buffer","floor":25,"key":"SMITH"},{"data":"Conserve Battery","floor":27,"key":"SMITH"},{"data":"Loop","floor":32,"key":"SMITH"},{"data":"Heatsinks","floor":41,"key":"SMITH"},{"floor":44,"key":"RECALL"},{"data":"Zap","floor":49,"key":"PURGE"},{"data":"Coolheaded","floor":53,"key":"SMITH"}],"neow_cost":"NONE","seed_source_timestamp":539182322366000,"circlet_count":0,"master_deck":["AscendersBane","Defend_B+1","Dualcast","Lockon","Leap","Hello World","Conserve Battery+1","Coolheaded","Coolheaded+1","Chill","Blizzard","Buffer+1","Echo Form","Recycle","Loop+1","Loop+1","Creative AI","Consume+1","Fusion","Heatsinks+1","Coolheaded+1","Creative AI","Capacitor"],"special_seed":0,"relics":["Cracked Core","DataDisk","Art of War","Ancient Tea Set","Singing Bowl","Omamori","Snecko Eye","Membership Card","Mummified Hand","Old Coin","Nuclear Battery","Lee\u0027s Waffle","Prayer Wheel","Meat on the Bone","Dream Catcher","HandDrill","War Paint","Toy Ornithopter","Pen Nib","StoneCalendar","Peace Pipe","Lantern","Dead Branch","Bottled Tornado"],"potions_floor_usage":[30,33,47,56,56],"damage_taken":[{"damage":0.0,"enemies":"Small Slimes","floor":1.0,"turns":3.0},{"damage":7.0,"enemies":"Jaw Worm","floor":2.0,"turns":2.0},{"damage":0.0,"enemies":"Cultist","floor":3.0,"turns":4.0},{"damage":1.0,"enemies":"Looter","floor":4.0,"turns":3.0},{"damage":16.0,"enemies":"Large Slime","floor":5.0,"turns":6.0},{"damage":19.0,"enemies":"3 Sentries","floor":6.0,"turns":7.0},{"damage":13.0,"enemies":"Lagavulin","floor":8.0,"turns":7.0},{"damage":15.0,"enemies":"Exordium Thugs","floor":10.0,"turns":6.0},{"damage":5.0,"enemies":"Gremlin Nob","floor":12.0,"turns":3.0},{"damage":0.0,"enemies":"Exordium Wildlife","floor":14.0,"turns":6.0},{"damage":0.0,"enemies":"Slime Boss","floor":16.0,"turns":6.0},{"damage":18.0,"enemies":"Shell Parasite","floor":18.0,"turns":6.0},{"damage":0,"enemies":"Spheric Guardian","floor":20,"turns":4},{"damage":27,"enemies":"Snake Plant","floor":22,"turns":5},{"damage":12,"enemies":"Centurion and Healer","floor":24,"turns":7},{"damage":0,"enemies":"Snecko","floor":28,"turns":5},{"damage":0,"enemies":"Shelled Parasite and Fungi","floor":30,"turns":9},{"damage":25,"enemies":"Collector","floor":33,"turns":16},{"damage":17,"enemies":"3 Shapes","floor":35,"turns":7},{"damage":18,"enemies":"Reptomancer","floor":40,"turns":4},{"damage":0,"enemies":"Nemesis","floor":45,"turns":7},{"damage":0,"enemies":"Orb Walker","floor":46,"turns":3},{"damage":0,"enemies":"Reptomancer","floor":47,"turns":6},{"damage":0,"enemies":"4 Shapes","floor":48,"turns":4},{"damage":0,"enemies":"Time Eater","floor":50,"turns":14},{"damage":18,"enemies":"Donu and Deca","floor":51,"turns":7},{"damage":0,"enemies":"Shield and Spear","floor":55,"turns":5},{"damage":11,"enemies":"The Heart","floor":56,"turns":7}],"seed_played":"-4784275213629926182","potions_obtained":[{"floor":2.0,"key":"Strength Potion"},{"floor":3.0,"key":"PowerPotion"},{"floor":8.0,"key":"Ancient Potion"},{"floor":12.0,"key":"SteroidPotion"},{"floor":18.0,"key":"Dexterity Potion"},{"floor":28,"key":"SkillPotion"},{"floor":33,"key":"LiquidBronze"},{"floor":35,"key":"LiquidBronze"},{"floor":46,"key":"Ancient Potion"}],"is_trial":false,"path_per_floor":["M","M","M","M","M","E","R","E","T","M","?","E","?","M","R","B",null,"M","$","M","?","M","R","M","R","T","R","M","?","M","?","R","B",null,"M","?","$","?","$","E","R","$","T","R","E","M","E","M","R","B","B",null,"R","$","E","B",null],"character_chosen":"DEFECT","items_purchased":["Membership Card","Mummified Hand","Lee\u0027s Waffle","Prayer Wheel","Fusion","Heatsinks","Meat on the Bone","Dream Catcher","HandDrill","Toy Ornithopter","Pen Nib","StoneCalendar","Bottled Tornado","Capacitor","SpeedPotion"],"campfire_rested":3,"item_purchase_floors":[19,19,37,37,37,37,39,39,39,42,42,42,54,54,54],"current_hp_per_floor":[64,57,57,56,40,21,42,29,29,14,14,9,2,2,23,23,59,41,41,41,41,16,37,27,27,27,27,29,29,29,29,29,4,59,42,42,84,84,84,68,68,68,68,68,68,72,77,81,81,81,63,86,86,86,88,85],"gold":81,"neow_bonus":"RANDOM_COMMON_RELIC","is_prod":false,"is_daily":false,"chose_seed":false,"campfire_upgraded":5,"win_rate":0,"timestamp":1557588992,"path_taken":["M","M","M","M","M","E","R","E","T","M","?","E","?","M","R","BOSS","M","$","M","?","M","R","M","R","T","R","?","?","M","?","R","BOSS","M","?","$","?","?","E","R","$","T","R","E","M","E","M","R","BOSS","BOSS","R","$","E","BOSS"],"build_version":"2019-01-23","purchased_purges":4,"victory":true,"max_hp_per_floor":[71,71,71,71,71,71,71,71,71,71,71,71,71,71,71,71,71,71,71,71,71,73,73,75,75,75,75,77,77,77,77,77,77,77,77,77,84,84,84,86,86,86,86,86,86,90,90,94,94,94,94,94,94,94,96,96],"card_choices":[{"not_picked":["Gash","Barrage"],"picked":"Lockon","floor":1.0},{"not_picked":["Storm","Turbo"],"picked":"Leap","floor":2.0},{"not_picked":["Steam Power","Compile Driver"],"picked":"Hello World","floor":3.0},{"not_picked":["Leap","Gash"],"picked":"Conserve Battery","floor":4.0},{"not_picked":["Aggregate","Rebound"],"picked":"Coolheaded","floor":5.0},{"not_picked":["Hologram","Streamline"],"picked":"Coolheaded","floor":6.0},{"not_picked":["Steam","Storm","Coolheaded"],"picked":"SKIP","floor":8.0},{"not_picked":["Stack","Melter"],"picked":"Chill","floor":10.0},{"not_picked":["Conserve Battery","Stack"],"picked":"Blizzard","floor":12.0},{"not_picked":["Redo","Rip and Tear"],"picked":"Buffer","floor":14.0},{"not_picked":["Machine Learning","Seek"],"picked":"Echo Form","floor":16.0},{"not_picked":["Static Discharge","Sweeping Beam"],"picked":"Recycle","floor":18.0},{"not_picked":["Hologram","FTL"],"picked":"Loop","floor":20},{"not_picked":["Turbo","Coolheaded","Reinforced Body"],"picked":"Singing Bowl","floor":22},{"not_picked":["Cold Snap","Conserve Battery","Ball Lightning"],"picked":"Singing Bowl","floor":24},{"not_picked":["Go for the Eyes","Turbo","Leap"],"picked":"Singing Bowl","floor":28},{"not_picked":["Barrage","Steam"],"picked":"Loop+1","floor":30},{"not_picked":["Rainbow","Hyperbeam"],"picked":"Creative AI","floor":33},{"not_picked":["Rebound","Leap"],"picked":"Consume","floor":35},{"not_picked":["Streamline+1","White Noise","Leap"],"picked":"Singing Bowl","floor":40},{"not_picked":["Force Field","Reinforced Body"],"picked":"Coolheaded+1","floor":45},{"not_picked":["Chaos","Barrage+1","Darkness"],"picked":"Singing Bowl","floor":46},{"not_picked":["Barrage","Double Energy","Ball Lightning"],"picked":"Singing Bowl","floor":46},{"not_picked":["Scrape","Sweeping Beam"],"picked":"Creative AI","floor":47},{"not_picked":["Reprogram","Self Repair","Rip and Tear"],"picked":"Singing Bowl","floor":48},{"not_picked":["Conserve Battery+1","Static Discharge","Hello World+1"],"picked":"Singing Bowl","floor":48},{"not_picked":["Chill","Compile Driver","Leap+1"],"picked":"Singing Bowl","floor":55}],"player_experience":4985488,"relics_obtained":[{"floor":6.0,"key":"Art of War"},{"floor":8.0,"key":"Ancient Tea Set"},{"floor":9.0,"key":"Singing Bowl"},{"floor":12.0,"key":"Omamori"},{"floor":40,"key":"War Paint"},{"floor":43,"key":"Peace Pipe"},{"floor":45,"key":"Lantern"},{"floor":47,"key":"Dead Branch"}],"event_choices":[{"damage_healed":0.0,"max_hp_gain":0.0,"max_hp_loss":0.0,"gold_gain":0.0,"cards_transformed":["Defend_B"],"event_name":"Living Wall","player_choice":"Change","floor":11.0,"gold_loss":0.0,"damage_taken":0.0,"cards_obtained":["Rip and Tear"]},{"cards_removed":["Strike_B"],"damage_healed":0.0,"max_hp_gain":0.0,"max_hp_loss":0.0,"gold_gain":0.0,"event_name":"Golden Wing","player_choice":"Card Removal","floor":13.0,"gold_loss":0.0,"damage_taken":7.0},{"cards_removed":["Strike_B"],"damage_healed":0,"gold_gain":0,"player_choice":"Purged","damage_taken":0,"max_hp_gain":0,"max_hp_loss":0,"event_name":"Purifier","floor":21,"gold_loss":0},{"damage_healed":0,"gold_gain":0,"player_choice":"Obtained Relic","damage_taken":0,"relics_obtained":["Old Coin"],"max_hp_gain":0,"max_hp_loss":0,"event_name":"Addict","floor":29,"gold_loss":85},{"cards_removed":["Strike_B"],"damage_healed":0,"gold_gain":0,"player_choice":"Gave Gold","damage_taken":0,"max_hp_gain":0,"max_hp_loss":0,"event_name":"Beggar","floor":31,"gold_loss":75},{"damage_healed":0,"gold_gain":0,"player_choice":"Ignored","damage_taken":0,"max_hp_gain":0,"max_hp_loss":0,"event_name":"Mysterious Sphere","floor":36,"gold_loss":0},{"damage_healed":0,"gold_gain":999,"player_choice":"Gold","damage_taken":0,"max_hp_gain":0,"max_hp_loss":0,"event_name":"MindBloom","floor":38,"gold_loss":0,"cards_obtained":["Normality","Normality"]}],"is_beta":false,"boss_relics":[{"not_picked":["Busted Crown","Empty Cage"],"picked":"Snecko Eye"},{"not_picked":["Sozu","Tiny House"],"picked":"Nuclear Battery"}],"items_purged_floors":[37,39,42,54],"is_endless":false,"potions_floor_spawned":[2,3,8,12,18,28,33,35,45,46],"ascension_level":20}