{"gold_per_floor":[117,137,156,167,177,177,190,190,190,115,129,129,158,158,158,237,237,250,263,263,52,64,64,64],"floor_reached":24,"playtime":500,"items_purged":["Strike_B"],"score":400,"play_id":"b3a6ea80-4132-4bff-bf88-9246edc3cfcf","local_time":"20190525103014","is_ascension_mode":true,"campfire_choices":[{"floor":6,"key":"REST"},{"floor":8,"key":"REST"},{"floor":12,"key":"REST"},{"floor":15,"key":"REST"},{"data":"Electrodynamics","floor":23,"key":"SMITH"}],"neow_cost":"NONE","seed_source_timestamp":211653930283900,"circlet_count":0,"master_deck":["AscendersBane","Strike_B","Strike_B","Defend_B","Defend_B","Defend_B","Defend_B","Zap","Dualcast","Reinforced Body","Tempest","Tempest","Melter","BootSequence","Ball Lightning","Reinforced Body","Electrodynamics+1","Fission+1","Chaos+1"],"relics":["Cracked Core","Orichalcum","Singing Bowl","Smiling Mask","Coffee Dripper","Strawberry"],"potions_floor_usage":[4,11,16,24],"damage_taken":[{"damage":7,"enemies":"Cultist","floor":1,"turns":4},{"damage":0,"enemies":"Small Slimes","floor":2,"turns":4},{"damage":12,"enemies":"Jaw Worm","floor":3,"turns":4},{"damage":30,"enemies":"Gremlin Gang","floor":4,"turns":4},{"damage":11,"enemies":"Blue Slaver","floor":5,"turns":4},{"damage":7,"enemies":"3 Louse","floor":7,"turns":3},{"damage":42,"enemies":"Gremlin Gang","floor":11,"turns":4},{"damage":19,"enemies":"Lagavulin","floor":13,"turns":7},{"damage":11,"enemies":"Slime Boss","floor":16,"turns":7},{"damage":12,"enemies":"Chosen","floor":18,"turns":4},{"damage":13,"enemies":"Shell Parasite","floor":19,"turns":4},{"damage":37,"enemies":"Snecko","floor":22,"turns":5},{"damage":18,"enemies":"Cultist and Chosen","floor":24,"turns":3}],"seed_played":"9090569142807002916","potions_obtained":[{"floor":1,"key":"FearPotion"},{"floor":5,"key":"PowerPotion"},{"floor":13,"key":"AttackPotion"},{"floor":16,"key":"GamblersBrew"},{"floor":19,"key":"Strength Potion"}],"is_trial":false,"path_per_floor":["M","M","M","M","M","R","M","R","T","?","M","R","E","?","R","B",null,"M","M","?","$","M","R","M"],"character_chosen":"DEFECT","items_purchased":["Strawberry"],"campfire_rested":4,"item_purchase_floors":[21],"current_hp_per_floor":[64,64,52,22,11,34,27,50,50,50,8,31,12,1,24,13,62,52,41,41,48,11,11,0],"gold":64,"neow_bonus":"TEN_PERCENT_HP_BONUS","is_prod":false,"is_daily":false,"chose_seed":false,"campfire_upgraded":1,"win_rate":0,"timestamp":1558747814,"path_taken":["M","M","M","M","M","R","?","R","T","?","M","R","E","?","R","BOSS","M","M","?","$","?","R","M"],"build_version":"2019-01-23","purchased_purges":1,"victory":false,"max_hp_per_floor":[78,78,78,78,78,78,78,78,78,78,78,78,78,78,78,78,78,80,82,82,89,89,89,89],"card_choices":[{"not_picked":["Force Field","Redo"],"picked":"Reinforced Body","floor":1},{"not_picked":["Go for the Eyes","Compile Driver"],"picked":"Tempest","floor":2},{"not_picked":["Hologram","Double Energy"],"picked":"Tempest","floor":3},{"not_picked":["Genetic Algorithm","Cold Snap"],"picked":"Melter","floor":4},{"not_picked":["Melter","Loop"],"picked":"BootSequence","floor":5},{"not_picked":["Sweeping Beam","Aggregate"],"picked":"Ball Lightning","floor":7},{"not_picked":["Compile Driver","Go for the Eyes"],"picked":"Reinforced Body","floor":11},{"not_picked":["Fusion","Capacitor"],"picked":"Electrodynamics","floor":13},{"not_picked":["Rainbow","Creative AI"],"picked":"Fission","floor":16},{"not_picked":["White Noise","Lockon","Redo"],"picked":"Singing Bowl","floor":18},{"not_picked":["Rebound","Sweeping Beam","Cold Snap"],"picked":"Singing Bowl","floor":19},{"not_picked":["Doom and Gloom","Sunder"],"picked":"Chaos+1","floor":22}],"player_experience":5147574,"relics_obtained":[{"floor":9,"key":"Orichalcum"},{"floor":13,"key":"Singing Bowl"}],"event_choices":[{"cards_removed":["Strike_B"],"damage_healed":0,"gold_gain":0,"player_choice":"Card Removal","damage_taken":0,"max_hp_gain":0,"max_hp_loss":0,"event_name":"The Cleric","floor":10,"gold_loss":75},{"damage_healed":0,"gold_gain":0,"player_choice":"Success","damage_taken":11,"relics_obtained":["Smiling Mask"],"max_hp_gain":0,"max_hp_loss":0,"event_name":"Scrap Ooze","floor":14,"gold_loss":0},{"damage_healed":0,"gold_gain":0,"player_choice":"Upgraded","damage_taken":0,"max_hp_gain":0,"max_hp_loss":0,"event_name":"Upgrade Shrine","floor":20,"gold_loss":0,"cards_upgraded":["Fission"]}],"is_beta":false,"boss_relics":[{"not_picked":["Orrery","Busted Crown"],"picked":"Coffee Dripper"}],"items_purged_floors":[21],"is_endless":false,"potions_floor_spawned":[1,5,13,16,19],"killed_by":"Cultist and Chosen","ascension_level":20}