{"gold_per_floor":[131,143,155,179,207,219,264,276,313,345,357,380,418,441,453,544,556,578,590,621,48,48],"floor_reached":22,"playtime":2565,"items_purged":["Strike_G"],"score":343,"play_id":"b7f5d1b7-3763-4a33-a911-92a7aa40e24f","local_time":"20190303232510","is_ascension_mode":true,"campfire_choices":[{"floor":6.0,"key":"REST"},{"data":"Neutralize","floor":8.0,"key":"SMITH"},{"data":"Crippling Poison","floor":11.0,"key":"SMITH"},{"floor":15,"key":"REST"}],"neow_cost":"NONE","seed_source_timestamp":338869816531161,"circlet_count":0,"master_deck":["AscendersBane","Defend_G","Defend_G","Defend_G","Defend_G","Defend_G+1","Strike_G","Strike_G","Strike_G","Strike_G","Survivor+1","Neutralize+1","Bouncing Flask","Leg Sweep","Crippling Poison+1","Backflip","Backflip","Footwork","Caltrops","Venomology","Well Laid Plans","Well Laid Plans","Panache+1","Tools of the Trade+1","Heel Hook","Cloak And Dagger"],"special_seed":0,"relics":["Ring of the Serpent","MawBank","Dream Catcher","Smiling Mask","Blue Candle","Meat on the Bone","Membership Card","Frozen Egg 2"],"potions_floor_usage":[16,20,22,22],"damage_taken":[{"damage":6.0,"enemies":"Small Slimes","floor":1.0,"turns":5.0},{"damage":5.0,"enemies":"Jaw Worm","floor":4.0,"turns":4.0},{"damage":2.0,"enemies":"Cultist","floor":5.0,"turns":4.0},{"damage":14.0,"enemies":"3 Sentries","floor":7.0,"turns":10.0},{"damage":0.0,"enemies":"2 Fungi Beasts","floor":10.0,"turns":6.0},{"damage":6.0,"enemies":"Gremlin Gang","floor":12.0,"turns":3.0},{"damage":12.0,"enemies":"Lagavulin","floor":13.0,"turns":9.0},{"damage":0,"enemies":"Blue Slaver","floor":14,"turns":6},{"damage":6,"enemies":"The Guardian","floor":16,"turns":13},{"damage":20,"enemies":"Chosen","floor":18,"turns":12},{"damage":0,"enemies":"Shell Parasite","floor":20,"turns":7},{"damage":30,"enemies":"Cultist and Chosen","floor":22,"turns":6}],"seed_played":"5786800872022372761","potions_obtained":[{"floor":1.0,"key":"LiquidBronze"},{"floor":5.0,"key":"GamblersBrew"},{"floor":7.0,"key":"Strength Potion"},{"floor":12.0,"key":"PowerPotion"},{"floor":13.0,"key":"PowerPotion"}],"is_trial":false,"path_per_floor":["M","?","?","M","M","R","E","R","T","M","R","M","E","M","R","B",null,"M","?","M","$","M"],"character_chosen":"THE_SILENT","items_purchased":["Membership Card","Frozen Egg 2","Panache+1","Tools of the Trade+1","Heel Hook","Cloak And Dagger"],"campfire_rested":2,"item_purchase_floors":[21,21,21,21,21,21],"current_hp_per_floor":[53,33,33,28,26,45,31,31,31,31,31,25,13,13,32,26,56,36,36,36,36,6],"gold":48,"neow_bonus":"RANDOM_COMMON_RELIC","is_prod":false,"is_daily":false,"chose_seed":false,"campfire_upgraded":2,"win_rate":0,"timestamp":1551623110,"path_taken":["M","?","?","M","M","R","E","R","T","M","R","?","E","M","R","BOSS","M","?","M","$","?"],"build_version":"2019-02-06","purchased_purges":1,"victory":false,"max_hp_per_floor":[66,66,66,66,66,66,66,66,66,66,66,66,66,66,66,66,66,66,66,66,66,66],"card_choices":[{"not_picked":["Bane","Slice"],"picked":"Bouncing Flask","floor":1.0},{"not_picked":["Prepared","PiercingWail"],"picked":"Crippling Poison","floor":4.0},{"not_picked":["Quick Slash","Accuracy"],"picked":"Backflip","floor":5.0},{"not_picked":["Sucker Punch","Riddle With Holes"],"picked":"Backflip","floor":7.0},{"not_picked":["Finisher","Prepared"],"picked":"Outmaneuver","floor":10.0},{"not_picked":["Blur","Poisoned Stab"],"picked":"Footwork","floor":12.0},{"not_picked":["Flying Knee","Deadly Poison","Choke"],"picked":"SKIP","floor":13.0},{"not_picked":["Flying Knee","Backflip","Finisher"],"picked":"SKIP","floor":14},{"not_picked":["Dagger Throw","Bane"],"picked":"Caltrops","floor":15},{"not_picked":["Die Die Die","Grand Finale"],"picked":"Venomology","floor":16},{"not_picked":["Quick Slash","Poisoned Stab"],"picked":"Well Laid Plans","floor":18},{"not_picked":["Dagger Throw","PiercingWail"],"picked":"Well Laid Plans","floor":20}],"player_experience":2633592,"relics_obtained":[{"floor":7.0,"key":"Dream Catcher"},{"floor":9.0,"key":"Smiling Mask"},{"floor":13.0,"key":"Blue Candle"}],"event_choices":[{"damage_healed":0.0,"max_hp_gain":0.0,"max_hp_loss":0.0,"gold_gain":0.0,"event_name":"Shining Light","player_choice":"Entered Light","floor":2.0,"gold_loss":0.0,"damage_taken":20.0,"cards_upgraded":["Survivor","Defend_G"]},{"damage_healed":0.0,"max_hp_gain":0.0,"max_hp_loss":0.0,"gold_gain":0.0,"event_name":"Match and Keep!","player_choice":"1 cards matched","floor":3.0,"gold_loss":0.0,"damage_taken":0.0,"cards_obtained":["Leg Sweep"]},{"cards_removed":["Outmaneuver"],"damage_healed":0,"gold_gain":0,"player_choice":"Gave Card","damage_taken":0,"relics_obtained":["Meat on the Bone"],"max_hp_gain":0,"max_hp_loss":0,"event_name":"WeMeetAgain","floor":19,"gold_loss":0}],"is_beta":true,"boss_relics":[{"not_picked":["Velvet Choker","Fusion Hammer"],"picked":"Ring of the Serpent"}],"items_purged_floors":[21],"is_endless":false,"potions_floor_spawned":[1,5,7,12,13,18,20],"killed_by":"Cultist and Chosen","ascension_level":15}