{"gold_per_floor":[116,116,126,201,219,219,234,334,334,334,361,361,375,392,392,464,464,479,208,223,223,223,223,254,254,328,348,375,375,391,407,407,407],"floor_reached":33,"playtime":2057,"items_purged":["Strike_G"],"score":577,"play_id":"9fdc9ecf-2f77-4e1e-90a8-5148f9c28818","local_time":"20190515085300","is_ascension_mode":true,"campfire_choices":[{"floor":6.0,"key":"REST"},{"floor":10.0,"key":"REST"},{"data":"Blade Dance","floor":12.0,"key":"SMITH"},{"floor":15.0,"key":"REST"},{"data":"Ghostly","floor":23.0,"key":"SMITH"},{"data":"Ghostly","floor":25,"key":"SMITH"},{"data":"Ghostly","floor":29,"key":"SMITH"},{"data":"Well Laid Plans","floor":32,"key":"SMITH"}],"neow_cost":"TEN_PERCENT_HP_LOSS","seed_source_timestamp":1611414341410412,"circlet_count":0,"master_deck":["AscendersBane","Defend_G","Defend_G","Defend_G","Defend_G","Defend_G","Strike_G","Strike_G","Strike_G","Strike_G","Survivor","Neutralize","After Image","Skewer","Blade Dance+1","Blur","Backstab","Dagger Spray","Cloak And Dagger","A Thousand Cuts","Burst","PiercingWail+1","Apotheosis+1","Well Laid Plans+1","Ghostly+1","Ghostly+1","Ghostly+1","Cloak And Dagger"],"special_seed":0,"relics":["Ring of the Snake","Turnip","Mango","WristBlade","Unceasing Top","Mercury Hourglass","Happy Flower"],"potions_floor_usage":[27,30],"damage_taken":[{"damage":2.0,"enemies":"Small Slimes","floor":1.0,"turns":4.0},{"damage":0.0,"enemies":"Jaw Worm","floor":3.0,"turns":5.0},{"damage":2.0,"enemies":"Cultist","floor":5.0,"turns":3.0},{"damage":25.0,"enemies":"Gremlin Gang","floor":7.0,"turns":7.0},{"damage":21.0,"enemies":"Lagavulin","floor":11.0,"turns":6.0},{"damage":4.0,"enemies":"Blue Slaver","floor":13.0,"turns":4.0},{"damage":20.0,"enemies":"Large Slime","floor":14.0,"turns":12.0},{"damage":27.0,"enemies":"Slime Boss","floor":16.0,"turns":13.0},{"damage":4.0,"enemies":"Shell Parasite","floor":18.0,"turns":8.0},{"damage":17.0,"enemies":"Chosen","floor":20.0,"turns":6.0},{"damage":0,"enemies":"Gremlin Leader","floor":24,"turns":11},{"damage":10,"enemies":"Snecko","floor":27,"turns":6},{"damage":2,"enemies":"Slavers","floor":28,"turns":7},{"damage":2,"enemies":"3 Cultists","floor":30,"turns":4},{"damage":5,"enemies":"Shelled Parasite and Fungi","floor":31,"turns":6},{"damage":18,"enemies":"Champ","floor":33,"turns":16}],"seed_played":"-8435768686607637742","potions_obtained":[{"floor":1.0,"key":"SteroidPotion"},{"floor":14.0,"key":"Weak Potion"},{"floor":18.0,"key":"SpeedPotion"},{"floor":20.0,"key":"Ancient Potion"},{"floor":30,"key":"Ancient Potion"}],"is_trial":false,"path_per_floor":["M","?","M","?","M","R","M","?","T","R","E","R","M","M","R","B",null,"M","$","M","?","?","R","E","R","T","M","E","R","M","M","R","B"],"character_chosen":"THE_SILENT","items_purchased":["Apotheosis"],"campfire_rested":3,"item_purchase_floors":[19],"current_hp_per_floor":[57,46,46,35,33,51,26,26,26,44,37,37,33,13,35,8,58,54,54,37,37,37,37,37,37,37,27,25,25,23,18,18,0],"gold":407,"neow_bonus":"THREE_RARE_CARDS","is_prod":false,"is_daily":false,"chose_seed":false,"campfire_upgraded":5,"win_rate":0,"timestamp":1557877980,"path_taken":["M","?","M","?","M","R","?","?","T","R","E","R","?","?","R","BOSS","M","$","M","?","?","R","E","R","T","M","E","R","M","?","R","BOSS"],"build_version":"2019-05-07","purchased_purges":1,"victory":false,"max_hp_per_floor":[60,60,60,60,60,60,60,60,60,60,74,74,74,74,74,74,74,74,74,74,37,37,37,37,37,37,37,37,37,37,37,37,37],"card_choices":[{"not_picked":["Malaise","Storm of Steel"],"picked":"After Image","floor":0.0},{"not_picked":["Choke","Outmaneuver"],"picked":"Skewer","floor":1.0},{"not_picked":["PiercingWail","Crippling Poison"],"picked":"Blade Dance","floor":3.0},{"not_picked":["Bane","Poisoned Stab"],"picked":"Blur","floor":5.0},{"not_picked":["Slice","PiercingWail"],"picked":"Backstab","floor":7.0},{"not_picked":["All Out Attack","Bouncing Flask"],"picked":"Dagger Spray","floor":11.0},{"not_picked":["Setup","Dagger Throw"],"picked":"Cloak And Dagger","floor":13.0},{"not_picked":["Underhanded Strike","Distraction"],"picked":"A Thousand Cuts","floor":14.0},{"not_picked":["Doppelganger","Glass Knife"],"picked":"Burst","floor":16.0},{"not_picked":["Caltrops","Bane"],"picked":"PiercingWail+1","floor":18.0},{"not_picked":["PiercingWail","Underhanded Strike"],"picked":"Well Laid Plans","floor":20.0},{"not_picked":["Poisoned Stab","Riddle With Holes+1","Deadly Poison"],"picked":"SKIP","floor":24},{"not_picked":["Terror","All Out Attack"],"picked":"Cloak And Dagger","floor":27},{"not_picked":["Deadly Poison","Prepared","Crippling Poison"],"picked":"SKIP","floor":28},{"not_picked":["Reflex","Outmaneuver","Blade Dance"],"picked":"SKIP","floor":30},{"not_picked":["Eviscerate","Prepared","Blade Dance"],"picked":"SKIP","floor":31}],"player_experience":3241327,"relics_obtained":[{"floor":11.0,"key":"Mango"},{"floor":24,"key":"Unceasing Top"},{"floor":26,"key":"Mercury Hourglass"},{"floor":28,"key":"Happy Flower"}],"event_choices":[{"damage_healed":0.0,"max_hp_gain":0.0,"max_hp_loss":0.0,"gold_gain":0.0,"event_name":"Scrap Ooze","player_choice":"Success","floor":2.0,"gold_loss":0.0,"damage_taken":11.0,"relics_obtained":["Turnip"]},{"damage_healed":0.0,"max_hp_gain":0.0,"max_hp_loss":0.0,"gold_gain":75.0,"event_name":"World of Goop","player_choice":"Gather Gold","floor":4.0,"gold_loss":0.0,"damage_taken":11.0},{"damage_healed":0.0,"max_hp_gain":0.0,"max_hp_loss":0.0,"gold_gain":100.0,"event_name":"Wheel of Change","player_choice":"Gold","floor":8.0,"gold_loss":0.0,"damage_taken":0.0},{"damage_healed":0.0,"max_hp_gain":0.0,"max_hp_loss":37.0,"gold_gain":0.0,"event_name":"Ghosts","player_choice":"Became a Ghost","floor":21.0,"gold_loss":0.0,"damage_taken":0.0,"cards_obtained":["Ghostly","Ghostly","Ghostly"]},{"damage_healed":0.0,"max_hp_gain":0.0,"max_hp_loss":0.0,"gold_gain":0.0,"event_name":"Upgrade Shrine","player_choice":"Upgraded","floor":22.0,"gold_loss":0.0,"damage_taken":0.0,"cards_upgraded":["Apotheosis"]}],"is_beta":true,"boss_relics":[{"not_picked":["Busted Crown","Astrolabe"],"picked":"WristBlade"}],"items_purged_floors":[19],"is_endless":false,"potions_floor_spawned":[1,14,18,20,30],"killed_by":"Champ","ascension_level":17}