{"gold_per_floor":[119,119,119,119,119,152,152,183,207,226,226,242,283,297,297,423,423,437,460,460,267,285,285,285,285,311,61,94,94,46,65,65,188,188,206,206,136,152,0,0,24,24,24,43,43],"floor_reached":45,"playtime":2419,"items_purged":[],"score":774,"play_id":"ad09da44-19e3-4ea6-af1c-b9e95d1faa45","local_time":"20190131221133","is_ascension_mode":true,"campfire_choices":[{"data":"Perfected Strike","floor":7.0,"key":"SMITH"},{"data":"Shockwave","floor":11.0,"key":"SMITH"},{"data":"Armaments","floor":15.0,"key":"SMITH"},{"data":"Perfected Strike","floor":23.0,"key":"SMITH"},{"floor":25.0,"key":"REST"},{"floor":29.0,"key":"REST"},{"floor":32.0,"key":"REST"},{"data":"True Grit","floor":40.0,"key":"SMITH"},{"floor":42,"key":"REST"}],"neow_cost":"NONE","seed_source_timestamp":1838813130727025,"circlet_count":0,"master_deck":["AscendersBane","Strike_R+1","Strike_R","Strike_R+1","Strike_R","Defend_R","Defend_R","Defend_R","Bash","Flex","Perfected Strike+1","Battle Trance","Shockwave+1","Warcry","Perfected Strike+1","Wild Strike","Armaments+1","Impervious","Sword Boomerang+1","Second Wind+1","Pummel+1","Offering","Inflame","True Grit+1","Twin Strike+1","Wild Strike"],"special_seed":0,"relics":["Burning Blood","NeowsBlessing","Golden Idol","Juzu Bracelet","Whetstone","Anchor","Mummified Hand","Runic Cube","TheAbacus","Kunai","Pen Nib","Pear","Bronze Scales","Philosopher\u0027s Stone","Centennial Puzzle"],"potions_floor_usage":[],"damage_taken":[{"damage":0.0,"enemies":"Small Slimes","floor":1.0,"turns":1.0},{"damage":0.0,"enemies":"3 Sentries","floor":6.0,"turns":2.0},{"damage":0.0,"enemies":"Lagavulin","floor":8.0,"turns":1.0},{"damage":0.0,"enemies":"2 Louse","floor":10.0,"turns":2.0},{"damage":0.0,"enemies":"Jaw Worm","floor":12.0,"turns":2.0},{"damage":7.0,"enemies":"Gremlin Nob","floor":13.0,"turns":3.0},{"damage":6.0,"enemies":"Exordium Thugs","floor":14.0,"turns":4.0},{"damage":37.0,"enemies":"The Guardian","floor":16.0,"turns":10.0},{"damage":23.0,"enemies":"Shell Parasite","floor":18.0,"turns":5.0},{"damage":2.0,"enemies":"3 Byrds","floor":19.0,"turns":4.0},{"damage":34.0,"enemies":"Cultist and Chosen","floor":22.0,"turns":7.0},{"damage":48.0,"enemies":"Slavers","floor":28.0,"turns":7.0},{"damage":22.0,"enemies":"Centurion and Healer","floor":31.0,"turns":6.0},{"damage":62.0,"enemies":"Collector","floor":33.0,"turns":9.0},{"damage":21.0,"enemies":"3 Darklings","floor":35.0,"turns":3.0},{"damage":17.0,"enemies":"Orb Walker","floor":38.0,"turns":2.0},{"damage":37,"enemies":"Spire Growth","floor":41,"turns":4},{"damage":25,"enemies":"4 Shapes","floor":44,"turns":5},{"damage":35,"enemies":"Sphere and 2 Shapes","floor":45,"turns":3}],"seed_played":"8149097264927681902","potions_obtained":[{"floor":6.0,"key":"GamblersBrew"},{"floor":8.0,"key":"LiquidBronze"},{"floor":10.0,"key":"SpeedPotion"},{"floor":16.0,"key":"Explosive Potion"},{"floor":19.0,"key":"Weak Potion"},{"floor":28.0,"key":"EssenceOfSteel"},{"floor":31.0,"key":"Strength Potion"},{"floor":38.0,"key":"SkillPotion"}],"is_trial":false,"path_per_floor":["M","?","?","?","?","E","R","E","T","M","R","M","E","M","R","B",null,"M","M","?","$","M","R","T","R","T","$","E","R","$","M","R","B",null,"M","?","$","M","$","R","M","R","T","M","M"],"character_chosen":"IRONCLAD","items_purchased":["TheAbacus","Pear","Explosive Potion","Inflame","True Grit","PowerPotion","SkillPotion"],"campfire_rested":4,"item_purchase_floors":[21,27,30,37,39,39,39],"current_hp_per_floor":[78,83,83,76,55,61,61,67,67,73,73,79,78,78,78,47,76,59,63,63,63,35,35,35,60,60,70,28,56,56,40,68,12,74,59,59,59,48,48,48,17,45,45,26,0],"gold":43,"neow_bonus":"THREE_ENEMY_KILL","is_prod":false,"is_daily":false,"chose_seed":false,"campfire_upgraded":5,"win_rate":0,"timestamp":1548940293,"path_taken":["M","?","?","?","?","E","R","E","T","M","R","M","E","M","R","BOSS","M","M","?","$","M","R","?","R","T","$","E","R","$","M","R","BOSS","M","?","$","M","$","R","M","R","T","M","M"],"build_version":"2019-01-23","purchased_purges":0,"victory":false,"max_hp_per_floor":[80,85,85,85,85,85,85,85,85,85,85,85,85,85,85,85,85,85,85,85,85,85,85,85,85,85,95,95,95,95,95,95,95,95,95,95,95,95,95,95,95,95,95,95,95],"card_choices":[{"not_picked":["Body Slam","Cleave"],"picked":"Flex","floor":1.0},{"not_picked":["True Grit","Flex"],"picked":"Battle Trance","floor":6.0},{"not_picked":["Headbutt","Sentinel"],"picked":"Shockwave","floor":8.0},{"not_picked":["Heavy Blade","Dropkick"],"picked":"Warcry","floor":10.0},{"not_picked":["Armaments","Pummel"],"picked":"Perfected Strike","floor":12.0},{"not_picked":["Sentinel","Entrench"],"picked":"Wild Strike","floor":13.0},{"not_picked":["Intimidate","Hemokinesis"],"picked":"Armaments","floor":14.0},{"not_picked":["Exhume","Bludgeon"],"picked":"Impervious","floor":16.0},{"not_picked":["Sentinel","Havoc","Anger+1"],"picked":"SKIP","floor":18.0},{"not_picked":["Reckless Charge+1","Cleave+1"],"picked":"Sword Boomerang+1","floor":19.0},{"not_picked":["Sword Boomerang+1","Body Slam","Armaments+1"],"picked":"SKIP","floor":22.0},{"not_picked":["Intimidate","Flame Barrier"],"picked":"Second Wind+1","floor":28.0},{"not_picked":["Metallicize","Sever Soul"],"picked":"Pummel+1","floor":31.0},{"not_picked":["Barricade","Fiend Fire"],"picked":"Offering","floor":33.0},{"not_picked":["Armaments","Combust+1","Hemokinesis"],"picked":"SKIP","floor":35.0},{"not_picked":["Thunderclap+1","Blood for Blood","Twin Strike"],"picked":"SKIP","floor":38.0},{"not_picked":["Headbutt+1","True Grit"],"picked":"Twin Strike+1","floor":41},{"not_picked":["Havoc+1","Body Slam+1"],"picked":"Wild Strike","floor":44}],"player_experience":472401,"relics_obtained":[{"floor":6.0,"key":"Juzu Bracelet"},{"floor":8.0,"key":"Whetstone"},{"floor":9.0,"key":"Anchor"},{"floor":13.0,"key":"Mummified Hand"},{"floor":24.0,"key":"Kunai"},{"floor":26.0,"key":"Pen Nib"},{"floor":28.0,"key":"Bronze Scales"},{"floor":43,"key":"Centennial Puzzle"}],"event_choices":[{"damage_healed":0.0,"max_hp_gain":5.0,"max_hp_loss":0.0,"gold_gain":0.0,"event_name":"Big Fish","player_choice":"Donut","floor":2.0,"gold_loss":0.0,"damage_taken":0.0},{"damage_healed":0.0,"max_hp_gain":0.0,"max_hp_loss":0.0,"gold_gain":0.0,"cards_transformed":["Strike_R"],"event_name":"Living Wall","player_choice":"Change","floor":3.0,"gold_loss":0.0,"damage_taken":0.0,"cards_obtained":["Perfected Strike"]},{"cards_removed":["Defend_R"],"damage_healed":0.0,"max_hp_gain":0.0,"max_hp_loss":0.0,"gold_gain":0.0,"event_name":"Golden Wing","player_choice":"Card Removal","floor":4.0,"gold_loss":0.0,"damage_taken":7.0},{"damage_healed":0.0,"max_hp_gain":0.0,"max_hp_loss":0.0,"gold_gain":0.0,"event_name":"Golden Idol","player_choice":"Take Damage","floor":5.0,"gold_loss":0.0,"damage_taken":21.0,"relics_obtained":["Golden Idol"]},{"damage_healed":0.0,"max_hp_gain":0.0,"max_hp_loss":0.0,"gold_gain":0.0,"event_name":"Cursed Tome","player_choice":"Ignored","floor":20.0,"gold_loss":0.0,"damage_taken":0.0},{"damage_healed":0.0,"max_hp_gain":0.0,"max_hp_loss":0.0,"gold_gain":0.0,"event_name":"Tomb of Lord Red Mask","player_choice":"Ignored","floor":36.0,"gold_loss":0.0,"damage_taken":0.0}],"is_beta":false,"boss_relics":[{"not_picked":["Astrolabe","Empty Cage"],"picked":"Runic Cube"},{"not_picked":["Coffee Dripper","White Beast Statue"],"picked":"Philosopher\u0027s Stone"}],"items_purged_floors":[],"is_endless":false,"potions_floor_spawned":[6,8,10,13,16,19,28,31,38],"killed_by":"Sphere and 2 Shapes","ascension_level":10}