{"gold_per_floor":[10,25,41,41,116,144,156,170,215,17,44,44,55,68,68,146,146,104,124,141,141],"floor_reached":21,"playtime":1213,"items_purged":[],"score":370,"play_id":"bb0536e6-3ab0-48d9-86be-ff347781f344","local_time":"20190313212447","is_ascension_mode":true,"campfire_choices":[{"data":"Defragment","floor":12,"key":"SMITH"},{"data":"White Noise","floor":15,"key":"SMITH"}],"neow_cost":"NO_GOLD","seed_source_timestamp":905826988680160,"circlet_count":0,"master_deck":["AscendersBane","Defend_B","Defend_B","Defend_B","Zap","Dualcast","Glacier","Defragment+1","Sunder","Cold Snap","White Noise+1","Machine Learning","Conserve Battery","Conserve Battery","Leap","Barrage","Meteor Strike","Meteor Strike+1","Hello World+1","Force Field+1","Turbo+1","Recycle","Blizzard"],"relics":["Cracked Core","Blue Candle","Darkstone Periapt","MawBank","Lee\u0027s Waffle","Pen Nib","Astrolabe"],"potions_floor_usage":[6,18,21,21],"damage_taken":[{"damage":4,"enemies":"2 Louse","floor":1,"turns":3},{"damage":0,"enemies":"Small Slimes","floor":2,"turns":3},{"damage":5,"enemies":"Jaw Worm","floor":3,"turns":4},{"damage":26,"enemies":"Gremlin Nob","floor":6,"turns":5},{"damage":0,"enemies":"Blue Slaver","floor":7,"turns":6},{"damage":1,"enemies":"2 Fungi Beasts","floor":8,"turns":6},{"damage":4,"enemies":"Looter","floor":13,"turns":4},{"damage":10,"enemies":"Gremlin Gang","floor":14,"turns":6},{"damage":22,"enemies":"Slime Boss","floor":16,"turns":12},{"damage":19,"enemies":"2 Thieves","floor":18,"turns":5},{"damage":0,"enemies":"Spheric Guardian","floor":19,"turns":3},{"damage":3,"enemies":"Centurion and Healer","floor":20,"turns":6},{"damage":52,"enemies":"Masked Bandits","floor":21,"turns":6}],"seed_played":"-6651489076916362674","potions_obtained":[{"floor":2,"key":"Dexterity Potion"},{"floor":3,"key":"Poison Potion"},{"floor":6,"key":"GamblersBrew"},{"floor":18,"key":"SpeedPotion"},{"floor":20,"key":"FocusPotion"}],"is_trial":false,"path_per_floor":["M","M","M","?","?","E","M","M","T","$","T","R","M","M","R","B",null,"M","M","M","?"],"character_chosen":"DEFECT","items_purchased":["Lee\u0027s Waffle"],"campfire_rested":0,"item_purchase_floors":[10],"current_hp_per_floor":[60,60,55,44,33,7,7,6,6,78,78,78,74,64,64,42,69,50,50,47,0],"gold":141,"neow_bonus":"TRANSFORM_TWO_CARDS","is_prod":false,"is_daily":false,"chose_seed":false,"campfire_upgraded":2,"win_rate":0,"timestamp":1552479887,"path_taken":["M","M","M","?","?","E","M","M","T","?","?","R","M","M","R","BOSS","M","M","M","?"],"build_version":"2019-01-23","purchased_purges":0,"victory":false,"max_hp_per_floor":[71,71,71,71,71,71,71,71,71,78,78,78,78,78,78,78,78,78,78,78,78],"card_choices":[{"not_picked":["Gash","Hello World"],"picked":"Sunder","floor":1},{"not_picked":["Doom and Gloom","Double Energy"],"picked":"Cold Snap","floor":2},{"not_picked":["Hologram","Gash"],"picked":"White Noise","floor":3},{"not_picked":["Go for the Eyes","Loop"],"picked":"Machine Learning","floor":6},{"not_picked":["Blizzard","Force Field"],"picked":"Conserve Battery","floor":7},{"not_picked":["Turbo","Hologram"],"picked":"Conserve Battery","floor":8},{"not_picked":["Gash","Sunder"],"picked":"Leap","floor":13},{"not_picked":["Hologram","Machine Learning"],"picked":"Barrage","floor":14},{"not_picked":["Rainbow","Machine Learning"],"picked":"Meteor Strike","floor":16},{"not_picked":["Streamline+1","Recycle"],"picked":"Turbo+1","floor":18},{"not_picked":["Reinforced Body","Heatsinks+1"],"picked":"Recycle","floor":19},{"not_picked":["Leap","Reprogram+1"],"picked":"Blizzard","floor":20}],"player_experience":745423,"relics_obtained":[{"floor":6,"key":"Darkstone Periapt"},{"floor":9,"key":"MawBank"},{"floor":11,"key":"Pen Nib"}],"event_choices":[{"damage_healed":0,"gold_gain":0,"player_choice":"Success","damage_taken":11,"relics_obtained":["Blue Candle"],"max_hp_gain":0,"max_hp_loss":0,"event_name":"Scrap Ooze","floor":4,"gold_loss":0},{"damage_healed":0,"gold_gain":75,"player_choice":"Gather Gold","damage_taken":11,"max_hp_gain":0,"max_hp_loss":0,"event_name":"World of Goop","floor":5,"gold_loss":0},{"damage_healed":0,"gold_gain":0,"player_choice":"Fought Bandits","damage_taken":0,"max_hp_gain":0,"max_hp_loss":0,"event_name":"Masked Bandits","floor":21,"gold_loss":0}],"is_beta":false,"boss_relics":[{"not_picked":["Black Star","Ectoplasm"],"picked":"Astrolabe"}],"items_purged_floors":[],"is_endless":false,"potions_floor_spawned":[2,3,6,16,18,19,20],"killed_by":"Masked Bandits","ascension_level":20}