{"gold_per_floor":[115,129,16,34,34,34,49,49,49,49,65,79,79,89,89,162,162,173,138,69,69,69,69],"floor_reached":23,"playtime":862,"items_purged":["Strike_R"],"score":311,"play_id":"eee72a58-33d8-44fe-8e2e-a9d64ab427ba","local_time":"20190209131229","is_ascension_mode":true,"campfire_choices":[{"data":"Metallicize","floor":6,"key":"SMITH"},{"data":"Uppercut","floor":8,"key":"SMITH"},{"data":"Inflame","floor":15,"key":"SMITH"}],"neow_cost":"TEN_PERCENT_HP_LOSS","seed_source_timestamp":2586006114002909,"circlet_count":0,"master_deck":["AscendersBane","Strike_R","Strike_R","Strike_R","Strike_R","Defend_R","Defend_R+1","Defend_R","Defend_R","Bash","Anger+1","Clash","Metallicize+1","Inflame+1","Uppercut+1","Rupture+1","Flex","Limit Break","Inflame+1","Armaments+1","True Grit+1","Warcry"],"relics":["Burning Blood","Thread and Needle","Frozen Egg 2","Mark of Pain"],"potions_floor_usage":[16,19,23],"damage_taken":[{"damage":1,"enemies":"Cultist","floor":1,"turns":4},{"damage":1,"enemies":"Small Slimes","floor":2,"turns":3},{"damage":0,"enemies":"2 Louse","floor":4,"turns":3},{"damage":0,"enemies":"2 Fungi Beasts","floor":7,"turns":4},{"damage":0,"enemies":"Red Slaver","floor":11,"turns":4},{"damage":2,"enemies":"Looter","floor":12,"turns":3},{"damage":9,"enemies":"Large Slime","floor":14,"turns":6},{"damage":32,"enemies":"The Guardian","floor":16,"turns":9},{"damage":13,"enemies":"Shell Parasite","floor":18,"turns":5},{"damage":27,"enemies":"2 Thieves","floor":19,"turns":5},{"damage":41,"enemies":"Slavers","floor":23,"turns":3}],"seed_played":"3330110069198890293","potions_obtained":[{"floor":2,"key":"Explosive Potion"},{"floor":11,"key":"Block Potion"},{"floor":18,"key":"Strength Potion"}],"is_trial":false,"path_per_floor":["M","M","$","M","$","R","M","R","T","?","M","M","?","M","R","B",null,"M","M","$","?","?","E"],"character_chosen":"IRONCLAD","items_purchased":["Metallicize","True Grit","Warcry"],"campfire_rested":0,"item_purchase_floors":[3,20,20],"current_hp_per_floor":[68,68,68,68,68,68,68,68,68,54,60,64,69,66,66,40,65,58,37,37,37,37,0],"gold":69,"neow_bonus":"ONE_RARE_RELIC","is_prod":false,"is_daily":false,"chose_seed":false,"campfire_upgraded":3,"win_rate":0,"timestamp":1549685549,"path_taken":["M","M","$","M","?","R","?","R","T","?","M","M","?","M","R","BOSS","M","M","$","?","?","E"],"build_version":"2019-01-23","purchased_purges":1,"victory":false,"max_hp_per_floor":[68,68,68,68,68,68,68,68,68,68,68,68,73,73,73,73,73,73,73,73,73,73,73],"card_choices":[{"not_picked":["Warcry","Flex"],"picked":"Anger","floor":1},{"not_picked":["Iron Wave","Havoc"],"picked":"Clash","floor":2},{"not_picked":["Second Wind","Sentinel"],"picked":"Inflame","floor":4},{"not_picked":["Ghostly Armor","Combust"],"picked":"Uppercut","floor":7},{"not_picked":["Clash","Searing Blow"],"picked":"Rupture+1","floor":11},{"not_picked":["Wild Strike","Anger"],"picked":"Flex","floor":12},{"not_picked":["Thunderclap","Flex","Pommel Strike"],"picked":"SKIP","floor":14},{"not_picked":["Exhume","Double Tap"],"picked":"Limit Break","floor":16},{"not_picked":["Twin Strike+1","Anger"],"picked":"Inflame+1","floor":18},{"not_picked":["Rupture+1","Havoc"],"picked":"Armaments+1","floor":19}],"player_experience":593440,"relics_obtained":[{"floor":9,"key":"Frozen Egg 2"}],"event_choices":[{"damage_healed":0,"gold_gain":0,"player_choice":"Entered Light","damage_taken":14,"max_hp_gain":0,"max_hp_loss":0,"event_name":"Shining Light","floor":10,"gold_loss":0,"cards_upgraded":["Defend_R","Anger"]},{"damage_healed":0,"gold_gain":0,"player_choice":"Donut","damage_taken":0,"max_hp_gain":5,"max_hp_loss":0,"event_name":"Big Fish","floor":13,"gold_loss":0},{"damage_healed":0,"gold_gain":0,"player_choice":"Ignored","damage_taken":0,"max_hp_gain":0,"max_hp_loss":0,"event_name":"Beggar","floor":21,"gold_loss":0},{"damage_healed":0,"gold_gain":0,"player_choice":"Upgraded","damage_taken":0,"max_hp_gain":0,"max_hp_loss":0,"event_name":"Upgrade Shrine","floor":22,"gold_loss":0,"cards_upgraded":["True Grit"]}],"is_beta":false,"boss_relics":[{"not_picked":["Ectoplasm","Runic Cube"],"picked":"Mark of Pain"}],"items_purged_floors":[3],"is_endless":false,"potions_floor_spawned":[2,11,12,14,18],"killed_by":"Slavers","ascension_level":14}