{"gold_per_floor":[113,113,132,132,132,132,148,183,183,207,207,220,232,245,245,321,321,332,345,5,15,33,33,50,83,113,113,113,113,124,149,149,226,276,290,108,119,119,169,197,216,248,248,267,52,79,79,93,93,93,93,93,93,38,38],"floor_reached":55,"playtime":1958,"items_purged":["Strike_B"],"score":2348,"play_id":"62fdbb03-2467-404d-a271-2227088e4444","local_time":"20190528020720","is_ascension_mode":true,"campfire_choices":[{"floor":6.0,"key":"REST"},{"floor":11.0,"key":"REST"},{"floor":15.0,"key":"REST"},{"floor":23.0,"key":"REST"},{"data":"Storm","floor":27.0,"key":"SMITH"},{"data":"Heatsinks","floor":29.0,"key":"SMITH"},{"floor":32.0,"key":"RECALL"},{"data":"Creative AI","floor":47.0,"key":"SMITH"},{"data":"Buffer","floor":49.0,"key":"SMITH"},{"data":"Panacea","floor":53.0,"key":"SMITH"}],"neow_cost":"PERCENT_DAMAGE","seed_source_timestamp":101034123167100,"circlet_count":0,"master_deck":["AscendersBane","Defend_B","Defend_B+1","Defend_B+1","Zap","Dualcast","Electrodynamics+1","Sweeping Beam","Rebound","Core Surge","Coolheaded","Go for the Eyes","Echo Form","Conserve Battery","Biased Cognition","Go for the Eyes+1","Storm+1","Leap+1","Coolheaded","Hologram+1","Heatsinks+1","BootSequence","Storm+1","Skim","Chill","Ghostly","Ghostly","Ghostly","Creative AI+1","Turbo","Bandage Up","Glacier","Panacea+1","Secret Technique","Reprogram+1","BootSequence+1","Buffer+1","Ghostly","Amplify"],"special_seed":0,"relics":["Cracked Core","Mercury Hourglass","Matryoshka","PreservedInsect","Art of War","Odd Mushroom","Astrolabe","Mummified Hand","Ancient Tea Set","Dead Branch","Tiny Chest","Bag of Marbles","Tiny House","Centennial Puzzle","Orichalcum","DollysMirror","Omamori"],"potions_floor_usage":[55],"damage_taken":[{"damage":4.0,"enemies":"Jaw Worm","floor":1.0,"turns":4.0},{"damage":3.0,"enemies":"2 Louse","floor":3.0,"turns":3.0},{"damage":0.0,"enemies":"Cultist","floor":7.0,"turns":2.0},{"damage":0.0,"enemies":"3 Sentries","floor":8.0,"turns":3.0},{"damage":11.0,"enemies":"The Mushroom Lair","floor":10.0,"turns":3.0},{"damage":6.0,"enemies":"Looter","floor":12.0,"turns":2.0},{"damage":5.0,"enemies":"Gremlin Gang","floor":13.0,"turns":3.0},{"damage":12.0,"enemies":"Exordium Wildlife","floor":14.0,"turns":4.0},{"damage":0.0,"enemies":"The Guardian","floor":16.0,"turns":13.0},{"damage":14.0,"enemies":"2 Thieves","floor":18.0,"turns":3.0},{"damage":3.0,"enemies":"Spheric Guardian","floor":19.0,"turns":4.0},{"damage":7.0,"enemies":"Centurion and Healer","floor":21.0,"turns":3.0},{"damage":9.0,"enemies":"Snake Plant","floor":22.0,"turns":2.0},{"damage":0.0,"enemies":"Snecko","floor":24.0,"turns":3.0},{"damage":4.0,"enemies":"Book of Stabbing","floor":25.0,"turns":2.0},{"damage":0.0,"enemies":"3 Cultists","floor":30.0,"turns":4.0},{"damage":0.0,"enemies":"Slavers","floor":31.0,"turns":2.0},{"damage":0.0,"enemies":"Champ","floor":33.0,"turns":9.0},{"damage":0.0,"enemies":"3 Darklings","floor":35.0,"turns":3.0},{"damage":2.0,"enemies":"3 Shapes","floor":37.0,"turns":2.0},{"damage":0.0,"enemies":"Reptomancer","floor":40.0,"turns":3.0},{"damage":0.0,"enemies":"Maw","floor":41.0,"turns":6.0},{"damage":4.0,"enemies":"Nemesis","floor":42.0,"turns":3.0},{"damage":0.0,"enemies":"Transient","floor":44.0,"turns":6.0},{"damage":0.0,"enemies":"Giant Head","floor":46.0,"turns":7.0},{"damage":7.0,"enemies":"4 Shapes","floor":48.0,"turns":3.0},{"damage":1.0,"enemies":"Time Eater","floor":50.0,"turns":7.0},{"damage":34.0,"enemies":"Awakened One","floor":51.0,"turns":8.0},{"damage":23,"enemies":"Shield and Spear","floor":55,"turns":2}],"seed_played":"-8251160575647968585","potions_obtained":[{"floor":3.0,"key":"Block Potion"},{"floor":7.0,"key":"Swift Potion"},{"floor":10.0,"key":"Swift Potion"},{"floor":12.0,"key":"Energy Potion"},{"floor":16.0,"key":"PowerPotion"},{"floor":18.0,"key":"Energy Potion"},{"floor":25.0,"key":"SkillPotion"},{"floor":33.0,"key":"SteroidPotion"},{"floor":34.0,"key":"Regen Potion"},{"floor":35.0,"key":"Weak Potion"},{"floor":41.0,"key":"Dexterity Potion"},{"floor":48.0,"key":"Swift Potion"}],"is_trial":false,"path_per_floor":["M","?","M","?","?","R","M","E","T","?","R","M","M","M","R","B",null,"M","M","$","M","M","R","M","E","T","R","?","R","M","E","R","B",null,"M","$","M","?","?","E","M","E","T","M","$","E","R","M","R","B","B",null,"R","$","E"],"character_chosen":"DEFECT","items_purchased":["Mummified Hand","Heatsinks","Bandage Up","DollysMirror","SteroidPotion"],"campfire_rested":4,"item_purchase_floors":[20,20,36,45,54],"current_hp_per_floor":[42,42,39,18,7,28,28,28,28,17,38,32,27,15,36,36,62,48,45,45,38,29,50,50,46,46,46,35,35,35,35,35,35,40,40,40,40,30,30,30,40,36,36,40,40,40,40,40,40,40,6,32,32,32,9],"gold":38,"neow_bonus":"THREE_RARE_CARDS","is_prod":false,"is_daily":false,"chose_seed":false,"campfire_upgraded":5,"win_rate":0,"timestamp":1558976840,"path_taken":["M","?","M","?","?","R","M","E","T","?","R","M","M","M","R","BOSS","M","M","$","M","M","R","M","E","T","R","?","R","M","E","R","BOSS","M","$","M","?","?","E","?","E","T","M","$","E","R","M","R","BOSS","BOSS","R","$","E"],"build_version":"2019-01-23","purchased_purges":1,"victory":false,"max_hp_per_floor":[71,71,71,71,71,71,71,71,71,71,71,71,71,71,71,71,71,71,71,71,71,71,71,71,71,71,71,35,35,35,35,35,35,40,40,40,40,40,40,40,40,40,40,40,40,40,40,40,40,40,40,40,40,40,40],"card_choices":[{"not_picked":["Creative AI","Echo Form"],"picked":"Electrodynamics","floor":0.0},{"not_picked":["Hologram","Darkness"],"picked":"Sweeping Beam","floor":1.0},{"not_picked":["Chaos","Darkness"],"picked":"Rebound","floor":3.0},{"not_picked":["Aggregate","Hologram"],"picked":"Core Surge","floor":7.0},{"not_picked":["Sweeping Beam","Loop"],"picked":"Coolheaded","floor":8.0},{"not_picked":["Rebound","Streamline"],"picked":"Go for the Eyes","floor":10.0},{"not_picked":["Turbo","Streamline","Beam Cell"],"picked":"SKIP","floor":12.0},{"not_picked":["Stack","Heatsinks"],"picked":"Echo Form","floor":13.0},{"not_picked":["Leap","Rebound"],"picked":"Conserve Battery","floor":14.0},{"not_picked":["Echo Form","Rainbow"],"picked":"Biased Cognition","floor":16.0},{"not_picked":["Steam Power","Beam Cell+1"],"picked":"Coolheaded","floor":18.0},{"not_picked":["Undo","Leap"],"picked":"Hologram+1","floor":19.0},{"not_picked":["Steam","Gash+1"],"picked":"BootSequence","floor":21.0},{"not_picked":["Chill","Sweeping Beam+1"],"picked":"Storm","floor":22.0},{"not_picked":["Barrage","Aggregate"],"picked":"Skim","floor":24.0},{"not_picked":["Beam Cell","Tempest"],"picked":"Chill","floor":25.0},{"not_picked":["Barrage","Auto Shields","Consume"],"picked":"SKIP","floor":30.0},{"not_picked":["Melter","Stack","Streamline"],"picked":"SKIP","floor":31.0},{"not_picked":["Rainbow","Amplify"],"picked":"Creative AI","floor":33.0},{"not_picked":["Coolheaded","Rebound+1"],"picked":"Turbo","floor":35.0},{"not_picked":["Turbo","Cold Snap+1"],"picked":"Glacier","floor":37.0},{"not_picked":["Forethought","Mayhem"],"picked":"Panacea","floor":38.0},{"not_picked":["Panache","PanicButton"],"picked":"Secret Technique","floor":38.0},{"not_picked":["Darkness","Gash"],"picked":"Reprogram+1","floor":40.0},{"not_picked":["Hologram","Skim"],"picked":"BootSequence+1","floor":41.0},{"not_picked":["Amplify","Steam Power+1"],"picked":"Buffer","floor":42.0},{"not_picked":["Conserve Battery","Leap+1","Turbo"],"picked":"SKIP","floor":44.0},{"not_picked":["Rebound","Go for the Eyes"],"picked":"Amplify","floor":46.0},{"not_picked":["Go for the Eyes","Genetic Algorithm","Coolheaded"],"picked":"SKIP","floor":48.0}],"player_experience":5176795,"relics_obtained":[{"floor":8.0,"key":"Matryoshka"},{"floor":9.0,"key":"PreservedInsect"},{"floor":9.0,"key":"Art of War"},{"floor":10.0,"key":"Odd Mushroom"},{"floor":25.0,"key":"Ancient Tea Set"},{"floor":26.0,"key":"Dead Branch"},{"floor":26.0,"key":"Tiny Chest"},{"floor":31.0,"key":"Bag of Marbles"},{"floor":40.0,"key":"Centennial Puzzle"},{"floor":42.0,"key":"Orichalcum"},{"floor":46.0,"key":"Omamori"}],"event_choices":[{"cards_removed":["Strike_B"],"damage_healed":0.0,"max_hp_gain":0.0,"max_hp_loss":0.0,"gold_gain":0.0,"event_name":"Living Wall","player_choice":"Forget","floor":2.0,"gold_loss":0.0,"damage_taken":0.0},{"damage_healed":0.0,"max_hp_gain":0.0,"max_hp_loss":0.0,"gold_gain":0.0,"event_name":"Shining Light","player_choice":"Entered Light","floor":4.0,"gold_loss":0.0,"damage_taken":21.0,"cards_upgraded":["Electrodynamics","Defend_B"]},{"damage_healed":0.0,"max_hp_gain":0.0,"max_hp_loss":0.0,"gold_gain":0.0,"event_name":"Scrap Ooze","player_choice":"Success","floor":5.0,"gold_loss":0.0,"damage_taken":11.0,"relics_obtained":["Mercury Hourglass"]},{"damage_healed":0.0,"max_hp_gain":0.0,"max_hp_loss":0.0,"gold_gain":0.0,"event_name":"Mushrooms","player_choice":"Fought Mushrooms","floor":10.0,"gold_loss":0.0,"damage_taken":0.0},{"damage_healed":0.0,"max_hp_gain":0.0,"max_hp_loss":36.0,"gold_gain":0.0,"event_name":"Ghosts","player_choice":"Became a Ghost","floor":28.0,"gold_loss":0.0,"damage_taken":0.0,"cards_obtained":["Ghostly","Ghostly","Ghostly"]},{"damage_healed":0.0,"max_hp_gain":0.0,"max_hp_loss":0.0,"gold_gain":0.0,"event_name":"SensoryStone","player_choice":"Memory 3","floor":38.0,"gold_loss":0.0,"damage_taken":10.0},{"damage_healed":0.0,"max_hp_gain":0.0,"max_hp_loss":0.0,"gold_gain":50.0,"event_name":"Golden Shrine","player_choice":"Pray","floor":39.0,"gold_loss":0.0,"damage_taken":0.0}],"is_beta":false,"boss_relics":[{"not_picked":["Empty Cage","Lizard Tail"],"picked":"Astrolabe"},{"not_picked":["Inserter","Nuclear Battery"],"picked":"Tiny House"}],"items_purged_floors":[36],"is_endless":false,"potions_floor_spawned":[3,7,10,12,16,18,25,33,35,41,48],"killed_by":"Shield and Spear","ascension_level":20}