{"gold_per_floor":[116,116,31,44,44,44,62,62,138,157,157,192,192,267,267,267],"floor_reached":16,"playtime":437,"items_purged":[],"score":181,"play_id":"fa297629-0f3e-4117-b5d6-86e444cde49c","local_time":"20190503054707","is_ascension_mode":true,"campfire_choices":[{"data":"Immolate","floor":6,"key":"SMITH"},{"data":"Corruption","floor":8,"key":"SMITH"},{"data":"Clothesline","floor":11,"key":"SMITH"},{"data":"Bash","floor":13,"key":"SMITH"},{"floor":15,"key":"REST"}],"neow_cost":"NONE","seed_source_timestamp":565194931417328,"circlet_count":0,"master_deck":["AscendersBane","Strike_R+1","Strike_R","Strike_R+1","Strike_R","Defend_R","Defend_R","Defend_R","Defend_R","Bash+1","Shrug It Off","Immolate+1","Corruption+1","Clothesline+1"],"relics":["Burning Blood","Pantograph"],"potions_floor_usage":[12,16],"damage_taken":[{"damage":17,"enemies":"Small Slimes","floor":1,"turns":6},{"damage":0,"enemies":"2 Louse","floor":4,"turns":2},{"damage":2,"enemies":"Jaw Worm","floor":7,"turns":3},{"damage":0,"enemies":"3 Louse","floor":10,"turns":1},{"damage":20,"enemies":"Lagavulin","floor":12,"turns":6},{"damage":73,"enemies":"The Guardian","floor":16,"turns":13}],"seed_played":"-1516423937660225144","potions_obtained":[{"floor":4,"key":"PowerPotion"},{"floor":10,"key":"Strength Potion"}],"is_trial":false,"path_per_floor":["M","?","$","M","?","R","M","R","T","M","R","E","R","?","R","B"],"character_chosen":"IRONCLAD","items_purchased":["Immolate"],"campfire_rested":1,"item_purchase_floors":[3],"current_hp_per_floor":[64,57,57,63,38,38,42,42,42,48,48,34,34,23,47,0],"gold":267,"neow_bonus":"TEN_PERCENT_HP_BONUS","is_prod":false,"is_daily":false,"chose_seed":false,"campfire_upgraded":4,"win_rate":0,"timestamp":1556830027,"path_taken":["M","?","$","M","?","R","M","R","T","M","R","E","R","?","R","BOSS"],"build_version":"2019-04-23","purchased_purges":0,"victory":false,"max_hp_per_floor":[82,82,82,82,82,82,82,82,82,82,82,82,82,82,82,82],"card_choices":[{"not_picked":["Cleave","Warcry"],"picked":"Shrug It Off","floor":1},{"not_picked":["Warcry","Reckless Charge","Second Wind"],"picked":"SKIP","floor":4},{"not_picked":["Sentinel","Second Wind"],"picked":"Corruption","floor":7},{"not_picked":["Perfected Strike","Clash"],"picked":"Clothesline","floor":10},{"not_picked":["Anger","Blood for Blood","Second Wind"],"picked":"SKIP","floor":12}],"player_experience":3148366,"relics_obtained":[{"floor":12,"key":"Pantograph"}],"event_choices":[{"cards_removed":["Strike_R"],"damage_healed":0,"gold_gain":0,"player_choice":"Card Removal","damage_taken":7,"max_hp_gain":0,"max_hp_loss":0,"event_name":"Golden Wing","floor":2,"gold_loss":0},{"damage_healed":0,"gold_gain":0,"player_choice":"Entered Light","damage_taken":25,"max_hp_gain":0,"max_hp_loss":0,"event_name":"Shining Light","floor":5,"gold_loss":0,"cards_upgraded":["Strike_R","Strike_R"]},{"damage_healed":0,"gold_gain":75,"player_choice":"Gather Gold","damage_taken":11,"max_hp_gain":0,"max_hp_loss":0,"event_name":"World of Goop","floor":14,"gold_loss":0}],"is_beta":true,"boss_relics":[],"items_purged_floors":[],"is_endless":false,"potions_floor_spawned":[4,10],"killed_by":"The Guardian","ascension_level":17}