{"gold_per_floor":[115,115,40,40,40,40,81,81,81,117,133,146,184,14,14,14],"floor_reached":16,"playtime":609,"items_purged":["Strike_G"],"score":315,"play_id":"28c465dc-597b-40ef-9016-1ea97707fa56","local_time":"20190524171457","is_ascension_mode":true,"campfire_choices":[{"data":"Neutralize","floor":6.0,"key":"SMITH"},{"data":"Slice","floor":8.0,"key":"SMITH"},{"data":"Noxious Fumes","floor":15,"key":"SMITH"}],"neow_cost":"NONE","seed_source_timestamp":465076072913729,"circlet_count":0,"master_deck":["AscendersBane","Strike_G","Strike_G","Defend_G","Defend_G","Defend_G","Defend_G","Defend_G","Survivor","Neutralize+1","Quick Slash","Slice+1","Wraith Form v2","Heel Hook","Backflip","Terror","Noxious Fumes+1","Backstab"],"special_seed":0,"relics":["Ring of the Snake","NeowsBlessing","Golden Idol","Anchor","Torii","Smiling Mask","Singing Bowl"],"potions_floor_usage":[13],"damage_taken":[{"damage":0.0,"enemies":"Jaw Worm","floor":1.0,"turns":1.0},{"damage":0.0,"enemies":"Lagavulin","floor":7.0,"turns":1.0},{"damage":0,"enemies":"Gremlin Nob","floor":10,"turns":1},{"damage":0,"enemies":"2 Louse","floor":11,"turns":2},{"damage":1,"enemies":"Small Slimes","floor":12,"turns":3},{"damage":10,"enemies":"Lagavulin","floor":13,"turns":10},{"damage":35,"enemies":"Slime Boss","floor":16,"turns":8}],"seed_played":"-3416595413331081131","potions_obtained":[{"floor":1.0,"key":"FearPotion"}],"is_trial":false,"path_per_floor":["M","?","?","?","$","R","E","R","T","E","M","M","E","$","R","B"],"character_chosen":"THE_SILENT","items_purchased":["Noxious Fumes","Backstab"],"campfire_rested":0,"item_purchase_floors":[14,14],"current_hp_per_floor":[59,52,52,52,52,52,52,52,52,52,52,51,41,41,41,6],"gold":14,"neow_bonus":"THREE_ENEMY_KILL","is_prod":false,"is_daily":false,"chose_seed":false,"campfire_upgraded":3,"win_rate":0,"timestamp":1558685697,"path_taken":["M","?","?","?","?","R","E","R","T","E","M","M","E","$","R","BOSS"],"build_version":"2019-05-23","purchased_purges":1,"victory":false,"max_hp_per_floor":[66,66,66,60,60,60,60,60,60,60,60,60,60,60,60,60],"card_choices":[{"not_picked":["Setup","Blade Dance"],"picked":"Quick Slash","floor":1.0},{"not_picked":["Deflect","Expertise"],"picked":"Slice","floor":7.0},{"not_picked":["Sucker Punch","Reflex"],"picked":"Wraith Form v2","floor":10},{"not_picked":["Poisoned Stab","Skewer"],"picked":"Heel Hook","floor":11},{"not_picked":["Poisoned Stab","Prepared"],"picked":"Backflip","floor":12},{"not_picked":["Concentrate","Prepared"],"picked":"Terror","floor":13}],"player_experience":3330547,"relics_obtained":[{"floor":7.0,"key":"Anchor"},{"floor":9,"key":"Torii"},{"floor":10,"key":"Smiling Mask"},{"floor":13,"key":"Singing Bowl"}],"event_choices":[{"cards_removed":["Strike_G"],"damage_healed":0.0,"max_hp_gain":0.0,"max_hp_loss":0.0,"gold_gain":0.0,"event_name":"Golden Wing","player_choice":"Card Removal","floor":2.0,"gold_loss":0.0,"damage_taken":7.0},{"cards_removed":["Strike_G"],"damage_healed":0.0,"max_hp_gain":0.0,"max_hp_loss":0.0,"gold_gain":0.0,"event_name":"The Cleric","player_choice":"Card Removal","floor":3.0,"gold_loss":75.0,"damage_taken":0.0},{"damage_healed":0.0,"max_hp_gain":0.0,"max_hp_loss":6.0,"gold_gain":0.0,"event_name":"Golden Idol","player_choice":"Lose Max HP","floor":4.0,"gold_loss":0.0,"damage_taken":0.0,"relics_obtained":["Golden Idol"]}],"is_beta":true,"boss_relics":[],"items_purged_floors":[14],"is_endless":false,"potions_floor_spawned":[1],"killed_by":"Slime Boss","ascension_level":18}