{"gold_per_floor":[17,35,55,67,67,67,98,98,178,178,217,217,258,258,258,357,357,357,357,357,357,115,115,115,15,15,15,15,15,15,15,15,15,15,15,15,15,15,15,15,15,15,15,15,15,15,15,0,0,0,0],"floor_reached":51,"playtime":1653,"items_purged":["Strike_B","Strike_B"],"score":1386,"play_id":"31d06c1f-6191-4498-856b-b274da60ea73","local_time":"20190525112217","is_ascension_mode":true,"campfire_choices":[{"data":"Darkness","floor":6.0,"key":"SMITH"},{"data":"Static Discharge","floor":10.0,"key":"SMITH"},{"floor":12.0,"key":"REST"},{"floor":15.0,"key":"REST"},{"data":"Defragment","floor":23.0,"key":"SMITH"},{"floor":29.0,"key":"REST"},{"floor":32.0,"key":"REST"},{"floor":41.0,"key":"REST"},{"floor":49,"key":"REST"}],"neow_cost":"NO_GOLD","seed_source_timestamp":213561756849100,"circlet_count":0,"master_deck":["AscendersBane","Strike_B","Defend_B","Defend_B","Defend_B","Zap","Dualcast","Darkness+1","Auto Shields","Static Discharge+1","Genetic Algorithm+1","Cold Snap+1","Genetic Algorithm","FTL","Sunder","Genetic Algorithm","Electrodynamics","Defragment+1","Defragment","Multi-Cast","Turbo","Double Energy","Defragment","Buffer","Storm+1","Capacitor","Dark Shackles","Echo Form","Leap+1"],"special_seed":0,"relics":["Cracked Core","Letter Opener","Golden Idol","Tiny Chest","Art of War","Pocketwatch","Ectoplasm","PreservedInsect","Matryoshka","Potion Belt","Omamori","Thread and Needle","White Beast Statue","DataDisk","Juzu Bracelet","Boot","Red Mask"],"potions_floor_usage":[46,46,50],"damage_taken":[{"damage":2.0,"enemies":"Jaw Worm","floor":1.0,"turns":4.0},{"damage":8.0,"enemies":"Small Slimes","floor":2.0,"turns":3.0},{"damage":0.0,"enemies":"2 Louse","floor":3.0,"turns":3.0},{"damage":5.0,"enemies":"Looter","floor":4.0,"turns":4.0},{"damage":10.0,"enemies":"3 Sentries","floor":7.0,"turns":9.0},{"damage":49.0,"enemies":"Gremlin Nob","floor":11.0,"turns":5.0},{"damage":5.0,"enemies":"Lagavulin","floor":13.0,"turns":6.0},{"damage":7.0,"enemies":"The Guardian","floor":16.0,"turns":10.0},{"damage":4.0,"enemies":"Spheric Guardian","floor":18.0,"turns":4.0},{"damage":5.0,"enemies":"Chosen","floor":21.0,"turns":5.0},{"damage":20.0,"enemies":"Snake Plant","floor":24.0,"turns":2.0},{"damage":14.0,"enemies":"Cultist and Chosen","floor":28.0,"turns":4.0},{"damage":12.0,"enemies":"Shelled Parasite and Fungi","floor":30.0,"turns":5.0},{"damage":17.0,"enemies":"Book of Stabbing","floor":31.0,"turns":3.0},{"damage":6.0,"enemies":"Champ","floor":33.0,"turns":7.0},{"damage":22.0,"enemies":"3 Darklings","floor":35.0,"turns":5.0},{"damage":0.0,"enemies":"Orb Walker","floor":36.0,"turns":4.0},{"damage":31.0,"enemies":"Giant Head","floor":42.0,"turns":8.0},{"damage":0.0,"enemies":"Maw","floor":44.0,"turns":6.0},{"damage":2.0,"enemies":"Writhing Mass","floor":45.0,"turns":4.0},{"damage":19,"enemies":"Reptomancer","floor":46,"turns":5},{"damage":0,"enemies":"Jaw Worm Horde","floor":47,"turns":4},{"damage":19,"enemies":"Time Eater","floor":50,"turns":8},{"damage":14,"enemies":"Donu and Deca","floor":51,"turns":1}],"seed_played":"8174659952784672794","potions_obtained":[{"floor":2.0,"key":"SkillPotion"},{"floor":4.0,"key":"Fruit Juice"},{"floor":13.0,"key":"SpeedPotion"},{"floor":16.0,"key":"LiquidBronze"},{"floor":30.0,"key":"SteroidPotion"},{"floor":31.0,"key":"Regen Potion"},{"floor":33.0,"key":"SkillPotion"},{"floor":35.0,"key":"SneckoOil"},{"floor":36.0,"key":"LiquidBronze"},{"floor":42.0,"key":"EssenceOfSteel"},{"floor":46,"key":"SmokeBomb"},{"floor":47,"key":"Weak Potion"}],"is_trial":false,"path_per_floor":["M","M","M","M","?","R","E","?","T","R","E","R","E","?","R","B",null,"M","?","T","M","$","R","M","$","T","T","M","R","M","E","R","B",null,"M","M","$","?","?","?","R","E","T","M","M","E","M","?","R","B","B"],"character_chosen":"DEFECT","items_purchased":["Multi-Cast"],"campfire_rested":6,"item_purchase_floors":[22],"current_hp_per_floor":[62,54,54,54,76,76,66,66,66,66,17,37,32,11,31,24,58,54,54,54,49,49,49,29,29,29,29,15,35,23,6,26,35,61,39,39,39,39,39,39,59,28,28,28,26,7,7,7,27,8,0],"gold":0,"neow_bonus":"TRANSFORM_TWO_CARDS","is_prod":false,"is_daily":false,"chose_seed":false,"campfire_upgraded":3,"win_rate":0,"timestamp":1558750937,"path_taken":["M","M","M","M","?","R","E","?","T","R","E","R","E","?","R","BOSS","M","?","?","M","$","R","M","$","T","?","M","R","?","E","R","BOSS","M","M","$","?","?","?","R","E","T","M","M","E","M","?","R","BOSS","BOSS"],"build_version":"2019-01-23","purchased_purges":2,"victory":false,"max_hp_per_floor":[71,71,71,76,76,76,76,69,69,69,69,69,69,69,69,69,69,69,69,69,69,69,69,69,69,69,69,69,69,69,69,69,69,69,69,69,69,69,69,69,69,69,69,69,69,69,69,69,69,69,69],"card_choices":[{"not_picked":["Conserve Battery","Storm"],"picked":"Static Discharge","floor":1.0},{"not_picked":["Redo","Conserve Battery"],"picked":"Genetic Algorithm","floor":2.0},{"not_picked":["Chaos","Stack"],"picked":"Cold Snap","floor":3.0},{"not_picked":["Fusion","Turbo"],"picked":"Genetic Algorithm","floor":4.0},{"not_picked":["Chill","Sweeping Beam"],"picked":"FTL","floor":7.0},{"not_picked":["Force Field","Skim"],"picked":"Sunder","floor":11.0},{"not_picked":["Leap","Glacier"],"picked":"Genetic Algorithm","floor":13.0},{"not_picked":["All For One","Multi-Cast"],"picked":"Electrodynamics","floor":16.0},{"not_picked":["Hologram","Scrape"],"picked":"Defragment","floor":18.0},{"not_picked":["Compile Driver","Barrage+1","Streamline+1"],"picked":"SKIP","floor":21.0},{"not_picked":["Stack","Cold Snap"],"picked":"Turbo","floor":24.0},{"not_picked":["Rebound","Stack"],"picked":"Double Energy","floor":28.0},{"not_picked":["Leap","Barrage","Stack"],"picked":"SKIP","floor":30.0},{"not_picked":["Electrodynamics","Darkness"],"picked":"Defragment","floor":31.0},{"not_picked":["Thunder Strike","Electrodynamics"],"picked":"Buffer","floor":33.0},{"not_picked":["Coolheaded+1","Redo"],"picked":"Storm+1","floor":35.0},{"not_picked":["Beam Cell+1","Streamline"],"picked":"Capacitor","floor":36.0},{"not_picked":["Impatience","Trip"],"picked":"Dark Shackles","floor":38.0},{"not_picked":["Ball Lightning+1","Rebound","Steam"],"picked":"SKIP","floor":42.0},{"not_picked":["Barrage","Conserve Battery","Ball Lightning"],"picked":"SKIP","floor":44.0},{"not_picked":["Fusion","Melter","Streamline"],"picked":"SKIP","floor":45.0},{"not_picked":["Static Discharge","Sweeping Beam"],"picked":"Echo Form","floor":46},{"not_picked":["BootSequence","Blizzard"],"picked":"Leap+1","floor":47}],"player_experience":5149376,"relics_obtained":[{"floor":7.0,"key":"Letter Opener"},{"floor":9.0,"key":"Tiny Chest"},{"floor":11.0,"key":"Art of War"},{"floor":13.0,"key":"Pocketwatch"},{"floor":20.0,"key":"PreservedInsect"},{"floor":26.0,"key":"Matryoshka"},{"floor":27.0,"key":"Potion Belt"},{"floor":27.0,"key":"Omamori"},{"floor":31.0,"key":"Thread and Needle"},{"floor":42.0,"key":"DataDisk"},{"floor":43.0,"key":"Juzu Bracelet"},{"floor":46,"key":"Boot"}],"event_choices":[{"damage_healed":25.0,"max_hp_gain":0.0,"max_hp_loss":0.0,"gold_gain":0.0,"event_name":"Big Fish","player_choice":"Banana","floor":5.0,"gold_loss":0.0,"damage_taken":0.0},{"damage_healed":0.0,"max_hp_gain":0.0,"max_hp_loss":7.0,"gold_gain":0.0,"event_name":"Golden Idol","player_choice":"Lose Max HP","floor":8.0,"gold_loss":0.0,"damage_taken":0.0,"relics_obtained":["Golden Idol"]},{"damage_healed":0.0,"max_hp_gain":0.0,"max_hp_loss":0.0,"gold_gain":0.0,"event_name":"Shining Light","player_choice":"Entered Light","floor":14.0,"gold_loss":0.0,"damage_taken":21.0,"cards_upgraded":["Cold Snap","Genetic Algorithm"]},{"damage_healed":0.0,"max_hp_gain":0.0,"max_hp_loss":0.0,"gold_gain":0.0,"event_name":"The Library","player_choice":"Read","floor":19.0,"gold_loss":0.0,"damage_taken":0.0,"cards_obtained":["Defragment"]},{"damage_healed":0.0,"max_hp_gain":0.0,"max_hp_loss":0.0,"gold_gain":0.0,"event_name":"SensoryStone","player_choice":"Memory 1","floor":38.0,"gold_loss":0.0,"damage_taken":0.0},{"damage_healed":0.0,"max_hp_gain":0.0,"max_hp_loss":0.0,"gold_gain":0.0,"event_name":"Mysterious Sphere","player_choice":"Ignored","floor":39.0,"gold_loss":0.0,"damage_taken":0.0},{"damage_healed":0.0,"max_hp_gain":0.0,"max_hp_loss":0.0,"gold_gain":0.0,"event_name":"Match and Keep!","player_choice":"1 cards matched","floor":40.0,"gold_loss":0.0,"damage_taken":0.0,"cards_obtained":["Clumsy"]},{"damage_healed":0,"gold_gain":0,"player_choice":"Paid","damage_taken":0,"relics_obtained":["Red Mask"],"max_hp_gain":0,"max_hp_loss":0,"event_name":"Tomb of Lord Red Mask","floor":48,"gold_loss":15}],"is_beta":false,"boss_relics":[{"not_picked":["Calling Bell","Cursed Key"],"picked":"Ectoplasm"},{"not_picked":["Orrery","Fusion Hammer"],"picked":"White Beast Statue"}],"items_purged_floors":[22,25],"is_endless":false,"potions_floor_spawned":[2,4,13,16,24,30,31,33,35,36,42,44,45,46,47],"killed_by":"Donu and Deca","ascension_level":20}