{"gold_per_floor":[109,123,198,26,46,46,72,72,72,72,83,93,93],"floor_reached":13,"playtime":421,"items_purged":[],"score":157,"play_id":"4deedb34-e399-4ff4-b1d7-088d144112e0","local_time":"20190415135635","is_ascension_mode":true,"campfire_choices":[{"data":"Zap","floor":6,"key":"SMITH"},{"data":"Self Repair","floor":8,"key":"SMITH"}],"neow_cost":"NONE","seed_source_timestamp":252261627614167,"circlet_count":0,"master_deck":["AscendersBane","Strike_B","Strike_B","Strike_B","Defend_B","Defend_B","Defend_B","Defend_B","Zap+1","Dualcast","White Noise","Streamline","Self Repair+1","Recycle+1","Darkness+1","Conserve Battery+1"],"relics":["Cracked Core","NeowsBlessing","PreservedInsect","Toxic Egg 2","Pantograph"],"potions_floor_usage":[13],"damage_taken":[{"damage":0,"enemies":"Cultist","floor":1,"turns":1},{"damage":0,"enemies":"Small Slimes","floor":2,"turns":1},{"damage":0,"enemies":"2 Louse","floor":5,"turns":1},{"damage":18,"enemies":"Gremlin Nob","floor":7,"turns":3},{"damage":28,"enemies":"Lots of Slimes","floor":11,"turns":5},{"damage":16,"enemies":"Looter","floor":12,"turns":4},{"damage":15,"enemies":"Gremlin Gang","floor":13,"turns":2}],"seed_played":"-7721671479447314804","potions_obtained":[{"floor":11,"key":"FocusPotion"}],"is_trial":false,"path_per_floor":["M","M","?","$","M","R","E","R","T","?","M","M","M"],"character_chosen":"DEFECT","items_purchased":["PreservedInsect"],"campfire_rested":0,"item_purchase_floors":[4],"current_hp_per_floor":[64,64,53,53,53,53,35,35,35,35,17,11,0],"gold":93,"neow_bonus":"THREE_ENEMY_KILL","is_prod":false,"is_daily":false,"chose_seed":false,"campfire_upgraded":2,"win_rate":0,"timestamp":1555304195,"path_taken":["M","?","?","$","M","R","E","R","T","?","M","M","M"],"build_version":"2019-04-04","purchased_purges":0,"victory":false,"max_hp_per_floor":[71,71,71,71,71,71,71,71,71,71,71,71,71],"card_choices":[{"not_picked":["Ball Lightning","Hologram"],"picked":"White Noise","floor":1},{"not_picked":["Gash","Compile Driver"],"picked":"Streamline","floor":2},{"not_picked":["Chaos","Stack"],"picked":"Self Repair","floor":5},{"not_picked":["Storm","Double Energy"],"picked":"Recycle","floor":7},{"not_picked":["Redo+1","Steam Power+1"],"picked":"Darkness+1","floor":11},{"not_picked":["Turbo+1","Ball Lightning"],"picked":"Conserve Battery+1","floor":12}],"player_experience":2941128,"relics_obtained":[{"floor":7,"key":"Toxic Egg 2"},{"floor":9,"key":"Pantograph"}],"event_choices":[{"damage_healed":0,"gold_gain":75,"player_choice":"Gather Gold","damage_taken":11,"max_hp_gain":0,"max_hp_loss":0,"event_name":"World of Goop","floor":3,"gold_loss":0},{"cards_removed":["Strike_B"],"damage_healed":0,"gold_gain":0,"player_choice":"Offered Basic","damage_taken":0,"max_hp_gain":0,"max_hp_loss":0,"event_name":"Bonfire Elementals","floor":10,"gold_loss":0}],"is_beta":true,"boss_relics":[],"items_purged_floors":[],"is_endless":false,"potions_floor_spawned":[11],"killed_by":"Gremlin Gang","ascension_level":17}