{"gold_per_floor":[117,117,133,143,155,155,170,189,189,217,217,292,308,61,61,61],"floor_reached":16,"playtime":373,"items_purged":["Strike_B"],"score":208,"play_id":"215f1963-11eb-4b2f-a2d7-d2a186822bb8","local_time":"20190505020643","is_ascension_mode":true,"campfire_choices":[{"data":"Consume","floor":6.0,"key":"SMITH"},{"data":"Darkness","floor":11.0,"key":"SMITH"},{"data":"Hologram","floor":15.0,"key":"SMITH"}],"neow_cost":"NONE","seed_source_timestamp":1206127371787300,"circlet_count":0,"master_deck":["AscendersBane","Strike_B","Defend_B","Defend_B","Defend_B","Defend_B","Zap","Dualcast","Core Surge","Melter","Steam","Darkness+1","Consume+1","Rebound","Hologram+1","Self Repair","Ball Lightning"],"special_seed":0,"relics":["Cracked Core","Torii","DataDisk","PreservedInsect"],"potions_floor_usage":[16,16],"damage_taken":[{"damage":15.0,"enemies":"2 Louse","floor":1.0,"turns":2.0},{"damage":0.0,"enemies":"Cultist","floor":3.0,"turns":2.0},{"damage":0.0,"enemies":"Jaw Worm","floor":4.0,"turns":3.0},{"damage":3.0,"enemies":"3 Louse","floor":5.0,"turns":3.0},{"damage":4.0,"enemies":"Red Slaver","floor":7.0,"turns":3.0},{"damage":7.0,"enemies":"Exordium Wildlife","floor":8.0,"turns":4.0},{"damage":11.0,"enemies":"Gremlin Nob","floor":10.0,"turns":3.0},{"damage":9.0,"enemies":"Exordium Thugs","floor":13.0,"turns":5.0},{"damage":36,"enemies":"The Guardian","floor":16,"turns":2}],"seed_played":"-1360194549008901530","potions_obtained":[{"floor":1.0,"key":"Dexterity Potion"},{"floor":4.0,"key":"SteroidPotion"},{"floor":13.0,"key":"FocusPotion"}],"is_trial":false,"path_per_floor":["M","?","M","M","M","R","M","M","T","E","R","?","M","$","R","B"],"character_chosen":"DEFECT","items_purchased":["PreservedInsect"],"campfire_rested":0,"item_purchase_floors":[14],"current_hp_per_floor":[49,49,49,49,46,46,42,35,35,24,24,13,11,11,11,0],"gold":61,"neow_bonus":"TRANSFORM_CARD","is_prod":false,"is_daily":false,"chose_seed":false,"campfire_upgraded":3,"win_rate":0,"timestamp":1556989603,"path_taken":["M","?","M","M","M","R","M","?","T","E","R","?","M","$","R","BOSS"],"build_version":"2019-01-23","purchased_purges":1,"victory":false,"max_hp_per_floor":[71,71,71,71,71,71,71,71,71,71,71,71,71,71,71,71],"card_choices":[{"not_picked":["Scrape","Heatsinks","Storm"],"picked":"SKIP","floor":1.0},{"not_picked":["Coolheaded","Skim"],"picked":"Steam","floor":3.0},{"not_picked":["Barrage","Fission"],"picked":"Darkness","floor":4.0},{"not_picked":["Gash","Turbo"],"picked":"Consume","floor":5.0},{"not_picked":["Beam Cell","Steam"],"picked":"Rebound","floor":7.0},{"not_picked":["Chaos","Sweeping Beam"],"picked":"Hologram","floor":8.0},{"not_picked":["Beam Cell","Go for the Eyes"],"picked":"Self Repair","floor":10.0},{"not_picked":["Static Discharge","Streamline"],"picked":"Ball Lightning","floor":13.0}],"player_experience":4917111,"relics_obtained":[{"floor":9.0,"key":"Torii"},{"floor":10.0,"key":"DataDisk"}],"event_choices":[{"damage_healed":0.0,"max_hp_gain":0.0,"max_hp_loss":0.0,"gold_gain":0.0,"cards_transformed":["Strike_B"],"event_name":"Transmorgrifier","player_choice":"Transformed","floor":2.0,"gold_loss":0.0,"damage_taken":0.0,"cards_obtained":["Melter"]},{"damage_healed":0.0,"max_hp_gain":0.0,"max_hp_loss":0.0,"gold_gain":75.0,"event_name":"World of Goop","player_choice":"Gather Gold","floor":12.0,"gold_loss":0.0,"damage_taken":11.0}],"is_beta":false,"boss_relics":[],"items_purged_floors":[14],"is_endless":false,"potions_floor_spawned":[1,4,8,13],"killed_by":"The Guardian","ascension_level":20}