{"gold_per_floor":[113,113,263,275,14,14,25,58,81,51,51,76,76,87,87,87],"floor_reached":16,"playtime":1246,"items_purged":[],"score":205,"play_id":"29935e18-e3a5-414c-bb8b-3772d5bc831e","local_time":"20190525165159","is_ascension_mode":true,"campfire_choices":[{"floor":6,"key":"REST"},{"floor":11,"key":"REST"},{"floor":13,"key":"REST"},{"floor":15,"key":"REST"}],"neow_cost":"NONE","seed_source_timestamp":19584064229337,"circlet_count":0,"master_deck":["AscendersBane","Strike_R","Strike_R","Strike_R","Strike_R","Strike_R","Defend_R","Defend_R","Defend_R","Defend_R","Bash","Feel No Pain+1","Doubt","Havoc","Shrug It Off","Uppercut","Battle Trance","Immolate","Shrug It Off","Intimidate","Anger"],"relics":["Burning Blood","Potion Belt","Regal Pillow","Boot","Bag of Preparation","Blue Candle"],"potions_floor_usage":[12],"damage_taken":[{"damage":10,"enemies":"2 Louse","floor":1,"turns":4},{"damage":18,"enemies":"Small Slimes","floor":4,"turns":6},{"damage":9,"enemies":"Jaw Worm","floor":7,"turns":8},{"damage":26,"enemies":"3 Sentries","floor":8,"turns":17},{"damage":60,"enemies":"Lagavulin","floor":12,"turns":9},{"damage":14,"enemies":"Red Slaver","floor":14,"turns":4},{"damage":0,"enemies":"Hexaghost","floor":16,"turns":1}],"seed_played":"6421675835925893044","potions_obtained":[{"floor":1,"key":"Weak Potion"},{"floor":12,"key":"Ancient Potion"},{"floor":14,"key":"Dexterity Potion"}],"is_trial":false,"path_per_floor":["M","?","?","M","$","R","M","E","T","$","R","E","R","M","R","B"],"character_chosen":"IRONCLAD","items_purchased":["Shrug It Off","Uppercut","Regal Pillow","Shrug It Off"],"campfire_rested":4,"item_purchase_floors":[5,5,5,10],"current_hp_per_floor":[64,64,64,52,52,75,72,52,52,52,75,21,58,50,75,75],"gold":87,"neow_bonus":"RANDOM_COMMON_RELIC","is_prod":false,"is_daily":false,"chose_seed":false,"campfire_upgraded":0,"win_rate":0,"timestamp":1558792319,"path_taken":["M","?","?","M","$","R","M","E","T","$","R","E","R","M","R","BOSS"],"build_version":"2019-01-23","purchased_purges":0,"victory":false,"max_hp_per_floor":[75,75,75,75,75,75,75,75,75,75,75,75,75,75,75,75],"card_choices":[{"not_picked":["Reckless Charge","Twin Strike"],"picked":"Feel No Pain","floor":1},{"not_picked":["Wild Strike","Second Wind"],"picked":"Havoc","floor":4},{"not_picked":["Thunderclap","Iron Wave"],"picked":"Battle Trance","floor":7},{"not_picked":["Searing Blow","Cleave"],"picked":"Immolate","floor":8},{"not_picked":["Combust","Rupture"],"picked":"Intimidate","floor":12},{"not_picked":["Iron Wave","Cleave"],"picked":"Anger","floor":14}],"player_experience":1407002,"relics_obtained":[{"floor":8,"key":"Boot"},{"floor":9,"key":"Bag of Preparation"},{"floor":12,"key":"Blue Candle"}],"event_choices":[{"damage_healed":0,"gold_gain":0,"player_choice":"Grow","damage_taken":0,"max_hp_gain":0,"max_hp_loss":0,"event_name":"Living Wall","floor":2,"gold_loss":0,"cards_upgraded":["Feel No Pain"]},{"damage_healed":0,"gold_gain":150,"player_choice":"AGREE","damage_taken":0,"max_hp_gain":0,"max_hp_loss":0,"event_name":"Liars Game","floor":3,"gold_loss":0,"cards_obtained":["Doubt"]}],"is_beta":false,"boss_relics":[],"items_purged_floors":[],"is_endless":false,"potions_floor_spawned":[1,12,14],"killed_by":"Hexaghost","ascension_level":18}