{"path_per_floor":["M","?","M","?","$","R","E","M","T","M","M","R","M","M","R","B",null,"M","M","?","$","M","R","?","M","T","R","$","R","M"],"character_chosen":"THE_SILENT","items_purchased":["Poisoned Stab","Jack Of All Trades"],"gold_per_floor":[111,111,131,131,4,4,44,57,57,81,101,101,119,132,132,263,263,286,309,309,209,224,224,224,249,249,249,17,17,32],"floor_reached":31,"campfire_rested":5,"playtime":3215,"current_hp_per_floor":[70,70,69,69,69,69,41,41,41,29,25,46,46,46,67,55,70,56,42,42,42,22,43,43,21,21,42,42,63,15],"items_purged":["Injury","Choke","Calculated Gamble"],"gold":32,"score":251,"play_id":"feeec8f3-89f7-427c-897d-e1027fa485bb","local_time":"20180314210110","is_prod":false,"is_daily":false,"is_ascension_mode":true,"campfire_upgraded":1,"timestamp":1521054070,"path_taken":["M","?","M","?","$","R","E","?","T","M","M","R","M","M","R","BOSS","M","M","?","$","?","R","?","M","T","R","?","R","M","M"],"build_version":"2018-03-09","purchased_purges":3,"victory":false,"master_deck":["Survivor","Neutralize","Poisoned Stab+1","Well Laid Plans","Poisoned Stab+1","Glass Knife","Catalyst","Deadly Poison","Deflect","Venomology","Crippling Poison","Dagger Throw","Predator","Flying Knee","Sucker Punch","Acrobatics","Prepared","Bouncing Flask","Poisoned Stab+1","Bane+1","Jack Of All Trades"],"max_hp_per_floor":[70,70,70,70,70,70,70,70,70,70,70,70,70,70,70,70,70,70,70,70,70,70,70,70,70,70,70,70,70,70],"relics":["Ring of the Snake","Golden Idol","Bottled Lightning","Kunai","Pandora\u0027s Box","Ginger"],"card_choices":[{"not_picked":["Deadly Poison","Cloak And Dagger"],"picked":"Poisoned Stab"},{"not_picked":["Escape Plan","Underhanded Strike"],"picked":"Well Laid Plans"},{"not_picked":["Distraction","Escape Plan"],"picked":"Glass Knife"},{"not_picked":["Heel Hook","Accuracy"],"picked":"Catalyst"},{"not_picked":["Backflip","Acrobatics"],"picked":"Deadly Poison"},{"not_picked":["Sucker Punch","Leg Sweep"],"picked":"Deflect"},{"not_picked":["Bullet Time","Corpse Explosion"],"picked":"Venomology"},{"not_picked":["Distraction","Predator"],"picked":"Poisoned Stab"},{"not_picked":["Deadly Poison","Footwork"],"picked":"Bane"}],"player_experience":294082,"potions_floor_usage":[11,14,16,19,19,22,30,30,31,31],"damage_taken":[{"damage":0,"enemies":"Small Slimes","floor":1,"turns":3},{"damage":1,"enemies":"Jaw Worm","floor":3,"turns":5},{"damage":28,"enemies":"Gremlin Nob","floor":7,"turns":5},{"damage":0,"enemies":"Cultist","floor":8,"turns":3},{"damage":12,"enemies":"Exordium Wildlife","floor":10,"turns":4},{"damage":4,"enemies":"Exordium Thugs","floor":11,"turns":3},{"damage":0,"enemies":"Looter","floor":13,"turns":3},{"damage":0,"enemies":"3 Louse","floor":14,"turns":2},{"damage":12,"enemies":"The Guardian","floor":16,"turns":9},{"damage":14,"enemies":"Chosen","floor":18,"turns":4},{"damage":14,"enemies":"3 Byrds","floor":19,"turns":5},{"damage":20,"enemies":"Centurion and Healer","floor":22,"turns":5},{"damage":22,"enemies":"Snake Plant","floor":25,"turns":4},{"damage":48,"enemies":"Slaver and Parasite","floor":30,"turns":6},{"damage":18,"enemies":"Sentry and Sphere","floor":31,"turns":3}],"event_choices":[{"event_name":"Golden Idol","player_choice":"Take Wound","floor":2,"damage_taken":0},{"event_name":"Upgrade Shrine","player_choice":"Upgraded","floor":4,"damage_taken":0},{"event_name":"Drug Dealer","player_choice":"Ignored","floor":20,"damage_taken":0},{"event_name":"Vampires","player_choice":"Ignored","floor":24,"damage_taken":0}],"boss_relics":[{"not_picked":["Philosopher\u0027s Stone","Lizard Tail"],"picked":"Pandora\u0027s Box"}],"potions_floor_spawned":[10,11,13,16,19,25],"seed_played":"-4225080771782069049","killed_by":"Sentry and Sphere","ascension_level":1,"is_trial":false}