{"gold_per_floor":[119,132,132,144,158,187,187,198,221,221,255,5,5,16,16,89,89,100,150,164,164,179,211,211,136,183,183,183,196,196,3,3,80,80,96,111,111,125,125,125,159,159,159,159,189,189,207,207],"floor_reached":48,"playtime":3088,"items_purged":[],"score":957,"play_id":"95c6d68a-ff4c-48ea-83c1-49ea4f1e1abd","local_time":"20190519181459","is_ascension_mode":true,"campfire_choices":[{"data":"Dark Embrace","floor":7.0,"key":"SMITH"},{"floor":10.0,"key":"REST"},{"data":"Magnetism","floor":13.0,"key":"SMITH"},{"floor":15.0,"key":"REST"},{"floor":28.0,"key":"REST"},{"floor":30.0,"key":"REST"},{"data":"Discovery","floor":32.0,"key":"SMITH"},{"floor":40,"key":"REST"},{"floor":44,"key":"REST"},{"floor":46,"key":"REST"}],"neow_cost":"NONE","seed_source_timestamp":110195335337680,"circlet_count":0,"master_deck":["AscendersBane","Strike_R","Strike_R+1","Strike_R","Strike_R","Strike_R","Defend_R","Defend_R","Defend_R","Defend_R","Bash","Pommel Strike","Pummel+1","Corruption","Dark Embrace+1","Shockwave","Inflame","Magnetism+1","Battle Trance","Perfected Strike","Exhume","Disarm+1","Bloodletting+1","Metallicize","Magnetism+1","Disarm","Corruption","Flame Barrier","Discovery+1","Disarm","Offering","Pummel+1","Seeing Red","Inflame","Inflame+1","Flex+1","Flash of Steel","Shrug It Off","Shrug It Off","Sentinel"],"special_seed":0,"relics":["Black Blood","NeowsBlessing","Art of War","Dream Catcher","Red Skull","Black Star","Whetstone","Calipers","Regal Pillow","Self Forming Clay","Vajra","Gremlin Horn","Centennial Puzzle","Anchor"],"potions_floor_usage":[38,41,41,47],"damage_taken":[{"damage":0.0,"enemies":"Jaw Worm","floor":1.0,"turns":1.0},{"damage":0.0,"enemies":"Cultist","floor":2.0,"turns":1.0},{"damage":0.0,"enemies":"Small Slimes","floor":4.0,"turns":1.0},{"damage":7.0,"enemies":"2 Fungi Beasts","floor":5.0,"turns":4.0},{"damage":30.0,"enemies":"3 Sentries","floor":6.0,"turns":10.0},{"damage":0.0,"enemies":"3 Louse","floor":8.0,"turns":3.0},{"damage":30.0,"enemies":"Lagavulin","floor":11.0,"turns":6.0},{"damage":21.0,"enemies":"Lots of Slimes","floor":14.0,"turns":4.0},{"damage":13.0,"enemies":"The Guardian","floor":16.0,"turns":8.0},{"damage":22.0,"enemies":"Spheric Guardian","floor":18.0,"turns":4.0},{"damage":30.0,"enemies":"Chosen","floor":20.0,"turns":7.0},{"damage":8.0,"enemies":"Snake Plant","floor":22.0,"turns":3.0},{"damage":30.0,"enemies":"Book of Stabbing","floor":23.0,"turns":8.0},{"damage":21.0,"enemies":"Snecko","floor":29.0,"turns":5.0},{"damage":4.0,"enemies":"Champ","floor":33.0,"turns":12.0},{"damage":23.0,"enemies":"Orb Walker","floor":35.0,"turns":5.0},{"damage":13.0,"enemies":"3 Shapes","floor":36.0,"turns":7.0},{"damage":34,"enemies":"Writhing Mass","floor":38,"turns":6},{"damage":37,"enemies":"Reptomancer","floor":41,"turns":5},{"damage":38,"enemies":"Nemesis","floor":45,"turns":9},{"damage":10,"enemies":"4 Shapes","floor":47,"turns":2},{"damage":114,"enemies":"Transient","floor":48,"turns":4}],"seed_played":"5638427834262292286","potions_obtained":[{"floor":5.0,"key":"Fire Potion"},{"floor":6.0,"key":"Fire Potion"},{"floor":11.0,"key":"FearPotion"},{"floor":16.0,"key":"PowerPotion"},{"floor":20.0,"key":"LiquidBronze"},{"floor":22.0,"key":"BloodPotion"},{"floor":23.0,"key":"Strength Potion"},{"floor":33.0,"key":"AttackPotion"},{"floor":38,"key":"Explosive Potion"},{"floor":45,"key":"SpeedPotion"}],"is_trial":false,"path_per_floor":["M","M","?","M","M","E","R","M","T","R","E","$","R","M","R","B",null,"M","?","M","?","M","E","?","?","T","?","R","M","R","$","R","B",null,"M","M","?","M","?","R","E","?","T","R","E","R","M","M"],"character_chosen":"IRONCLAD","items_purchased":["Magnetism","Battle Trance","Discovery","Disarm"],"campfire_rested":7,"item_purchase_floors":[12,12,31,31],"current_hp_per_floor":[74,75,75,75,74,50,50,56,56,75,51,51,51,36,58,51,69,53,53,29,29,27,10,10,10,10,10,47,32,69,69,69,71,74,61,58,58,34,34,71,44,44,44,75,47,75,75,0],"gold":207,"neow_bonus":"THREE_ENEMY_KILL","is_prod":false,"is_daily":false,"chose_seed":false,"campfire_upgraded":3,"win_rate":0,"timestamp":1558278899,"path_taken":["M","M","?","M","?","E","R","M","T","R","E","$","R","M","R","BOSS","M","?","M","?","M","E","?","?","T","?","R","?","R","?","R","BOSS","M","?","?","M","?","R","E","?","T","R","E","R","M","M"],"build_version":"2019-01-23","purchased_purges":0,"victory":false,"max_hp_per_floor":[75,75,75,75,75,75,75,75,75,75,75,75,75,75,75,75,75,75,75,75,75,75,75,75,75,75,75,75,75,75,75,75,75,75,75,75,75,75,75,75,75,75,75,75,75,75,75,75],"card_choices":[{"not_picked":["Wild Strike","Entrench"],"picked":"Perfected Strike","floor":1.0},{"not_picked":["Anger","Perfected Strike"],"picked":"Pommel Strike","floor":2.0},{"not_picked":["Rampage","True Grit","Clash"],"picked":"SKIP","floor":4.0},{"not_picked":["Spot Weakness","Headbutt"],"picked":"Corruption","floor":5.0},{"not_picked":["Sever Soul","Uppercut"],"picked":"Dark Embrace","floor":6.0},{"not_picked":["Rage","Perfected Strike"],"picked":"Shockwave","floor":8.0},{"not_picked":["Fire Breathing","Rampage"],"picked":"Inflame","floor":11.0},{"not_picked":["Combust","Hemokinesis"],"picked":"Perfected Strike","floor":14.0},{"not_picked":["Impervious","Reaper"],"picked":"Exhume","floor":16.0},{"not_picked":["Thunderclap","True Grit"],"picked":"Disarm+1","floor":18.0},{"not_picked":["Thunderclap","Headbutt","True Grit"],"picked":"SKIP","floor":20.0},{"not_picked":["True Grit","Iron Wave"],"picked":"Bloodletting+1","floor":22.0},{"not_picked":["Combust","Pommel Strike"],"picked":"Metallicize","floor":23.0},{"not_picked":["Feed","Havoc+1"],"picked":"Disarm","floor":28.0},{"not_picked":["Sword Boomerang","Pummel"],"picked":"Corruption","floor":29.0},{"not_picked":["Rupture","Carnage"],"picked":"Flame Barrier","floor":30.0},{"not_picked":["Dark Embrace","Bludgeon"],"picked":"Offering","floor":33.0},{"not_picked":["Thunderclap","Second Wind"],"picked":"Pummel+1","floor":35.0},{"not_picked":["Wild Strike","Clothesline"],"picked":"Seeing Red","floor":36.0},{"not_picked":["Iron Wave","True Grit"],"picked":"Inflame","floor":38},{"not_picked":["Headbutt+1","Rampage"],"picked":"Inflame+1","floor":40},{"not_picked":["Pommel Strike","Iron Wave"],"picked":"Flex+1","floor":41},{"not_picked":["Deep Breath","Swift Strike"],"picked":"Flash of Steel","floor":42},{"not_picked":["Clothesline","Rage+1"],"picked":"Shrug It Off","floor":44},{"not_picked":["Warcry","Armaments"],"picked":"Shrug It Off","floor":45},{"not_picked":["Headbutt","Cleave"],"picked":"Sentinel","floor":47}],"player_experience":1372966,"relics_obtained":[{"floor":6.0,"key":"Art of War"},{"floor":9.0,"key":"Dream Catcher"},{"floor":11.0,"key":"Red Skull"},{"floor":23.0,"key":"Whetstone"},{"floor":23.0,"key":"Calipers"},{"floor":26.0,"key":"Regal Pillow"},{"floor":41,"key":"Self Forming Clay"},{"floor":41,"key":"Vajra"},{"floor":43,"key":"Gremlin Horn"},{"floor":45,"key":"Centennial Puzzle"},{"floor":45,"key":"Anchor"}],"event_choices":[{"damage_healed":0.0,"max_hp_gain":0.0,"max_hp_loss":0.0,"gold_gain":0.0,"event_name":"Match and Keep!","player_choice":"1 cards matched","floor":3.0,"gold_loss":0.0,"damage_taken":0.0,"cards_obtained":["Pummel"]},{"damage_healed":0.0,"max_hp_gain":0.0,"max_hp_loss":0.0,"gold_gain":50.0,"event_name":"Nest","player_choice":"Stole From Cult","floor":19.0,"gold_loss":0.0,"damage_taken":0.0},{"damage_healed":0.0,"max_hp_gain":0.0,"max_hp_loss":0.0,"gold_gain":0.0,"event_name":"Vampires","player_choice":"Ignored","floor":21.0,"gold_loss":0.0,"damage_taken":0.0},{"damage_healed":0.0,"max_hp_gain":0.0,"max_hp_loss":0.0,"gold_gain":0.0,"event_name":"Forgotten Altar","player_choice":"Smashed Altar","floor":24.0,"gold_loss":0.0,"damage_taken":0.0,"cards_obtained":["Decay"]},{"cards_removed":["Decay"],"damage_healed":0.0,"max_hp_gain":0.0,"max_hp_loss":0.0,"gold_gain":0.0,"event_name":"Beggar","player_choice":"Gave Gold","floor":25.0,"gold_loss":75.0,"damage_taken":0.0},{"damage_healed":0.0,"max_hp_gain":0.0,"max_hp_loss":0.0,"gold_gain":0.0,"event_name":"Duplicator","player_choice":"Copied","floor":27.0,"gold_loss":0.0,"damage_taken":0.0,"cards_obtained":["Magnetism"]},{"cards_removed":["Perfected Strike"],"damage_healed":0.0,"max_hp_gain":0.0,"max_hp_loss":0.0,"gold_gain":0.0,"event_name":"Falling","player_choice":"Removed Attack","floor":37.0,"gold_loss":0.0,"damage_taken":0.0},{"damage_healed":0,"gold_gain":0,"player_choice":"Ignored","damage_taken":0,"max_hp_gain":0,"max_hp_loss":0,"event_name":"Tomb of Lord Red Mask","floor":39,"gold_loss":0},{"damage_healed":0,"gold_gain":0,"player_choice":"Memory 1","damage_taken":0,"max_hp_gain":0,"max_hp_loss":0,"event_name":"SensoryStone","floor":42,"gold_loss":0}],"is_beta":false,"boss_relics":[{"not_picked":["Cursed Key","Runic Dome"],"picked":"Black Star"},{"not_picked":["Fusion Hammer","Busted Crown"],"picked":"Black Blood"}],"items_purged_floors":[],"is_endless":false,"potions_floor_spawned":[5,6,11,16,20,22,23,33,35,38,45],"killed_by":"Transient","ascension_level":16}