{"gold_per_floor":[119,119,134,152,152,152,169,169,223,254,265,190,210,210,210,210],"floor_reached":16,"playtime":611,"items_purged":[],"score":194,"play_id":"72fffb59-a144-4732-aa03-834564ddc2ad","local_time":"20190303115445","is_ascension_mode":true,"campfire_choices":[{"data":"Zap","floor":6,"key":"SMITH"},{"floor":8,"key":"REST"},{"floor":15,"key":"REST"}],"neow_cost":"NONE","seed_source_timestamp":8222653654706,"circlet_count":0,"master_deck":["AscendersBane","Strike_B","Strike_B","Defend_B","Defend_B","Defend_B","Defend_B","Zap+1","Dualcast","All For One","Turbo","Redo+1","Double Energy+1","Rebound","Hologram","Leap","Ball Lightning","Cold Snap"],"relics":["Cracked Core","Lantern","Bag of Preparation","War Paint"],"potions_floor_usage":[10,10,11],"damage_taken":[{"damage":7,"enemies":"Jaw Worm","floor":1,"turns":3},{"damage":0,"enemies":"Small Slimes","floor":3,"turns":2},{"damage":9,"enemies":"2 Louse","floor":4,"turns":3},{"damage":8,"enemies":"Blue Slaver","floor":7,"turns":3},{"damage":31,"enemies":"3 Sentries","floor":10,"turns":6},{"damage":20,"enemies":"Exordium Thugs","floor":11,"turns":4},{"damage":0,"enemies":"2 Fungi Beasts","floor":13,"turns":2},{"damage":46,"enemies":"Slime Boss","floor":16,"turns":5}],"seed_played":"-7708232736696678421","potions_obtained":[{"floor":1,"key":"Regen Potion"},{"floor":7,"key":"Dexterity Potion"},{"floor":10,"key":"Explosive Potion"},{"floor":11,"key":"Energy Potion"}],"is_trial":false,"path_per_floor":["M","?","M","M","?","R","M","R","T","E","M","?","M","?","R","B"],"character_chosen":"DEFECT","items_purchased":[],"campfire_rested":2,"item_purchase_floors":[],"current_hp_per_floor":[57,52,52,43,43,43,35,56,56,40,20,20,20,20,41,0],"gold":210,"neow_bonus":"ONE_RANDOM_RARE_CARD","is_prod":false,"is_daily":false,"chose_seed":false,"campfire_upgraded":1,"win_rate":0,"timestamp":1551581685,"path_taken":["M","?","M","M","?","R","?","R","T","E","M","?","M","?","R","BOSS"],"build_version":"2019-01-23","purchased_purges":0,"victory":false,"max_hp_per_floor":[71,71,71,71,71,71,71,71,71,71,71,71,71,71,71,71],"card_choices":[{"not_picked":["Capacitor","Recycle"],"picked":"Turbo","floor":1},{"not_picked":["Blizzard","Compile Driver"],"picked":"Redo","floor":3},{"not_picked":["Melter","Loop"],"picked":"Double Energy","floor":4},{"not_picked":["Heatsinks","Barrage"],"picked":"Hologram","floor":7},{"not_picked":["Aggregate","Amplify"],"picked":"Leap","floor":10},{"not_picked":["Lockon","Redo"],"picked":"Ball Lightning","floor":11},{"not_picked":["Redo","Recycle"],"picked":"Cold Snap","floor":13}],"player_experience":705729,"relics_obtained":[{"floor":9,"key":"Bag of Preparation"},{"floor":10,"key":"War Paint"}],"event_choices":[{"damage_healed":0,"gold_gain":0,"player_choice":"Success","damage_taken":5,"relics_obtained":["Lantern"],"max_hp_gain":0,"max_hp_loss":0,"event_name":"Scrap Ooze","floor":2,"gold_loss":0},{"damage_healed":0,"gold_gain":0,"cards_transformed":["Strike_B"],"player_choice":"Change","damage_taken":0,"max_hp_gain":0,"max_hp_loss":0,"event_name":"Living Wall","floor":5,"gold_loss":0,"cards_obtained":["Rebound"]},{"cards_removed":["Strike_B"],"damage_healed":0,"gold_gain":0,"player_choice":"Card Removal","damage_taken":0,"max_hp_gain":0,"max_hp_loss":0,"event_name":"The Cleric","floor":12,"gold_loss":75},{"damage_healed":0,"gold_gain":0,"player_choice":"Ignored","damage_taken":0,"max_hp_gain":0,"max_hp_loss":0,"event_name":"Shining Light","floor":14,"gold_loss":0}],"is_beta":false,"boss_relics":[],"items_purged_floors":[],"is_endless":false,"potions_floor_spawned":[1,7,10,11],"killed_by":"Slime Boss","ascension_level":18}