{"gold_per_floor":[124,154,186,214,61,61,61,92,115,131,144,154,154,189,189,288,288,305,324,27,46,46,46],"floor_reached":23,"playtime":2453,"items_purged":["Strike_G"],"score":328,"play_id":"b7a44e3d-19e7-460c-9f39-2c4e09251a4d","local_time":"20190504131006","is_ascension_mode":true,"campfire_choices":[{"data":"Neutralize","floor":6,"key":"SMITH"},{"floor":13,"key":"REST"},{"data":"Crippling Poison","floor":15,"key":"SMITH"}],"neow_cost":"NONE","seed_source_timestamp":665386530343538,"circlet_count":0,"master_deck":["AscendersBane","Defend_G","Defend_G","Defend_G","Defend_G","Defend_G","Strike_G","Survivor","Neutralize+1","Dodge and Roll","Blur+1","Caltrops+1","Poisoned Stab","Well Laid Plans","Dagger Spray","Escape Plan","Dagger Spray","Crippling Poison+1","Dagger Spray+1","Heel Hook+1","Reflex+1","Backflip","PiercingWail"],"relics":["Ring of the Snake","MawBank","Oddly Smooth Stone","Bag of Marbles","Pen Nib","Astrolabe","Calipers","Enchiridion"],"potions_floor_usage":[8,12,23],"damage_taken":[{"damage":3,"enemies":"Cultist","floor":1,"turns":6},{"damage":6,"enemies":"2 Louse","floor":2,"turns":5},{"damage":0,"enemies":"Jaw Worm","floor":3,"turns":6},{"damage":6,"enemies":"Red Slaver","floor":4,"turns":6},{"damage":26,"enemies":"Lagavulin","floor":8,"turns":7},{"damage":1,"enemies":"Large Slime","floor":10,"turns":9},{"damage":0,"enemies":"Looter","floor":11,"turns":3},{"damage":0,"enemies":"Gremlin Gang","floor":12,"turns":3},{"damage":6,"enemies":"3 Sentries","floor":14,"turns":5},{"damage":5,"enemies":"The Guardian","floor":16,"turns":11},{"damage":16,"enemies":"2 Thieves","floor":18,"turns":4},{"damage":7,"enemies":"Chosen","floor":19,"turns":6},{"damage":3,"enemies":"Centurion and Healer","floor":21,"turns":10},{"damage":16,"enemies":"Book of Stabbing","floor":23,"turns":5}],"seed_played":"1242978318951193848","potions_obtained":[{"floor":2,"key":"Swift Potion"},{"floor":3,"key":"Strength Potion"},{"floor":11,"key":"Energy Potion"},{"floor":18,"key":"PowerPotion"},{"floor":21,"key":"Swift Potion"}],"is_trial":false,"path_per_floor":["M","M","M","M","$","R","?","E","T","M","M","M","R","E","R","B",null,"M","M","$","M","?","E"],"character_chosen":"THE_SILENT","items_purchased":["Well Laid Plans","Dagger Spray","Calipers"],"campfire_rested":1,"item_purchase_floors":[5,5,20],"current_hp_per_floor":[60,54,54,48,48,48,34,8,8,7,7,7,28,22,22,17,57,41,34,34,31,15,0],"gold":46,"neow_bonus":"RANDOM_COMMON_RELIC","is_prod":false,"is_daily":false,"chose_seed":false,"campfire_upgraded":2,"win_rate":0,"timestamp":1556968206,"path_taken":["M","M","M","M","$","R","?","E","T","M","M","M","R","E","R","BOSS","M","M","$","M","?","E"],"build_version":"2019-01-23","purchased_purges":1,"victory":false,"max_hp_per_floor":[70,70,70,70,70,70,70,70,70,70,70,70,70,70,70,70,70,70,70,70,70,70,70],"card_choices":[{"not_picked":["Heel Hook","Riddle With Holes"],"picked":"Dodge and Roll","floor":1},{"not_picked":["Flying Knee","All Out Attack"],"picked":"Blur","floor":2},{"not_picked":["Acrobatics","Deflect"],"picked":"Caltrops","floor":3},{"not_picked":["Skewer","Dodge and Roll"],"picked":"Poisoned Stab","floor":4},{"not_picked":["Cloak And Dagger","Masterful Stab"],"picked":"Escape Plan","floor":8},{"not_picked":["Quick Slash","Poisoned Stab"],"picked":"Dagger Spray","floor":10},{"not_picked":["Escape Plan","Dash"],"picked":"Crippling Poison","floor":11},{"not_picked":["Poisoned Stab","Riddle With Holes","Dagger Spray"],"picked":"SKIP","floor":12},{"not_picked":["Riddle With Holes","Caltrops","Dagger Spray"],"picked":"SKIP","floor":14},{"not_picked":["Outmaneuver+1","Poisoned Stab"],"picked":"Backflip","floor":18},{"not_picked":["Dagger Spray","Terror","Poisoned Stab"],"picked":"SKIP","floor":19},{"not_picked":["Backflip","Acrobatics+1"],"picked":"PiercingWail","floor":21}],"player_experience":530050,"relics_obtained":[{"floor":8,"key":"Oddly Smooth Stone"},{"floor":9,"key":"Bag of Marbles"},{"floor":14,"key":"Pen Nib"},{"floor":22,"key":"Enchiridion"}],"event_choices":[{"damage_healed":0,"gold_gain":0,"player_choice":"Entered Light","damage_taken":14,"max_hp_gain":0,"max_hp_loss":0,"event_name":"Shining Light","floor":7,"gold_loss":0,"cards_upgraded":["Caltrops","Blur"]},{"damage_healed":0,"gold_gain":0,"player_choice":"Obtained Book","damage_taken":16,"max_hp_gain":0,"max_hp_loss":0,"event_name":"Cursed Tome","floor":22,"gold_loss":0}],"is_beta":false,"boss_relics":[{"not_picked":["Black Star","Coffee Dripper"],"picked":"Astrolabe"}],"items_purged_floors":[5],"is_endless":false,"potions_floor_spawned":[2,3,11,18,21],"killed_by":"Book of Stabbing","ascension_level":12}