{"gold_per_floor":[114,128,53,65,76,76,106,106,106,106,116,116,130,30,30,105,105,119,119,136,136,146,146,159,159,159,159,159],"floor_reached":28,"playtime":1700,"items_purged":["Strike_R","Strike_R"],"score":407,"play_id":"ab385c9f-f066-40d5-a49b-b30ab5bcc628","local_time":"20190424160645","is_ascension_mode":true,"campfire_choices":[{"data":"Pommel Strike","floor":6.0,"key":"SMITH"},{"data":"Seeing Red","floor":8.0,"key":"SMITH"},{"data":"Bash","floor":10.0,"key":"SMITH"},{"data":"Iron Wave","floor":12.0,"key":"SMITH"},{"data":"Double Tap","floor":15.0,"key":"SMITH"},{"data":"Demon Form","floor":23.0,"key":"SMITH"},{"floor":27,"key":"REST"}],"neow_cost":"TEN_PERCENT_HP_LOSS","seed_source_timestamp":1036264876232718,"circlet_count":0,"master_deck":["AscendersBane","Defend_R","Defend_R","Defend_R","Bash+1","Metallicize","Shrug It Off","Pommel Strike+1","Seeing Red+1","Double Tap+1","Iron Wave+1","Twin Strike","Demon Form+1","Whirlwind","Corruption","Shockwave","Shrug It Off","Sword Boomerang","Limit Break","Warcry+1","Headbutt+1","Flame Barrier","Combust","Limit Break"],"special_seed":0,"relics":["Burning Blood","Champion Belt","FossilizedHelix","Orrery","Singing Bowl","Ornamental Fan"],"potions_floor_usage":[],"damage_taken":[{"damage":9.0,"enemies":"2 Louse","floor":1.0,"turns":3.0},{"damage":25.0,"enemies":"Jaw Worm","floor":2.0,"turns":7.0},{"damage":3.0,"enemies":"Cultist","floor":4.0,"turns":4.0},{"damage":7.0,"enemies":"Exordium Wildlife","floor":5.0,"turns":7.0},{"damage":11.0,"enemies":"3 Sentries","floor":7.0,"turns":14.0},{"damage":0.0,"enemies":"2 Fungi Beasts","floor":11.0,"turns":3.0},{"damage":15.0,"enemies":"Exordium Thugs","floor":13.0,"turns":6.0},{"damage":13.0,"enemies":"Slime Boss","floor":16.0,"turns":9.0},{"damage":0.0,"enemies":"3 Byrds","floor":18.0,"turns":5.0},{"damage":9.0,"enemies":"Chosen","floor":20.0,"turns":6.0},{"damage":0.0,"enemies":"Snecko","floor":22.0,"turns":4.0},{"damage":40,"enemies":"Snake Plant","floor":24,"turns":5},{"damage":57,"enemies":"Book of Stabbing","floor":28,"turns":7}],"seed_played":"-653213353964089733","potions_obtained":[{"floor":2.0,"key":"Weak Potion"},{"floor":4.0,"key":"SkillPotion"},{"floor":16.0,"key":"SkillPotion"},{"floor":18.0,"key":"Block Potion"},{"floor":20.0,"key":"Explosive Potion"}],"is_trial":false,"path_per_floor":["M","M","$","M","M","R","E","R","T","R","M","R","M","$","R","B",null,"M","?","M","T","M","R","M","?","T","R","E"],"character_chosen":"IRONCLAD","items_purchased":[],"campfire_rested":1,"item_purchase_floors":[],"current_hp_per_floor":[65,46,46,49,48,48,43,43,43,43,49,49,40,40,40,33,59,65,65,62,62,68,68,34,34,34,54,0],"gold":159,"neow_bonus":"REMOVE_TWO","is_prod":false,"is_daily":false,"chose_seed":false,"campfire_upgraded":6,"win_rate":0,"timestamp":1556089605,"path_taken":["M","M","$","M","M","R","E","R","T","R","M","R","M","$","R","BOSS","M","?","M","?","M","R","M","?","T","R","E"],"build_version":"2019-04-23","purchased_purges":2,"victory":false,"max_hp_per_floor":[68,68,68,68,68,68,68,68,68,68,68,68,68,68,68,68,68,68,68,68,68,68,68,68,68,68,68,68],"card_choices":[{"not_picked":["Flex","Sever Soul"],"picked":"Metallicize","floor":1.0},{"not_picked":["Havoc","Clothesline"],"picked":"Shrug It Off","floor":2.0},{"not_picked":["Thunderclap","Sword Boomerang"],"picked":"Pommel Strike","floor":4.0},{"not_picked":["Shrug It Off","Pommel Strike"],"picked":"Seeing Red","floor":5.0},{"not_picked":["Havoc","Rupture"],"picked":"Double Tap","floor":7.0},{"not_picked":["Warcry","Sever Soul"],"picked":"Iron Wave","floor":11.0},{"not_picked":["Clash","Sword Boomerang"],"picked":"Twin Strike","floor":13.0},{"not_picked":["Immolate","Dark Embrace"],"picked":"Demon Form","floor":16.0},{"not_picked":["Headbutt","Shrug It Off"],"picked":"Whirlwind","floor":17.0},{"not_picked":["Armaments","Disarm"],"picked":"Corruption","floor":17.0},{"not_picked":["Evolve","Reckless Charge"],"picked":"Shockwave","floor":17.0},{"not_picked":["Pummel","Thunderclap"],"picked":"Shrug It Off","floor":17.0},{"not_picked":["Second Wind","Anger"],"picked":"Sword Boomerang","floor":17.0},{"not_picked":["Flame Barrier","Armaments+1"],"picked":"Limit Break","floor":18.0},{"not_picked":["Thunderclap","Fire Breathing"],"picked":"Warcry+1","floor":20.0},{"not_picked":["Fire Breathing","True Grit"],"picked":"Headbutt+1","floor":22.0},{"not_picked":["True Grit","Body Slam"],"picked":"Flame Barrier","floor":24}],"player_experience":3045948,"relics_obtained":[{"floor":7.0,"key":"Champion Belt"},{"floor":9.0,"key":"FossilizedHelix"},{"floor":21.0,"key":"Singing Bowl"},{"floor":26,"key":"Ornamental Fan"}],"event_choices":[{"damage_healed":0.0,"max_hp_gain":0.0,"max_hp_loss":0.0,"gold_gain":0.0,"event_name":"Vampires","player_choice":"Ignored","floor":19.0,"gold_loss":0.0,"damage_taken":0.0},{"damage_healed":0,"gold_gain":0,"cards_transformed":["Strike_R","Defend_R"],"player_choice":"Became Test Subject","damage_taken":0,"max_hp_gain":0,"max_hp_loss":0,"event_name":"Drug Dealer","floor":25,"gold_loss":0,"cards_obtained":["Combust","Limit Break"]}],"is_beta":true,"boss_relics":[{"not_picked":["Tiny House","Cursed Key"],"picked":"Orrery"}],"items_purged_floors":[3,14],"is_endless":false,"potions_floor_spawned":[2,4,16,18,20],"killed_by":"Book of Stabbing","ascension_level":17}