{"gold_per_floor":[111,124,49,49,49,82,94,135,218,254,283,295,324,386,398,488,500,530,542,574,597,609,621,633],"floor_reached":24,"playtime":1053,"items_purged":["Strike_G"],"score":424,"play_id":"a9b1fb40-8827-47d1-abab-0f261b657894","local_time":"20190507183200","is_ascension_mode":true,"campfire_choices":[{"data":"Neutralize","floor":7.0,"key":"SMITH"},{"floor":12.0,"key":"REST"},{"floor":15.0,"key":"REST"},{"floor":23.0,"key":"REST"}],"neow_cost":"NONE","seed_source_timestamp":955911378051120,"circlet_count":0,"master_deck":["AscendersBane","Defend_G","Defend_G","Defend_G","Defend_G","Defend_G","Strike_G","Strike_G","Strike_G","Strike_G","Survivor","Neutralize+1","Deadly Poison+1","Deadly Poison","Caltrops","Noxious Fumes","Well Laid Plans","Dagger Spray","Tactician","Bullet Time","Heel Hook","A Thousand Cuts","Dash+1","Catalyst"],"special_seed":0,"relics":["Ring of the Snake","NeowsBlessing","MawBank","Dream Catcher","Mummified Hand","Odd Mushroom","Eternal Feather"],"potions_floor_usage":[24],"damage_taken":[{"damage":0.0,"enemies":"Cultist","floor":1.0,"turns":1.0},{"damage":0.0,"enemies":"2 Louse","floor":2.0,"turns":1.0},{"damage":0.0,"enemies":"3 Sentries","floor":6.0,"turns":1.0},{"damage":28.0,"enemies":"Lagavulin","floor":8.0,"turns":7.0},{"damage":23.0,"enemies":"The Mushroom Lair","floor":10.0,"turns":6.0},{"damage":2.0,"enemies":"Jaw Worm","floor":11.0,"turns":4.0},{"damage":6.0,"enemies":"Blue Slaver","floor":13.0,"turns":3.0},{"damage":17.0,"enemies":"The Guardian","floor":16.0,"turns":10.0},{"damage":13.0,"enemies":"Spheric Guardian","floor":18.0,"turns":4.0},{"damage":11.0,"enemies":"3 Byrds","floor":20.0,"turns":4.0},{"damage":23.0,"enemies":"3 Cultists","floor":21.0,"turns":5.0},{"damage":51,"enemies":"Sentry and Sphere","floor":24,"turns":5}],"seed_played":"-2886908887065884053","potions_obtained":[{"floor":2.0,"key":"SkillPotion"},{"floor":11.0,"key":"SpeedPotion"},{"floor":13.0,"key":"GamblersBrew"},{"floor":16.0,"key":"FearPotion"},{"floor":18.0,"key":"SteroidPotion"},{"floor":22.0,"key":"GamblersBrew"},{"floor":22.0,"key":"FairyPotion"}],"is_trial":false,"path_per_floor":["M","M","$","?","?","E","R","E","T","?","M","R","M","?","R","B",null,"M","$","M","M","?","R","M"],"character_chosen":"THE_SILENT","items_purchased":[],"campfire_rested":3,"item_purchase_floors":[],"current_hp_per_floor":[59,59,59,59,59,59,59,31,31,8,6,25,19,19,38,21,55,42,42,31,8,8,39,0],"gold":633,"neow_bonus":"THREE_ENEMY_KILL","is_prod":false,"is_daily":false,"chose_seed":false,"campfire_upgraded":1,"win_rate":0,"timestamp":1557221520,"path_taken":["M","?","$","?","?","E","R","E","T","?","?","R","M","?","R","BOSS","M","$","M","M","?","R","?"],"build_version":"2019-04-23","purchased_purges":1,"victory":false,"max_hp_per_floor":[66,66,66,66,66,66,66,66,66,66,66,66,66,66,66,66,66,66,66,66,66,66,66,66],"card_choices":[{"not_picked":["Expertise","Slice"],"picked":"Deadly Poison","floor":1.0},{"not_picked":["Deflect","Setup"],"picked":"Deadly Poison","floor":2.0},{"not_picked":["Storm of Steel","Acrobatics"],"picked":"Caltrops","floor":6.0},{"not_picked":["Bullet Time","Masterful Stab"],"picked":"Noxious Fumes","floor":8.0},{"not_picked":["Blade Dance","Deadly Poison"],"picked":"Well Laid Plans","floor":10.0},{"not_picked":["Dagger Throw","Quick Slash"],"picked":"Dagger Spray","floor":11.0},{"not_picked":["Riddle With Holes","Slice"],"picked":"Tactician","floor":12.0},{"not_picked":["Caltrops","Tactician"],"picked":"Bullet Time","floor":13.0},{"not_picked":["Slice","Blade Dance"],"picked":"Heel Hook","floor":15.0},{"not_picked":["Wraith Form v2","Adrenaline"],"picked":"A Thousand Cuts","floor":16.0},{"not_picked":["Dodge and Roll","Slice","Prepared"],"picked":"SKIP","floor":18.0},{"not_picked":["Poisoned Stab+1","Acrobatics","Deflect"],"picked":"SKIP","floor":20.0},{"not_picked":["Sucker Punch","Underhanded Strike"],"picked":"Dash+1","floor":21.0},{"not_picked":["Heel Hook","Quick Slash"],"picked":"Catalyst","floor":23.0}],"player_experience":3160124,"relics_obtained":[{"floor":6.0,"key":"MawBank"},{"floor":8.0,"key":"Dream Catcher"},{"floor":9.0,"key":"Mummified Hand"},{"floor":10.0,"key":"Odd Mushroom"}],"event_choices":[{"damage_healed":0.0,"max_hp_gain":0.0,"max_hp_loss":0.0,"gold_gain":0.0,"event_name":"The Cleric","player_choice":"Leave","floor":4.0,"gold_loss":0.0,"damage_taken":0.0},{"damage_healed":0.0,"max_hp_gain":0.0,"max_hp_loss":0.0,"gold_gain":0.0,"event_name":"Living Wall","player_choice":"Grow","floor":5.0,"gold_loss":0.0,"damage_taken":0.0,"cards_upgraded":["Deadly Poison"]},{"damage_healed":0.0,"max_hp_gain":0.0,"max_hp_loss":0.0,"gold_gain":0.0,"event_name":"Mushrooms","player_choice":"Fought Mushrooms","floor":10.0,"gold_loss":0.0,"damage_taken":0.0},{"damage_healed":0.0,"max_hp_gain":0.0,"max_hp_loss":0.0,"gold_gain":50.0,"event_name":"Golden Shrine","player_choice":"Pray","floor":14.0,"gold_loss":0.0,"damage_taken":0.0},{"damage_healed":0.0,"max_hp_gain":0.0,"max_hp_loss":0.0,"gold_gain":0.0,"event_name":"Lab","player_choice":"Got Potions","floor":22.0,"gold_loss":0.0,"damage_taken":0.0}],"is_beta":true,"boss_relics":[{"not_picked":["Cursed Key","Busted Crown"],"picked":"Eternal Feather"}],"items_purged_floors":[3],"is_endless":false,"potions_floor_spawned":[2,11,13,16,18],"killed_by":"Sentry and Sphere","ascension_level":17}