{"gold_per_floor":[119,44,44,56,56,89,105,155,155,175,193,193,210,245,245,245],"floor_reached":16,"playtime":638,"items_purged":[],"score":260,"play_id":"8887d428-7c0f-4cbd-9fa8-7559b86ebb4b","local_time":"20190524111635","is_ascension_mode":true,"campfire_choices":[{"floor":12.0,"key":"REST"},{"floor":15,"key":"REST"}],"neow_cost":"NONE","seed_source_timestamp":242664561500535,"circlet_count":0,"master_deck":["AscendersBane","Strike_R","Strike_R","Strike_R","Strike_R","Strike_R","Defend_R","Defend_R","Defend_R","Defend_R","Bash","Seeing Red","Burning Pact","Regret","Sentinel","Sentinel","Rage","Havoc","Burning Pact","Pommel Strike","Sever Soul"],"special_seed":0,"relics":["Burning Blood","NeowsBlessing","Mercury Hourglass","Unceasing Top","Red Skull","Question Card"],"potions_floor_usage":[13,14],"damage_taken":[{"damage":0.0,"enemies":"Jaw Worm","floor":1.0,"turns":1.0},{"damage":0.0,"enemies":"Small Slimes","floor":4.0,"turns":1.0},{"damage":0.0,"enemies":"Lagavulin","floor":6.0,"turns":1.0},{"damage":6.0,"enemies":"Cultist","floor":7.0,"turns":4.0},{"damage":11.0,"enemies":"Lots of Slimes","floor":10.0,"turns":4.0},{"damage":13.0,"enemies":"3 Louse","floor":11.0,"turns":3.0},{"damage":7,"enemies":"Large Slime","floor":13,"turns":6},{"damage":70,"enemies":"Gremlin Nob","floor":14,"turns":5},{"damage":33,"enemies":"Hexaghost","floor":16,"turns":7}],"seed_played":"-8435828841901986209","potions_obtained":[{"floor":1.0,"key":"Weak Potion"},{"floor":10.0,"key":"SkillPotion"},{"floor":11.0,"key":"AttackPotion"},{"floor":13,"key":"SpeedPotion"},{"floor":14,"key":"BloodPotion"}],"is_trial":false,"path_per_floor":["M","$","?","M","$","E","M","?","T","M","M","R","M","E","R","B"],"character_chosen":"IRONCLAD","items_purchased":["Burning Pact"],"campfire_rested":2,"item_purchase_floors":[2],"current_hp_per_floor":[74,74,74,75,75,75,75,68,68,63,56,75,74,10,32,0],"gold":245,"neow_bonus":"THREE_ENEMY_KILL","is_prod":false,"is_daily":false,"chose_seed":false,"campfire_upgraded":0,"win_rate":0,"timestamp":1558685795,"path_taken":["M","$","?","M","$","E","M","?","T","?","M","R","M","E","R","BOSS"],"build_version":"2019-01-23","purchased_purges":0,"victory":false,"max_hp_per_floor":[75,75,75,75,75,75,75,75,75,75,75,75,75,75,75,75],"card_choices":[{"not_picked":["Armaments","Bloodletting"],"picked":"Seeing Red","floor":1.0},{"not_picked":["Body Slam","Searing Blow"],"picked":"Sentinel","floor":4.0},{"not_picked":["Brutality","Cleave"],"picked":"Sentinel","floor":6.0},{"not_picked":["Uppercut","Headbutt"],"picked":"Rage","floor":7.0},{"not_picked":["Thunderclap","Pommel Strike"],"picked":"Havoc","floor":10.0},{"not_picked":["Havoc","Searing Blow"],"picked":"Burning Pact","floor":11.0},{"not_picked":["Iron Wave","Rupture"],"picked":"Pommel Strike","floor":13},{"not_picked":["True Grit","Impervious"],"picked":"Sever Soul","floor":14}],"player_experience":1396379,"relics_obtained":[{"floor":6.0,"key":"Unceasing Top"},{"floor":9.0,"key":"Red Skull"},{"floor":14,"key":"Question Card"}],"event_choices":[{"damage_healed":0.0,"max_hp_gain":0.0,"max_hp_loss":0.0,"gold_gain":0.0,"event_name":"Big Fish","player_choice":"Box","floor":3.0,"gold_loss":0.0,"damage_taken":0.0,"relics_obtained":["Mercury Hourglass"],"cards_obtained":["Regret"]},{"damage_healed":0.0,"max_hp_gain":0.0,"max_hp_loss":0.0,"gold_gain":50.0,"event_name":"FaceTrader","player_choice":"Touch","floor":8.0,"gold_loss":0.0,"damage_taken":7.0}],"is_beta":false,"boss_relics":[],"items_purged_floors":[],"is_endless":false,"potions_floor_spawned":[1,10,11,13,14],"killed_by":"Hexaghost","ascension_level":18}