{"gold_per_floor":[18,18,293,293,468,468,485,485,510,510,520,520,4,23,23,127,127,138,148,148,73,73],"floor_reached":22,"playtime":824,"items_purged":[],"score":172,"play_id":"a1e339f9-e8bc-4597-81d0-97af240dd9ac","local_time":"20181028105130","is_ascension_mode":false,"campfire_choices":[{"data":"Turbo","floor":6,"key":"SMITH"},{"data":"Dualcast","floor":8,"key":"SMITH"},{"data":"Zap","floor":10,"key":"SMITH"},{"data":"Recycle","floor":15,"key":"SMITH"}],"neow_cost":"NO_GOLD","seed_source_timestamp":43411195315247,"circlet_count":0,"master_deck":["Strike_B","Strike_B","Strike_B","Strike_B","Defend_B","Defend_B","Defend_B","Defend_B","Zap+1","Dualcast+1","Turbo+1","Doubt","Rebound","Stack","Pain","Machine Learning","Dramatic Entrance","Go for the Eyes","Recycle+1","Electrodynamics","Ball Lightning","Redo","Capacitor","Chaos","Beam Cell","Machine Learning","Capacitor+1","Writhe"],"relics":["Cracked Core","Torii","Ancient Tea Set","Bag of Marbles","WarpedTongs","Symbiotic Virus","Orrery","Singing Bowl"],"potions_floor_usage":[16],"damage_taken":[{"damage":7,"enemies":"2 Louse","floor":1,"turns":3},{"damage":3,"enemies":"Cultist","floor":7,"turns":4},{"damage":6,"enemies":"Jaw Worm","floor":11,"turns":2},{"damage":8,"enemies":"Large Slime","floor":14,"turns":5},{"damage":23,"enemies":"Slime Boss","floor":16,"turns":6},{"damage":22,"enemies":"Shell Parasite","floor":18,"turns":4},{"damage":4,"enemies":"Chosen","floor":19,"turns":4},{"damage":56,"enemies":"Centurion and Healer","floor":22,"turns":6}],"seed_played":"2713639526558695270","potions_obtained":[{"floor":11,"key":"Fire Potion"},{"floor":16,"key":"Fire Potion"},{"floor":18,"key":"GamblersBrew"}],"is_trial":false,"path_per_floor":["M","$","?","?","?","R","M","R","T","R","M","?","$","M","R","B",null,"M","M","?","?"],"character_chosen":"DEFECT","items_purchased":["Symbiotic Virus","Machine Learning","Dramatic Entrance","Go for the Eyes"],"campfire_rested":0,"item_purchase_floors":[13,13,13,13],"current_hp_per_floor":[68,68,68,61,61,61,58,58,58,58,52,52,52,44,44,21,75,53,49,49,49,0],"gold":73,"neow_bonus":"ONE_RARE_RELIC","is_prod":false,"is_daily":false,"chose_seed":false,"campfire_upgraded":4,"win_rate":0,"timestamp":1540741890,"path_taken":["M","$","?","?","?","R","M","R","T","R","M","?","$","M","R","BOSS","M","M","?","?","?"],"build_version":"2018-10-18","purchased_purges":0,"victory":false,"max_hp_per_floor":[75,75,75,75,75,75,75,75,75,75,75,75,75,75,75,75,75,75,75,75,75,75],"card_choices":[{"not_picked":["Hologram","Cold Snap"],"picked":"Turbo","floor":1},{"not_picked":["Steam Power","Darkness"],"picked":"Rebound","floor":7},{"not_picked":["Steam","Leap"],"picked":"Stack","floor":11},{"not_picked":["Doom and Gloom","Stack"],"picked":"Recycle","floor":14},{"not_picked":["Seek","Amplify"],"picked":"Electrodynamics","floor":16},{"not_picked":["Steam","Stack"],"picked":"Ball Lightning","floor":17},{"not_picked":["Go for the Eyes","Sweeping Beam"],"picked":"Redo","floor":17},{"not_picked":["Hologram","Sunder"],"picked":"Capacitor","floor":17},{"not_picked":["Doom and Gloom","Turbo"],"picked":"Chaos","floor":17},{"not_picked":["Compile Driver","Sweeping Beam"],"picked":"Beam Cell","floor":17},{"not_picked":["Streamline","Steam"],"picked":"Machine Learning","floor":18},{"not_picked":["Sweeping Beam","Scrape+1"],"picked":"Capacitor+1","floor":19}],"player_experience":363183,"relics_obtained":[{"floor":9,"key":"Bag of Marbles"}],"event_choices":[{"damage_healed":0,"gold_gain":275,"player_choice":"Desecrate","damage_taken":0,"max_hp_gain":0,"max_hp_loss":0,"event_name":"Golden Shrine","floor":3,"gold_loss":0,"cards_obtained":["Regret"]},{"damage_healed":0,"gold_gain":0,"player_choice":"Success","damage_taken":7,"relics_obtained":["Ancient Tea Set"],"max_hp_gain":0,"max_hp_loss":0,"event_name":"Scrap Ooze","floor":4,"gold_loss":0},{"damage_healed":0,"gold_gain":175,"player_choice":"AGREE","damage_taken":0,"max_hp_gain":0,"max_hp_loss":0,"event_name":"Liars Game","floor":5,"gold_loss":0,"cards_obtained":["Doubt"]},{"damage_healed":0,"gold_gain":0,"player_choice":"Rummage","damage_taken":0,"relics_obtained":["WarpedTongs"],"max_hp_gain":0,"max_hp_loss":0,"event_name":"Accursed Blacksmith","floor":12,"gold_loss":0,"cards_obtained":["Pain"]},{"damage_healed":0,"gold_gain":0,"player_choice":"Opened","damage_taken":0,"relics_obtained":["Singing Bowl"],"max_hp_gain":0,"max_hp_loss":0,"event_name":"The Mausoleum","floor":20,"gold_loss":0,"cards_obtained":["Writhe"]},{"cards_removed":["Regret"],"damage_healed":0,"gold_gain":0,"player_choice":"Gave Gold","damage_taken":0,"max_hp_gain":0,"max_hp_loss":0,"event_name":"Beggar","floor":21,"gold_loss":75}],"is_beta":false,"boss_relics":[{"not_picked":["Snecko Eye","Empty Cage"],"picked":"Orrery"}],"items_purged_floors":[],"is_endless":false,"potions_floor_spawned":[11,16,18],"killed_by":"Centurion and Healer","ascension_level":0}