{"gold_per_floor":[209,219,219,23,23,23,62,62,62,136,136,176,64,79,79,172,172,185,209,209,20,43,43,43],"floor_reached":24,"playtime":1257,"items_purged":["Strike_G"],"score":343,"play_id":"48b97e0b-a3c6-4c30-b2d0-28f79edc3afb","local_time":"20190514203505","is_ascension_mode":true,"campfire_choices":[{"data":"Apotheosis","floor":6,"key":"SMITH"},{"floor":8,"key":"RECALL"},{"data":"Neutralize","floor":11,"key":"SMITH"},{"floor":15,"key":"REST"},{"floor":23,"key":"REST"}],"neow_cost":"NONE","seed_source_timestamp":1557300838689736,"circlet_count":0,"master_deck":["AscendersBane","Defend_G","Defend_G","Defend_G","Defend_G","Defend_G","Survivor","Neutralize+1","Poisoned Stab","Bane","Apotheosis+1","Cloak And Dagger","Catalyst","Dagger Spray","Well Laid Plans","Corpse Explosion+1","Blade Dance+1","Phantasmal Killer+1","Endless Agony+1","Dodge and Roll+1","Poisoned Stab","Caltrops","Crippling Poison+1"],"relics":["Ring of the Snake","Golden Idol","Bag of Preparation","Letter Opener","Toxic Egg 2","Astrolabe"],"potions_floor_usage":[7,18,24],"damage_taken":[{"damage":1,"enemies":"2 Louse","floor":1,"turns":4},{"damage":4,"enemies":"Small Slimes","floor":2,"turns":4},{"damage":7,"enemies":"Gremlin Nob","floor":7,"turns":4},{"damage":9,"enemies":"3 Sentries","floor":10,"turns":11},{"damage":9,"enemies":"Lagavulin","floor":12,"turns":9},{"damage":0,"enemies":"Cultist","floor":14,"turns":3},{"damage":8,"enemies":"The Guardian","floor":16,"turns":9},{"damage":20,"enemies":"Spheric Guardian","floor":18,"turns":5},{"damage":6,"enemies":"3 Byrds","floor":19,"turns":2},{"damage":4,"enemies":"Centurion and Healer","floor":22,"turns":5},{"damage":39,"enemies":"Slavers","floor":24,"turns":3}],"seed_played":"5339561700543526648","potions_obtained":[{"floor":2,"key":"GhostInAJar"},{"floor":14,"key":"SneckoOil"},{"floor":16,"key":"GamblersBrew"}],"is_trial":false,"path_per_floor":["M","M","?","$","?","R","E","R","T","?","R","E","$","M","R","B",null,"M","M","?","$","M","R","E"],"character_chosen":"THE_SILENT","items_purchased":["Apotheosis","Dagger Spray","Well Laid Plans","Caltrops","Crippling Poison+1"],"campfire_rested":2,"item_purchase_floors":[4,13,13,21,21],"current_hp_per_floor":[58,54,54,54,54,54,47,47,47,38,38,29,29,29,47,39,56,36,30,24,24,20,38,0],"gold":43,"neow_bonus":"HUNDRED_GOLD","is_prod":false,"is_daily":false,"chose_seed":false,"campfire_upgraded":2,"win_rate":0,"timestamp":1557858905,"path_taken":["M","M","?","$","?","R","E","R","T","?","R","E","$","M","R","BOSS","M","M","?","?","M","R","E"],"build_version":"2019-01-23","purchased_purges":1,"victory":false,"max_hp_per_floor":[66,66,66,66,61,61,61,61,61,61,61,61,61,61,61,61,61,61,61,61,61,61,61,61],"card_choices":[{"not_picked":["Underhanded Strike","Backflip"],"picked":"Poisoned Stab","floor":1},{"not_picked":["Flying Knee","Expertise"],"picked":"Bane","floor":2},{"not_picked":["Prepared","Blur"],"picked":"Cloak And Dagger","floor":7},{"not_picked":["Distraction","Quick Slash"],"picked":"Catalyst","floor":10},{"not_picked":["Dagger Throw","Choke","Slice"],"picked":"SKIP","floor":12},{"not_picked":["Dagger Throw","Eviscerate","Bane"],"picked":"SKIP","floor":14},{"not_picked":["Tools of the Trade","Envenom"],"picked":"Corpse Explosion+1","floor":16},{"not_picked":["Slice","Blade Dance+1"],"picked":"Dodge and Roll+1","floor":18},{"not_picked":["Concentrate+1","Dash"],"picked":"Poisoned Stab","floor":19},{"not_picked":["Noxious Fumes","Slice","Bane"],"picked":"SKIP","floor":22}],"player_experience":589899,"relics_obtained":[{"floor":7,"key":"Bag of Preparation"},{"floor":10,"key":"Letter Opener"},{"floor":12,"key":"Toxic Egg 2"}],"event_choices":[{"cards_removed":["Strike_G"],"damage_healed":0,"gold_gain":0,"player_choice":"Forget","damage_taken":0,"max_hp_gain":0,"max_hp_loss":0,"event_name":"Living Wall","floor":3,"gold_loss":0},{"damage_healed":0,"gold_gain":0,"player_choice":"Lose Max HP","damage_taken":0,"relics_obtained":["Golden Idol"],"max_hp_gain":0,"max_hp_loss":5,"event_name":"Golden Idol","floor":5,"gold_loss":0},{"damage_healed":0,"gold_gain":0,"player_choice":"Searched \u00271\u0027 times","damage_taken":0,"max_hp_gain":0,"max_hp_loss":0,"event_name":"Dead Adventurer","floor":10,"gold_loss":0},{"damage_healed":0,"gold_gain":0,"player_choice":"Damaged","damage_taken":6,"max_hp_gain":0,"max_hp_loss":0,"event_name":"Wheel of Change","floor":20,"gold_loss":0}],"is_beta":false,"boss_relics":[{"not_picked":["Busted Crown","Philosopher\u0027s Stone"],"picked":"Astrolabe"}],"items_purged_floors":[21],"is_endless":false,"potions_floor_spawned":[2,14,16],"killed_by":"Slavers","ascension_level":14}