{"gold_per_floor":[109,128,128,148,159,159,171,96,96,111,111,11,11,28,28,132,132,147,162,162,175,194,194,205,80,105,121,131,150,167,266,266,266],"floor_reached":33,"playtime":3594,"items_purged":["Strike_B","Strike_B","Defend_B"],"score":297,"play_id":"247c6832-12e8-4dc1-aa7b-da6af75d9f6e","local_time":"20181126131407","is_ascension_mode":false,"campfire_choices":[{"data":"Streamline","floor":6,"key":"SMITH"},{"data":"Electrodynamics","floor":11,"key":"SMITH"},{"data":"Conserve Battery","floor":13,"key":"SMITH"},{"data":"Rebound","floor":15,"key":"SMITH"},{"data":"Electrodynamics","floor":23,"key":"SMITH"},{"floor":32,"key":"REST"}],"neow_cost":"NONE","seed_source_timestamp":930607040919542,"circlet_count":0,"master_deck":["Strike_B","Strike_B","Defend_B","Defend_B","Defend_B","Zap+1","Dualcast","Barrage","Steam+1","Conserve Battery+1","Streamline+1","Static Discharge","Electrodynamics+1","Rebound+1","Machine Learning","Self Repair+1","Double Energy+1","Electrodynamics+1","Steam Power","Beam Cell","Streamline","Force Field+1","Streamline+1","Beam Cell+1","Hello World+1","Rebound+1"],"relics":["Cracked Core","Letter Opener","Lizard Tail","Lantern"],"potions_floor_usage":[19,27,28,28,30],"damage_taken":[{"damage":0,"enemies":"Cultist","floor":1,"turns":4},{"damage":0,"enemies":"2 Louse","floor":2,"turns":2},{"damage":0,"enemies":"Small Slimes","floor":4,"turns":2},{"damage":1,"enemies":"3 Louse","floor":5,"turns":4},{"damage":2,"enemies":"Large Slime","floor":7,"turns":5},{"damage":13,"enemies":"Lots of Slimes","floor":10,"turns":2},{"damage":0,"enemies":"3 Louse","floor":14,"turns":1},{"damage":0,"enemies":"Slime Boss","floor":16,"turns":5},{"damage":10,"enemies":"2 Thieves","floor":18,"turns":3},{"damage":11,"enemies":"Spheric Guardian","floor":19,"turns":4},{"damage":8,"enemies":"Snecko","floor":21,"turns":3},{"damage":28,"enemies":"Snake Plant","floor":22,"turns":4},{"damage":14,"enemies":"Sentry and Sphere","floor":24,"turns":5},{"damage":10,"enemies":"Snecko","floor":27,"turns":4},{"damage":30,"enemies":"Shelled Parasite and Fungi","floor":28,"turns":5},{"damage":44,"enemies":"Centurion and Healer","floor":29,"turns":4},{"damage":17,"enemies":"Snake Plant","floor":30,"turns":4},{"damage":29,"enemies":"Collector","floor":33,"turns":3}],"seed_played":"-6596680177126992459","potions_obtained":[{"floor":5,"key":"Dexterity Potion"},{"floor":10,"key":"Explosive Potion"},{"floor":18,"key":"Poison Potion"},{"floor":22,"key":"Energy Potion"},{"floor":29,"key":"Weak Potion"}],"is_trial":false,"path_per_floor":["M","M","?","M","M","R","M","$","T","M","R","$","R","M","R","B",null,"M","M","?","M","M","R","M","$","T","M","M","M","M","?","R","B"],"character_chosen":"DEFECT","items_purchased":[],"campfire_rested":1,"item_purchase_floors":[],"current_hp_per_floor":[75,75,75,75,74,74,72,72,72,59,59,59,59,59,59,59,75,65,64,64,66,48,48,44,44,44,34,14,23,6,6,28,0],"gold":266,"neow_bonus":"UPGRADE_CARD","is_prod":false,"is_daily":false,"chose_seed":false,"campfire_upgraded":5,"win_rate":0.0,"timestamp":1543205647,"path_taken":["M","M","?","?","M","R","M","$","T","M","R","?","R","M","R","BOSS","M","M","?","M","M","R","M","$","T","M","?","M","M","?","R","BOSS"],"build_version":"2018-11-15","purchased_purges":3,"victory":false,"max_hp_per_floor":[75,75,75,75,75,75,75,75,75,75,75,75,75,75,75,75,75,75,75,75,75,75,75,75,75,75,75,75,75,75,75,75,75],"card_choices":[{"not_picked":["Gash","Storm"],"picked":"Barrage","floor":1},{"not_picked":["Aggregate","Beam Cell"],"picked":"Steam","floor":2},{"not_picked":["Barrage","Defragment"],"picked":"Conserve Battery","floor":4},{"not_picked":["Cold Snap","Darkness"],"picked":"Streamline","floor":5},{"not_picked":["Barrage","Redo"],"picked":"Static Discharge","floor":7},{"not_picked":["Barrage","Hologram"],"picked":"Electrodynamics","floor":10},{"not_picked":["Steam","Cold Snap"],"picked":"Rebound","floor":14},{"not_picked":["Rainbow","Thunder Strike"],"picked":"Machine Learning","floor":16},{"not_picked":["Streamline","Coolheaded+1"],"picked":"Self Repair+1","floor":18},{"not_picked":["BootSequence","Sweeping Beam"],"picked":"Double Energy+1","floor":19},{"not_picked":["Compile Driver","Undo"],"picked":"Beam Cell","floor":21},{"not_picked":["Gash","Cold Snap+1"],"picked":"Streamline","floor":22},{"not_picked":["Multi-Cast","Coolheaded"],"picked":"Force Field+1","floor":24},{"not_picked":["Steam","Rebound"],"picked":"Streamline+1","floor":27},{"not_picked":["Go for the Eyes","Loop"],"picked":"Beam Cell+1","floor":28},{"not_picked":["Conserve Battery","Redo"],"picked":"Hello World+1","floor":29},{"not_picked":["Compile Driver+1","Consume"],"picked":"Rebound+1","floor":30}],"player_experience":15256,"relics_obtained":[{"floor":9,"key":"Letter Opener"},{"floor":26,"key":"Lantern"}],"event_choices":[{"damage_healed":0,"gold_gain":0,"player_choice":"Forge","damage_taken":0,"max_hp_gain":0,"max_hp_loss":0,"event_name":"Accursed Blacksmith","floor":3,"gold_loss":0,"cards_upgraded":["Steam"]},{"damage_healed":0,"gold_gain":0,"player_choice":"2 cards matched","damage_taken":0,"max_hp_gain":0,"max_hp_loss":0,"event_name":"Match and Keep!","floor":20,"gold_loss":0,"cards_obtained":["Electrodynamics","Steam Power"]},{"damage_healed":0,"gold_gain":0,"player_choice":"2 cards matched","damage_taken":0,"max_hp_gain":0,"max_hp_loss":0,"event_name":"Match and Keep!","floor":20,"gold_loss":0,"cards_obtained":["Electrodynamics","Steam Power"]},{"damage_healed":0,"gold_gain":99,"player_choice":"Stole From Cult","damage_taken":0,"max_hp_gain":0,"max_hp_loss":0,"event_name":"Nest","floor":31,"gold_loss":0}],"is_beta":false,"boss_relics":[{"not_picked":["Fusion Hammer","Philosopher\u0027s Stone"],"picked":"Lizard Tail"}],"items_purged_floors":[8,12,25],"is_endless":false,"potions_floor_spawned":[5,10,18,22,24,29],"killed_by":"Collector","ascension_level":0}