{"gold_per_floor":[15,15,15,31,51,51,84,97,121,121],"floor_reached":10,"playtime":396,"items_purged":[],"score":129,"play_id":"c4e6ff8b-e260-492d-a352-2627030c9f20","local_time":"20190524110508","is_ascension_mode":true,"campfire_choices":[{"data":"Rampage","floor":6,"key":"SMITH"}],"neow_cost":"NO_GOLD","seed_source_timestamp":242256591590631,"circlet_count":0,"master_deck":["AscendersBane","Strike_R","Strike_R+1","Strike_R","Strike_R","Defend_R","Defend_R+1","Defend_R","Bash+1","Disarm+1","Rampage+1","Shockwave"],"relics":["Burning Blood","Art of War","War Paint","Whetstone"],"potions_floor_usage":[10,10],"damage_taken":[{"damage":12,"enemies":"Cultist","floor":1,"turns":4},{"damage":2,"enemies":"2 Louse","floor":4,"turns":4},{"damage":12,"enemies":"Jaw Worm","floor":5,"turns":5},{"damage":55,"enemies":"Lagavulin","floor":7,"turns":7},{"damage":5,"enemies":"Large Slime","floor":8,"turns":4},{"damage":17,"enemies":"Gremlin Nob","floor":10,"turns":3}],"seed_played":"7609258376167141066","potions_obtained":[{"floor":4,"key":"Strength Potion"},{"floor":7,"key":"EssenceOfSteel"}],"is_trial":false,"path_per_floor":["M","?","$","M","M","R","E","M","T","E"],"character_chosen":"IRONCLAD","items_purchased":[],"campfire_rested":0,"item_purchase_floors":[],"current_hp_per_floor":[62,62,62,66,60,60,11,12,12,0],"gold":121,"neow_bonus":"REMOVE_TWO","is_prod":false,"is_daily":false,"chose_seed":false,"campfire_upgraded":1,"win_rate":0,"timestamp":1558685108,"path_taken":["M","?","$","M","M","R","E","?","T","E"],"build_version":"2019-01-23","purchased_purges":0,"victory":false,"max_hp_per_floor":[75,75,75,75,75,75,75,75,75,75],"card_choices":[{"not_picked":["Hemokinesis","Iron Wave"],"picked":"Warcry","floor":1},{"not_picked":["Cleave","Rupture"],"picked":"Disarm","floor":4},{"not_picked":["Sword Boomerang","Power Through"],"picked":"Rampage","floor":5},{"not_picked":["Limit Break","Perfected Strike"],"picked":"Shockwave","floor":7},{"not_picked":["Heavy Blade","Whirlwind","Rampage"],"picked":"SKIP","floor":8}],"player_experience":1395983,"relics_obtained":[{"floor":7,"key":"War Paint"},{"floor":9,"key":"Whetstone"}],"event_choices":[{"cards_removed":["Warcry"],"damage_healed":0,"gold_gain":0,"player_choice":"Gave Card","damage_taken":0,"relics_obtained":["Art of War"],"max_hp_gain":0,"max_hp_loss":0,"event_name":"WeMeetAgain","floor":2,"gold_loss":0}],"is_beta":false,"boss_relics":[],"items_purged_floors":[],"is_endless":false,"potions_floor_spawned":[4,7],"killed_by":"Gremlin Nob","ascension_level":18}