{"gold_per_floor":[112,112,128,147,72,72,72,147,224,224,11,11,39,39,39,116,116,136,149,149],"floor_reached":20,"playtime":923,"items_purged":[],"score":340,"play_id":"699c22da-53a1-4336-8090-fdd7773e35c6","local_time":"20190324172921","is_ascension_mode":true,"campfire_choices":[{"data":"Armaments","floor":6,"key":"SMITH"},{"floor":10,"key":"REST"},{"data":"Feed","floor":12,"key":"SMITH"},{"data":"Shockwave","floor":15,"key":"SMITH"}],"neow_cost":"PERCENT_DAMAGE","seed_source_timestamp":2133591235484162,"circlet_count":0,"master_deck":["AscendersBane","Strike_R","Strike_R","Strike_R","Strike_R","Defend_R","Defend_R+1","Defend_R","Defend_R","Bash+1","Feed+1","Armaments+1","Iron Wave","Clothesline","Feed","Shockwave+1","Double Tap","Cleave","Inflame+1"],"relics":["Black Blood","DollysMirror","Frozen Egg 2"],"potions_floor_usage":[13,16,19,19],"damage_taken":[{"damage":9,"enemies":"Jaw Worm","floor":1,"turns":5},{"damage":8,"enemies":"2 Louse","floor":3,"turns":4},{"damage":7,"enemies":"Small Slimes","floor":4,"turns":3},{"damage":22,"enemies":"Gremlin Nob","floor":13,"turns":5},{"damage":24,"enemies":"Hexaghost","floor":16,"turns":13},{"damage":45,"enemies":"Shell Parasite","floor":18,"turns":12},{"damage":20,"enemies":"Chosen","floor":19,"turns":7},{"damage":36,"enemies":"Snake Plant","floor":20,"turns":5}],"seed_played":"1035112107077450371","potions_obtained":[{"floor":3,"key":"PowerPotion"},{"floor":13,"key":"LiquidBronze"},{"floor":16,"key":"Poison Potion"},{"floor":18,"key":"EssenceOfSteel"}],"is_trial":false,"path_per_floor":["M","?","M","M","?","R","$","?","T","R","$","R","E","$","R","B",null,"M","M","M"],"character_chosen":"IRONCLAD","items_purchased":["DollysMirror"],"campfire_rested":1,"item_purchase_floors":[11],"current_hp_per_floor":[50,27,28,30,30,30,30,19,19,44,44,44,28,28,28,14,70,39,33,0],"gold":149,"neow_bonus":"THREE_RARE_CARDS","is_prod":false,"is_daily":false,"chose_seed":false,"campfire_upgraded":3,"win_rate":0,"timestamp":1553416161,"path_taken":["M","?","M","M","?","R","$","?","T","R","$","R","E","?","R","BOSS","M","M","M"],"build_version":"2019-03-15","purchased_purges":0,"victory":false,"max_hp_per_floor":[78,78,81,84,84,84,84,84,84,84,84,84,84,84,84,88,88,92,96,96],"card_choices":[{"not_picked":["Limit Break","Dark Embrace"],"picked":"Feed","floor":0},{"not_picked":["Combust","Burning Pact"],"picked":"Armaments","floor":1},{"not_picked":["Armaments","Combust"],"picked":"Iron Wave","floor":3},{"not_picked":["Clash","Armaments"],"picked":"Clothesline","floor":4},{"not_picked":["Shrug It Off","Cleave"],"picked":"Shockwave","floor":13},{"not_picked":["Immolate","Berserk+1"],"picked":"Double Tap","floor":16},{"not_picked":["Thunderclap","Clash"],"picked":"Cleave","floor":18},{"not_picked":["Rampage","Infernal Blade"],"picked":"Inflame+1","floor":19}],"player_experience":2727169,"relics_obtained":[{"floor":13,"key":"Frozen Egg 2"}],"event_choices":[{"damage_healed":0,"gold_gain":0,"player_choice":"Entered Light","damage_taken":23,"max_hp_gain":0,"max_hp_loss":0,"event_name":"Shining Light","floor":2,"gold_loss":0,"cards_upgraded":["Defend_R","Bash"]},{"cards_removed":["Strike_R"],"damage_healed":0,"gold_gain":0,"player_choice":"Card Removal","damage_taken":0,"max_hp_gain":0,"max_hp_loss":0,"event_name":"The Cleric","floor":5,"gold_loss":75},{"damage_healed":0,"gold_gain":75,"player_choice":"Gather Gold","damage_taken":11,"max_hp_gain":0,"max_hp_loss":0,"event_name":"World of Goop","floor":8,"gold_loss":0}],"is_beta":true,"boss_relics":[{"not_picked":["Mark of Pain","Snecko Eye"],"picked":"Black Blood"}],"items_purged_floors":[],"is_endless":false,"potions_floor_spawned":[3,13,16,18],"killed_by":"Snake Plant","ascension_level":17}