{"gold_per_floor":[117,132,143,143,157,157,185,185,208,235,235,246,156,176,176,250,250,266,282,207,225,175,175],"floor_reached":23,"playtime":592,"items_purged":["Strike_B"],"score":506,"play_id":"ee05c7e1-e8e4-4368-8767-82a7d6f9063f","local_time":"20190321233348","is_ascension_mode":true,"campfire_choices":[{"floor":6,"key":"REST"},{"floor":8,"key":"REST"},{"data":"Fusion","floor":11,"key":"SMITH"},{"data":"Redo","floor":15,"key":"SMITH"}],"neow_cost":"PERCENT_DAMAGE","seed_source_timestamp":690100841188400,"circlet_count":0,"master_deck":["AscendersBane","Strike_B","Strike_B","Defend_B","Defend_B","Defend_B","Zap","Dualcast","Leap","Ball Lightning","Redo+1","Doom and Gloom","Core Surge","Fusion+1","Cold Snap","Reinforced Body","Biased Cognition","Recycle","Coolheaded"],"relics":["Cracked Core","Lantern","DataDisk","Anchor","Vajra","StoneCalendar","Black Star"],"potions_floor_usage":[3,16,21],"damage_taken":[{"damage":5,"enemies":"Small Slimes","floor":1,"turns":3},{"damage":2,"enemies":"2 Louse","floor":2,"turns":3},{"damage":7,"enemies":"Cultist","floor":3,"turns":4},{"damage":1,"enemies":"2 Fungi Beasts","floor":5,"turns":2},{"damage":17,"enemies":"Lagavulin","floor":7,"turns":6},{"damage":20,"enemies":"Gremlin Nob","floor":10,"turns":4},{"damage":0,"enemies":"Red Slaver","floor":12,"turns":3},{"damage":0,"enemies":"Blue Slaver","floor":14,"turns":2},{"damage":0,"enemies":"Slime Boss","floor":16,"turns":7},{"damage":0,"enemies":"Chosen","floor":18,"turns":3},{"damage":9,"enemies":"Shell Parasite","floor":19,"turns":6},{"damage":0,"enemies":"Cultist and Chosen","floor":21,"turns":5},{"damage":52,"enemies":"Book of Stabbing","floor":23,"turns":5}],"seed_played":"-3628295684087844900","potions_obtained":[{"floor":2,"key":"Regen Potion"},{"floor":10,"key":"Strength Potion"},{"floor":14,"key":"Explosive Potion"},{"floor":16,"key":"GamblersBrew"},{"floor":18,"key":"AttackPotion"}],"is_trial":false,"path_per_floor":["M","M","M","?","M","R","E","R","T","E","R","M","?","M","R","B",null,"M","M","$","M","?","E"],"character_chosen":"DEFECT","items_purchased":[],"campfire_rested":2,"item_purchase_floors":[],"current_hp_per_floor":[41,39,44,26,25,46,29,50,50,30,30,30,30,30,30,30,61,61,52,52,52,52,0],"gold":175,"neow_bonus":"REMOVE_TWO","is_prod":false,"is_daily":false,"chose_seed":false,"campfire_upgraded":2,"win_rate":0,"timestamp":1553178828,"path_taken":["M","M","M","?","M","R","E","R","T","E","R","M","?","M","R","BOSS","M","?","$","M","?","E"],"build_version":"2019-01-23","purchased_purges":1,"victory":false,"max_hp_per_floor":[71,71,71,71,71,71,71,71,71,71,71,71,71,71,71,71,71,71,71,71,71,71,71],"card_choices":[{"not_picked":["Turbo","Stack"],"picked":"Leap","floor":1},{"not_picked":["Glacier","Cold Snap"],"picked":"Ball Lightning","floor":2},{"not_picked":["Turbo","Static Discharge"],"picked":"Redo","floor":3},{"not_picked":["Hologram","Storm"],"picked":"Doom and Gloom","floor":5},{"not_picked":["Steam","Compile Driver"],"picked":"Core Surge","floor":7},{"not_picked":["Tempest","Streamline"],"picked":"Fusion","floor":10},{"not_picked":["Genetic Algorithm","Barrage"],"picked":"Cold Snap","floor":12},{"not_picked":["Ball Lightning","Turbo"],"picked":"Reinforced Body","floor":14},{"not_picked":["Echo Form","Multi-Cast"],"picked":"Biased Cognition","floor":16},{"not_picked":["Undo","Tempest"],"picked":"Recycle","floor":18},{"not_picked":["Double Energy","Reinforced Body","Ball Lightning"],"picked":"SKIP","floor":19},{"not_picked":["Reinforced Body","Gash"],"picked":"Coolheaded","floor":21}],"player_experience":4577423,"relics_obtained":[{"floor":7,"key":"DataDisk"},{"floor":9,"key":"Anchor"},{"floor":10,"key":"Vajra"}],"event_choices":[{"damage_healed":0,"gold_gain":0,"player_choice":"Success","damage_taken":18,"relics_obtained":["Lantern"],"max_hp_gain":0,"max_hp_loss":0,"event_name":"Scrap Ooze","floor":4,"gold_loss":0},{"damage_healed":0,"gold_gain":0,"player_choice":"Paid Gold","damage_taken":0,"relics_obtained":["StoneCalendar"],"max_hp_gain":0,"max_hp_loss":0,"event_name":"WeMeetAgain","floor":13,"gold_loss":90},{"damage_healed":0,"gold_gain":0,"player_choice":"Bet on Murderer","damage_taken":0,"max_hp_gain":0,"max_hp_loss":0,"event_name":"The Joust","floor":22,"gold_loss":50}],"is_beta":false,"boss_relics":[{"not_picked":["White Beast Statue","Sozu"],"picked":"Black Star"}],"items_purged_floors":[20],"is_endless":false,"potions_floor_spawned":[2,10,14,16,18],"killed_by":"Book of Stabbing","ascension_level":20}