{"gold_per_floor":[112,112,176,151,201,201,231,231,231,2,2,63,39,54,54,130,130,150,200,267,317,317],"floor_reached":22,"playtime":526,"items_purged":[],"score":439,"play_id":"5f67b160-907a-4123-b428-6abd2d2e8084","local_time":"20190313223356","is_ascension_mode":true,"campfire_choices":[{"floor":6,"key":"REST"},{"data":"Zap","floor":8,"key":"SMITH"},{"data":"Dualcast","floor":11,"key":"SMITH"},{"data":"Creative AI","floor":15,"key":"SMITH"}],"neow_cost":"NONE","seed_source_timestamp":910662695818664,"circlet_count":0,"master_deck":["AscendersBane","Strike_B","Strike_B","Strike_B","Defend_B","Defend_B","Defend_B","Defend_B","Zap+1","Dualcast+1","Beam Cell","Ball Lightning","Self Repair","Rebound","Streamline","Creative AI+1","Core Surge","Hologram","Core Surge","Meteor Strike"],"relics":["Cracked Core","NeowsBlessing","SsserpentHead","Shuriken","Mango","Strawberry","ClockworkSouvenir","Inserter","Unceasing Top"],"potions_floor_usage":[14,22],"damage_taken":[{"damage":0,"enemies":"Small Slimes","floor":1,"turns":1},{"damage":0,"enemies":"Cultist","floor":3,"turns":1},{"damage":0,"enemies":"Gremlin Nob","floor":7,"turns":1},{"damage":0,"enemies":"2 Louse","floor":12,"turns":2},{"damage":11,"enemies":"Exordium Thugs","floor":14,"turns":3},{"damage":63,"enemies":"The Guardian","floor":16,"turns":11},{"damage":29,"enemies":"3 Byrds","floor":18,"turns":3},{"damage":47,"enemies":"Shell Parasite","floor":20,"turns":5},{"damage":16,"enemies":"Snake Plant","floor":22,"turns":2}],"seed_played":"5667666784995700631","potions_obtained":[{"floor":1,"key":"Explosive Potion"},{"floor":3,"key":"GamblersBrew"},{"floor":16,"key":"Swift Potion"}],"is_trial":false,"path_per_floor":["M","?","M","?","?","R","E","R","T","$","R","M","$","M","R","B",null,"M","?","M","T","M"],"character_chosen":"DEFECT","items_purchased":["ClockworkSouvenir","Streamline"],"campfire_rested":1,"item_purchase_floors":[10,13],"current_hp_per_floor":[64,64,64,64,29,50,64,64,71,71,71,78,78,74,74,18,74,52,52,12,12,0],"gold":317,"neow_bonus":"THREE_ENEMY_KILL","is_prod":false,"is_daily":false,"chose_seed":false,"campfire_upgraded":3,"win_rate":0,"timestamp":1552484036,"path_taken":["M","?","?","?","?","R","E","R","T","$","R","?","$","M","R","BOSS","M","?","?","?","M"],"build_version":"2019-01-23","purchased_purges":0,"victory":false,"max_hp_per_floor":[71,71,71,71,71,71,85,85,92,92,92,92,92,92,92,92,92,92,92,92,92,92],"card_choices":[{"not_picked":["Auto Shields","Aggregate"],"picked":"Beam Cell","floor":1},{"not_picked":["Beam Cell","Tempest"],"picked":"Ball Lightning","floor":3},{"not_picked":["Beam Cell","Stack"],"picked":"Self Repair","floor":7},{"not_picked":["Self Repair","Blizzard"],"picked":"Rebound","floor":12},{"not_picked":["Ball Lightning","Cold Snap"],"picked":"Creative AI","floor":14},{"not_picked":["All For One","Buffer"],"picked":"Core Surge","floor":16},{"not_picked":["Ball Lightning","Go for the Eyes"],"picked":"Hologram","floor":18},{"not_picked":["Sweeping Beam","Turbo"],"picked":"Meteor Strike","floor":20}],"player_experience":746636,"relics_obtained":[{"floor":7,"key":"Mango"},{"floor":9,"key":"Strawberry"},{"floor":21,"key":"Unceasing Top"}],"event_choices":[{"damage_healed":0,"gold_gain":0,"player_choice":"Trade","damage_taken":0,"relics_obtained":["SsserpentHead"],"max_hp_gain":0,"max_hp_loss":0,"event_name":"FaceTrader","floor":2,"gold_loss":0},{"cards_removed":["Strike_B"],"damage_healed":0,"gold_gain":0,"player_choice":"Card Removal","damage_taken":0,"max_hp_gain":0,"max_hp_loss":0,"event_name":"The Cleric","floor":4,"gold_loss":75},{"damage_healed":0,"gold_gain":0,"player_choice":"Success","damage_taken":35,"relics_obtained":["Shuriken"],"max_hp_gain":0,"max_hp_loss":0,"event_name":"Scrap Ooze","floor":5,"gold_loss":0},{"damage_healed":0,"gold_gain":0,"player_choice":"Copied","damage_taken":0,"max_hp_gain":0,"max_hp_loss":0,"event_name":"Duplicator","floor":19,"gold_loss":0,"cards_obtained":["Core Surge"]}],"is_beta":false,"boss_relics":[{"not_picked":["Runic Pyramid","Black Star"],"picked":"Inserter"}],"items_purged_floors":[],"is_endless":false,"potions_floor_spawned":[1,3,12,16],"killed_by":"Snake Plant","ascension_level":20}