{"gold_per_floor":[114,133,208,133,133,133,198,224,224,224,237,255,274,284,284,384,384,402,402,79,79,89,89,116,31,58,74,74,84,110,122,122,225,225,245,245,105,117,130,130,158,158,183,208,208,88,104,104,104,104],"floor_reached":51,"playtime":3019,"items_purged":["Strike_B","Strike_B","Defend_B","Normality"],"score":776,"play_id":"fcc16670-db2a-410c-be87-c2e45b048b47","local_time":"20181225232350","is_ascension_mode":true,"campfire_choices":[{"data":"Streamline","floor":6.0,"key":"SMITH"},{"floor":10.0,"key":"REST"},{"floor":15.0,"key":"REST"},{"data":"White Noise","floor":23.0,"key":"SMITH"},{"data":"White Noise","floor":28.0,"key":"SMITH"},{"floor":32.0,"key":"REST"},{"data":"Auto Shields","floor":40,"key":"SMITH"},{"data":"Zap","floor":42,"key":"SMITH"},{"data":"Dualcast","floor":45,"key":"SMITH"},{"floor":49,"key":"REST"}],"neow_cost":"NONE","seed_source_timestamp":0,"circlet_count":0,"master_deck":["Strike_B+1","Defend_B","Defend_B+1","Zap+1","Dualcast+1","Streamline+1","Melter","Leap","White Noise+1","Electrodynamics","Turbo","Auto Shields+1","Thunder Strike","Ball Lightning","Beam Cell","Writhe","Hello World","Lockon","Creative AI","White Noise+1","Electrodynamics","Loop+1","Redo+1","Defragment+1","White Noise+1","Decay","Stack+1","Writhe"],"special_seed":0,"relics":["Cracked Core","Gremlin Horn","Art of War","Mummified Hand","Orrery","The Courier","Bronze Scales","Torii","Singing Bowl","Bag of Preparation","Question Card","Cursed Key","Dodecahedron","Anchor","Lantern","Kunai"],"potions_floor_usage":[47,47,47,47,50,50],"damage_taken":[{"damage":0.0,"enemies":"2 Louse","floor":1.0,"turns":3.0},{"damage":1.0,"enemies":"Jaw Worm","floor":2.0,"turns":3.0},{"damage":18.0,"enemies":"Gremlin Nob","floor":7.0,"turns":4.0},{"damage":14.0,"enemies":"Lagavulin","floor":8.0,"turns":5.0},{"damage":0.0,"enemies":"Small Slimes","floor":11.0,"turns":2.0},{"damage":13.0,"enemies":"Exordium Wildlife","floor":12.0,"turns":2.0},{"damage":0.0,"enemies":"3 Louse","floor":13.0,"turns":1.0},{"damage":0.0,"enemies":"2 Fungi Beasts","floor":14.0,"turns":2.0},{"damage":0.0,"enemies":"Slime Boss","floor":16.0,"turns":7.0},{"damage":0.0,"enemies":"Spheric Guardian","floor":18.0,"turns":3.0},{"damage":6.0,"enemies":"2 Thieves","floor":22.0,"turns":3.0},{"damage":20.0,"enemies":"Slavers","floor":24.0,"turns":3.0},{"damage":7.0,"enemies":"Centurion and Healer","floor":27.0,"turns":2.0},{"damage":0.0,"enemies":"Chosen and Byrds","floor":29.0,"turns":2.0},{"damage":27.0,"enemies":"Gremlin Leader","floor":30.0,"turns":4.0},{"damage":0.0,"enemies":"3 Cultists","floor":31.0,"turns":2.0},{"damage":40,"enemies":"Collector","floor":33,"turns":7},{"damage":11,"enemies":"3 Darklings","floor":35,"turns":3},{"damage":3,"enemies":"3 Shapes","floor":38,"turns":3},{"damage":0,"enemies":"Transient","floor":39,"turns":5},{"damage":7,"enemies":"Giant Head","floor":41,"turns":5},{"damage":21,"enemies":"Jaw Worm Horde","floor":47,"turns":3},{"damage":68,"enemies":"Awakened One","floor":50,"turns":9}],"seed_played":"4407098559782655205","potions_obtained":[{"floor":1.0,"key":"Block Potion"},{"floor":7.0,"key":"AttackPotion"},{"floor":11.0,"key":"Fire Potion"},{"floor":13.0,"key":"Explosive Potion"},{"floor":14.0,"key":"AttackPotion"},{"floor":22.0,"key":"Dexterity Potion"},{"floor":30.0,"key":"Explosive Potion"},{"floor":33,"key":"EntropicBrew"},{"floor":35,"key":"Dexterity Potion"}],"is_trial":false,"path_per_floor":["M","M","?","$","?","R","?","E","T","R","M","M","M","M","R","B",null,"M","?","$","?","M","R","E","?","T","M","R","M","E","M","R","B",null,"M","?","$","M","M","R","E","R","T","T","R","$","M","T","R","B",null],"character_chosen":"DEFECT","items_purchased":["Hello World","Lockon","Bronze Scales","Block Potion"],"campfire_rested":4,"item_purchase_floors":[20,20,20,37],"current_hp_per_floor":[75,74,63,63,48,48,30,16,16,38,38,25,25,25,47,47,75,75,75,75,75,69,69,49,49,49,42,42,42,17,19,42,4,81,70,70,70,69,71,71,66,66,66,66,66,66,45,45,71,3],"gold":104,"neow_bonus":"THREE_CARDS","is_prod":false,"is_daily":false,"chose_seed":false,"campfire_upgraded":6,"win_rate":0,"timestamp":1545747830,"path_taken":["M","M","?","$","?","R","?","E","T","R","M","M","M","?","R","BOSS","M","?","$","?","M","R","E","?","T","M","R","M","E","M","R","BOSS","M","?","$","M","?","R","E","R","T","?","R","?","M","?","R","BOSS"],"build_version":"2018-12-20","purchased_purges":4,"victory":true,"max_hp_per_floor":[75,75,75,75,75,75,75,75,75,75,75,75,75,75,75,75,75,75,75,75,75,75,75,75,75,75,75,75,75,77,79,79,81,81,81,81,81,83,85,85,87,87,87,87,87,87,87,87,87,87],"card_choices":[{"not_picked":["Hologram","Capacitor"],"picked":"Streamline","floor":0.0},{"not_picked":["Lockon","Streamline"],"picked":"Melter","floor":1.0},{"not_picked":["Hologram","Fusion"],"picked":"Leap","floor":2.0},{"not_picked":["Static Discharge","Blizzard"],"picked":"White Noise","floor":7.0},{"not_picked":["Gash","Steam"],"picked":"Electrodynamics","floor":8.0},{"not_picked":["Stack","Gash"],"picked":"Turbo","floor":11.0},{"not_picked":["Steam","Heatsinks"],"picked":"Auto Shields","floor":12.0},{"not_picked":["Streamline","Go for the Eyes","Darkness"],"picked":"SKIP","floor":13.0},{"not_picked":["Meteor Strike","Barrage","Compile Driver"],"picked":"SKIP","floor":14.0},{"not_picked":["Machine Learning","Core Surge"],"picked":"Thunder Strike","floor":16.0},{"not_picked":["Fusion","Chill"],"picked":"Ball Lightning","floor":17.0},{"not_picked":["Coolheaded","Redo"],"picked":"Beam Cell","floor":17.0},{"not_picked":["Skim","Rebound","Ball Lightning"],"picked":"SKIP","floor":18.0},{"not_picked":["Barrage+1","Conserve Battery"],"picked":"Electrodynamics","floor":22.0},{"not_picked":["Lockon","Compile Driver","Doom and Gloom"],"picked":"SKIP","floor":24.0},{"not_picked":["Turbo","Gash"],"picked":"Loop+1","floor":27.0},{"not_picked":["Barrage+1","Compile Driver"],"picked":"Redo+1","floor":29.0},{"not_picked":["Sweeping Beam","Hologram+1","Static Discharge"],"picked":"Singing Bowl","floor":30.0},{"not_picked":["Stack","Redo+1","Hologram","Steam"],"picked":"Singing Bowl","floor":31.0},{"not_picked":["Biased Cognition","Thunder Strike","Core Surge","Meteor Strike"],"picked":"Singing Bowl","floor":33},{"not_picked":["Rebound","Melter","Darkness+1"],"picked":"Defragment+1","floor":35},{"not_picked":["Steam","Turbo+1","Ball Lightning+1","Barrage"],"picked":"Singing Bowl","floor":38},{"not_picked":["Turbo+1","Redo","Beam Cell","Compile Driver"],"picked":"Singing Bowl","floor":39},{"not_picked":["Go for the Eyes","Genetic Algorithm","Hologram","Hyperbeam"],"picked":"Singing Bowl","floor":41},{"not_picked":["Coolheaded","Hologram","Sweeping Beam"],"picked":"Stack+1","floor":47}],"player_experience":192967,"relics_obtained":[{"floor":7.0,"key":"Gremlin Horn"},{"floor":8.0,"key":"Art of War"},{"floor":9.0,"key":"Mummified Hand"},{"floor":24.0,"key":"Torii"},{"floor":26.0,"key":"Bag of Preparation"},{"floor":30.0,"key":"Question Card"},{"floor":41,"key":"Dodecahedron"},{"floor":43,"key":"Anchor"},{"floor":44,"key":"Lantern"},{"floor":48,"key":"Kunai"}],"event_choices":[{"damage_healed":0.0,"max_hp_gain":0.0,"max_hp_loss":0.0,"gold_gain":75.0,"event_name":"World of Goop","player_choice":"Gather Gold","floor":3.0,"gold_loss":0.0,"damage_taken":11.0},{"damage_healed":0.0,"max_hp_gain":0.0,"max_hp_loss":0.0,"gold_gain":0.0,"event_name":"Shining Light","player_choice":"Entered Light","floor":5.0,"gold_loss":0.0,"damage_taken":15.0,"cards_upgraded":["Defend_B","Strike_B"]},{"damage_healed":0.0,"max_hp_gain":0.0,"max_hp_loss":0.0,"gold_gain":30.0,"event_name":"Dead Adventurer","player_choice":"Searched \u00272\u0027 times","floor":7.0,"gold_loss":0.0,"damage_taken":0.0},{"damage_healed":0.0,"max_hp_gain":0.0,"max_hp_loss":0.0,"gold_gain":0.0,"event_name":"The Mausoleum","player_choice":"Opened","floor":19.0,"gold_loss":0.0,"damage_taken":0.0,"relics_obtained":["The Courier"],"cards_obtained":["Writhe"]},{"damage_healed":0.0,"max_hp_gain":0.0,"max_hp_loss":0.0,"gold_gain":0.0,"cards_transformed":["Strike_B","Defend_B"],"event_name":"Drug Dealer","player_choice":"Became Test Subject","floor":21.0,"gold_loss":0.0,"damage_taken":0.0,"cards_obtained":["Creative AI","White Noise"]},{"damage_healed":0.0,"max_hp_gain":0.0,"max_hp_loss":0.0,"gold_gain":0.0,"event_name":"Addict","player_choice":"Obtained Relic","floor":25.0,"gold_loss":85.0,"damage_taken":0.0,"relics_obtained":["Singing Bowl"]},{"damage_healed":0,"gold_gain":0,"player_choice":"Copied","damage_taken":0,"max_hp_gain":0,"max_hp_loss":0,"event_name":"Duplicator","floor":36,"gold_loss":0,"cards_obtained":["White Noise"]}],"is_beta":false,"boss_relics":[{"not_picked":["Eternal Feather","Snecko Eye"],"picked":"Orrery"},{"not_picked":["Inserter","Coffee Dripper"],"picked":"Cursed Key"}],"items_purged_floors":[4,20,37,46],"is_endless":false,"potions_floor_spawned":[1,7,11,13,14,18,22,30,33,35],"ascension_level":1}