{"gold_per_floor":[110,160,178,194,164,164,195,9,9,9,22,42,73,85,85,162,162,174,174,35,53,53,53,84,4,4,51,11,23,23,23],"floor_reached":31,"playtime":724,"items_purged":["Strike_B","Strike_B"],"score":530,"play_id":"5d589aa4-7ba2-4507-84b4-bda3c4e796ae","local_time":"20190530134555","is_ascension_mode":true,"campfire_choices":[{"data":"Streamline","floor":6,"key":"SMITH"},{"data":"Sunder","floor":10,"key":"SMITH"},{"data":"Fusion","floor":15,"key":"SMITH"},{"floor":23,"key":"REST"},{"floor":30,"key":"REST"}],"neow_cost":"NONE","seed_source_timestamp":317088292086300,"circlet_count":0,"master_deck":["AscendersBane","Strike_B","Defend_B","Defend_B","Defend_B","Zap","Dualcast","Sweeping Beam+1","Streamline+1","Cold Snap","Sunder+1","Compile Driver+1","Doom and Gloom","Fusion+1","Glacier","Chill","Turbo","Multi-Cast","Defragment","Fusion+1","Melter","Hologram","Skim","Capacitor","Darkness+1","Redo+1"],"relics":["Cracked Core","NeowsBlessing","PreservedInsect","Bag of Preparation","Mercury Hourglass","Empty Cage","Nunchaku","Toxic Egg 2","Whetstone"],"potions_floor_usage":[5,7,11,16,29],"damage_taken":[{"damage":0,"enemies":"2 Louse","floor":1,"turns":1},{"damage":0,"enemies":"Cultist","floor":3,"turns":1},{"damage":0,"enemies":"Small Slimes","floor":4,"turns":1},{"damage":19,"enemies":"Exordium Thugs","floor":5,"turns":4},{"damage":9,"enemies":"Gremlin Nob","floor":7,"turns":3},{"damage":4,"enemies":"Blue Slaver","floor":11,"turns":4},{"damage":7,"enemies":"Looter","floor":12,"turns":3},{"damage":13,"enemies":"Lagavulin","floor":13,"turns":5},{"damage":0,"enemies":"Exordium Wildlife","floor":14,"turns":2},{"damage":11,"enemies":"Hexaghost","floor":16,"turns":9},{"damage":5,"enemies":"Chosen","floor":18,"turns":4},{"damage":12,"enemies":"Shell Parasite","floor":21,"turns":5},{"damage":52,"enemies":"Slavers","floor":24,"turns":5},{"damage":0,"enemies":"Centurion and Healer","floor":29,"turns":6},{"damage":27,"enemies":"Shelled Parasite and Fungi","floor":31,"turns":2}],"seed_played":"7027551767229865225","potions_obtained":[{"floor":1,"key":"EntropicBrew"},{"floor":5,"key":"FearPotion"},{"floor":7,"key":"SteroidPotion"},{"floor":12,"key":"Fire Potion"},{"floor":24,"key":"Block Potion"}],"is_trial":false,"path_per_floor":["M","?","M","M","M","R","E","$","T","R","M","M","E","M","R","B",null,"M","?","$","M","?","R","E","$","T","T","$","M","R","M"],"character_chosen":"DEFECT","items_purchased":["Compile Driver","Doom and Gloom","Melter","Capacitor","Darkness+1"],"campfire_rested":2,"item_purchase_floors":[8,8,20,25,28],"current_hp_per_floor":[64,64,64,64,45,45,36,36,36,36,32,25,12,12,12,1,54,49,49,49,37,37,58,6,6,6,6,6,6,27,0],"gold":23,"neow_bonus":"THREE_ENEMY_KILL","is_prod":false,"is_daily":false,"chose_seed":false,"campfire_upgraded":3,"win_rate":0,"timestamp":1559191555,"path_taken":["M","?","?","M","M","R","E","?","T","R","M","M","E","M","R","BOSS","M","?","?","M","?","R","E","$","T","?","$","M","R","M"],"build_version":"2019-01-23","purchased_purges":2,"victory":false,"max_hp_per_floor":[71,71,71,71,71,71,71,71,71,71,71,71,71,71,71,71,71,71,71,71,71,71,71,71,71,71,71,71,71,71,71],"card_choices":[{"not_picked":["Fusion","Go for the Eyes"],"picked":"Sweeping Beam","floor":1},{"not_picked":["Go for the Eyes","Static Discharge"],"picked":"Streamline","floor":3},{"not_picked":["Force Field","Blizzard","Steam"],"picked":"SKIP","floor":4},{"not_picked":["Meteor Strike","Compile Driver"],"picked":"Cold Snap","floor":5},{"not_picked":["Compile Driver","Heatsinks"],"picked":"Sunder","floor":7},{"not_picked":["Barrage","Leap"],"picked":"Fusion","floor":11},{"not_picked":["Leap","Ball Lightning"],"picked":"Glacier","floor":12},{"not_picked":["Compile Driver","Reboot"],"picked":"Chill","floor":13},{"not_picked":["Chaos","Gash"],"picked":"Turbo","floor":14},{"not_picked":["Thunder Strike","Reboot"],"picked":"Multi-Cast","floor":16},{"not_picked":["Redo","Sweeping Beam"],"picked":"Defragment","floor":18},{"not_picked":["Ball Lightning","Rebound"],"picked":"Hologram","floor":21},{"not_picked":["Reprogram+1","Aggregate"],"picked":"Skim","floor":24},{"not_picked":["Capacitor","Tempest+1"],"picked":"Redo+1","floor":29}],"player_experience":5207598,"relics_obtained":[{"floor":7,"key":"PreservedInsect"},{"floor":9,"key":"Bag of Preparation"},{"floor":13,"key":"Mercury Hourglass"},{"floor":24,"key":"Nunchaku"},{"floor":26,"key":"Toxic Egg 2"},{"floor":27,"key":"Whetstone"}],"event_choices":[{"damage_healed":0,"gold_gain":50,"player_choice":"Pray","damage_taken":0,"max_hp_gain":0,"max_hp_loss":0,"event_name":"Golden Shrine","floor":2,"gold_loss":0},{"damage_healed":0,"gold_gain":0,"player_choice":"Copied","damage_taken":0,"max_hp_gain":0,"max_hp_loss":0,"event_name":"Duplicator","floor":19,"gold_loss":0,"cards_obtained":["Fusion"]},{"damage_healed":0,"gold_gain":0,"player_choice":"Ignored","damage_taken":0,"max_hp_gain":0,"max_hp_loss":0,"event_name":"The Mausoleum","floor":22,"gold_loss":0}],"is_beta":false,"boss_relics":[{"not_picked":["Calling Bell","Black Star"],"picked":"Empty Cage"}],"items_purged_floors":[8,20],"is_endless":false,"potions_floor_spawned":[1,5,7,12,24],"killed_by":"Shelled Parasite and Fungi","ascension_level":20}