{"gold_per_floor":[360,374,374,17,0,33,33,47,47,47,66,40,40,54,54,129,129,142,117,42,53,71,71,71],"floor_reached":24,"playtime":1683,"items_purged":["Decay"],"score":356,"play_id":"fa88de5e-2d95-4327-bebb-c54d9e9ccb6d","local_time":"20190514181233","is_ascension_mode":true,"campfire_choices":[{"floor":7.0,"key":"REST"},{"floor":10.0,"key":"REST"},{"data":"Bludgeon","floor":13.0,"key":"SMITH"},{"floor":15.0,"key":"REST"},{"floor":23,"key":"REST"}],"neow_cost":"PERCENT_DAMAGE","seed_source_timestamp":0,"circlet_count":0,"master_deck":["AscendersBane","Strike_R","Strike_R","Strike_R","Strike_R","Strike_R","Defend_R","Defend_R","Defend_R","Defend_R","Bash","Anger+1","Shrug It Off","Corruption","Havoc","Disarm","Pommel Strike","Bludgeon+1","Warcry","Heavy Blade","Bludgeon","Injury","Parasite","Infernal Blade","Pommel Strike","Intimidate","Pommel Strike"],"special_seed":0,"relics":["Burning Blood","ClockworkSouvenir","Gremlin Horn","Question Card","Calling Bell","Oddly Smooth Stone","Pantograph","Ginger"],"potions_floor_usage":[22],"damage_taken":[{"damage":7.0,"enemies":"2 Louse","floor":1.0,"turns":4.0},{"damage":9.0,"enemies":"Jaw Worm","floor":2.0,"turns":3.0},{"damage":25.0,"enemies":"Gremlin Nob","floor":6.0,"turns":5.0},{"damage":4.0,"enemies":"Cultist","floor":8.0,"turns":4.0},{"damage":9.0,"enemies":"Exordium Thugs","floor":11.0,"turns":4.0},{"damage":19.0,"enemies":"Large Slime","floor":14.0,"turns":5.0},{"damage":36.0,"enemies":"Slime Boss","floor":16.0,"turns":9.0},{"damage":2.0,"enemies":"3 Byrds","floor":18.0,"turns":5.0},{"damage":20.0,"enemies":"2 Thieves","floor":19.0,"turns":5.0},{"damage":42,"enemies":"Snake Plant","floor":21,"turns":4},{"damage":10,"enemies":"Chosen and Byrds","floor":22,"turns":6},{"damage":64,"enemies":"Sentry and Sphere","floor":24,"turns":5}],"seed_played":"-964177105616142333","potions_obtained":[{"floor":2.0,"key":"EssenceOfSteel"},{"floor":6.0,"key":"EntropicBrew"},{"floor":8.0,"key":"EssenceOfSteel"},{"floor":11.0,"key":"EntropicBrew"},{"floor":18.0,"key":"Swift Potion"},{"floor":19.0,"key":"Regen Potion"}],"is_trial":false,"path_per_floor":["M","M","?","$","?","E","R","M","T","R","M","$","R","M","R","B",null,"M","M","$","M","M","R","M"],"character_chosen":"IRONCLAD","items_purchased":["Corruption","Havoc","ClockworkSouvenir","Warcry"],"campfire_rested":4,"item_purchase_floors":[4,4,4,12],"current_hp_per_floor":[49,46,46,46,46,27,49,51,51,73,70,70,70,57,75,45,68,72,58,58,22,33,55,0],"gold":71,"neow_bonus":"TWO_FIFTY_GOLD","is_prod":false,"is_daily":false,"chose_seed":false,"campfire_upgraded":1,"win_rate":0,"timestamp":1557846753,"path_taken":["M","M","?","$","?","E","R","M","T","R","M","$","R","M","R","BOSS","M","M","$","M","M","R","M"],"build_version":"2019-01-23","purchased_purges":1,"victory":false,"max_hp_per_floor":[75,75,75,75,75,75,75,75,75,75,75,75,75,75,75,75,75,75,75,75,75,75,75,75],"card_choices":[{"not_picked":["Wild Strike","Twin Strike"],"picked":"Anger","floor":1.0},{"not_picked":["Whirlwind","Body Slam"],"picked":"Shrug It Off","floor":2.0},{"not_picked":["Iron Wave","Body Slam"],"picked":"Disarm","floor":6.0},{"not_picked":["Evolve","Armaments"],"picked":"Pommel Strike","floor":8.0},{"not_picked":["Power Through","Combust","True Grit"],"picked":"Bludgeon","floor":11.0},{"not_picked":["Perfected Strike","True Grit","Whirlwind"],"picked":"Heavy Blade","floor":14.0},{"not_picked":["Reaper","Brutality","Fiend Fire"],"picked":"Bludgeon","floor":16.0},{"not_picked":["Perfected Strike+1","Clash","Thunderclap"],"picked":"Infernal Blade","floor":18.0},{"not_picked":["Wild Strike","Sword Boomerang+1","Twin Strike"],"picked":"Pommel Strike","floor":19.0},{"not_picked":["Dropkick","Sword Boomerang","Whirlwind+1"],"picked":"Intimidate","floor":21},{"not_picked":["Clash","Clothesline+1","Rage"],"picked":"Pommel Strike","floor":22}],"player_experience":1356570,"relics_obtained":[{"floor":6.0,"key":"Gremlin Horn"},{"floor":9.0,"key":"Question Card"},{"floor":17.0,"key":"Oddly Smooth Stone"},{"floor":17.0,"key":"Pantograph"},{"floor":17.0,"key":"Ginger"}],"event_choices":[{"damage_healed":0.0,"max_hp_gain":0.0,"max_hp_loss":0.0,"gold_gain":0.0,"event_name":"Living Wall","player_choice":"Grow","floor":3.0,"gold_loss":0.0,"damage_taken":0.0,"cards_upgraded":["Anger"]},{"damage_healed":0.0,"max_hp_gain":0.0,"max_hp_loss":0.0,"gold_gain":0.0,"event_name":"World of Goop","player_choice":"Left Gold","floor":5.0,"gold_loss":17.0,"damage_taken":0.0}],"is_beta":false,"boss_relics":[{"not_picked":["Sozu","Runic Pyramid"],"picked":"Calling Bell"}],"items_purged_floors":[20],"is_endless":false,"potions_floor_spawned":[2,6,8,11,18,19],"killed_by":"Sentry and Sphere","ascension_level":16}