{"gold_per_floor":[116,127,144,144,155,155,169,201,201,201,49,49,81,100,100,173,173,173,192,29,49,68,68,68,101,101,130,130,163,163,173,173,250,250,262,362,381,82,136,169,169,179,255,255,287,4,4,38,50,62,74,86,22,54,54],"floor_reached":56,"playtime":4172,"items_purged":["Defend_B","Defend_B"],"score":2316,"play_id":"15cb0ac7-67a8-4934-adcf-26e62b5c0cc8","local_time":"20190430215148","is_ascension_mode":true,"campfire_choices":[{"data":"Zap","floor":6.0,"key":"SMITH"},{"data":"Reinforced Body","floor":10.0,"key":"SMITH"},{"data":"Defragment","floor":12.0,"key":"SMITH"},{"floor":15.0,"key":"REST"},{"floor":23.0,"key":"REST"},{"data":"Defragment","floor":28.0,"key":"SMITH"},{"floor":32.0,"key":"REST"},{"data":"Defragment","floor":41.0,"key":"SMITH"},{"data":"Seek","floor":47.0,"key":"SMITH"},{"floor":49.0,"key":"RECALL"},{"floor":52,"key":"REST"}],"neow_cost":"PERCENT_DAMAGE","seed_source_timestamp":359838011190434,"circlet_count":0,"master_deck":["AscendersBane","Defend_B","Zap+1","Dualcast","Thunder Strike","Self Repair","FTL","Ball Lightning","Conserve Battery","Creative AI","Reinforced Body+1","Defragment+1","Madness","Conserve Battery","Hyperbeam+1","Hologram","Defragment+1","Double Energy","Tempest","Sunder","Skim","Tempest","Echo Form","Coolheaded","Heatsinks","Meteor Strike+1","Defragment+1","Skim","Seek+1","Master of Strategy","Capacitor","Static Discharge+1"],"special_seed":0,"relics":["Cracked Core","PreservedInsect","Matryoshka","Thread and Needle","Nuclear Battery","DataDisk","Sundial","Boot","Cables","Mummified Hand","Omamori","Sozu","Ice Cream","ClockworkSouvenir","Calipers","Art of War","Whetstone","Orichalcum","MawBank","Turnip"],"potions_floor_usage":[55],"damage_taken":[{"damage":6.0,"enemies":"Jaw Worm","floor":1.0,"turns":5.0},{"damage":2.0,"enemies":"Cultist","floor":2.0,"turns":4.0},{"damage":9.0,"enemies":"Small Slimes","floor":3.0,"turns":3.0},{"damage":6.0,"enemies":"2 Fungi Beasts","floor":5.0,"turns":3.0},{"damage":8.0,"enemies":"Blue Slaver","floor":7.0,"turns":4.0},{"damage":14.0,"enemies":"Gremlin Nob","floor":8.0,"turns":4.0},{"damage":28.0,"enemies":"3 Sentries","floor":13.0,"turns":5.0},{"damage":5.0,"enemies":"3 Louse","floor":14.0,"turns":5.0},{"damage":0.0,"enemies":"Hexaghost","floor":16.0,"turns":9.0},{"damage":0.0,"enemies":"3 Byrds","floor":18.0,"turns":2.0},{"damage":11.0,"enemies":"2 Thieves","floor":19.0,"turns":4.0},{"damage":25.0,"enemies":"Sentry and Sphere","floor":21.0,"turns":6.0},{"damage":31.0,"enemies":"Shelled Parasite and Fungi","floor":22.0,"turns":10.0},{"damage":8.0,"enemies":"Book of Stabbing","floor":25.0,"turns":4.0},{"damage":0.0,"enemies":"Gremlin Leader","floor":27.0,"turns":3.0},{"damage":25.0,"enemies":"Slavers","floor":29.0,"turns":2.0},{"damage":6.0,"enemies":"Centurion and Healer","floor":31.0,"turns":4.0},{"damage":47.0,"enemies":"Collector","floor":33.0,"turns":6.0},{"damage":3.0,"enemies":"Orb Walker","floor":35.0,"turns":3.0},{"damage":18.0,"enemies":"Mind Bloom Boss Battle","floor":36.0,"turns":3.0},{"damage":7.0,"enemies":"3 Darklings","floor":37.0,"turns":3.0},{"damage":11.0,"enemies":"2 Orb Walkers","floor":39.0,"turns":4.0},{"damage":0.0,"enemies":"Giant Head","floor":40.0,"turns":3.0},{"damage":5.0,"enemies":"Spire Growth","floor":42.0,"turns":5.0},{"damage":12.0,"enemies":"Nemesis","floor":45.0,"turns":5.0},{"damage":0.0,"enemies":"Giant Head","floor":48.0,"turns":4.0},{"damage":40,"enemies":"Time Eater","floor":50,"turns":8},{"damage":47,"enemies":"Shield and Spear","floor":54,"turns":4},{"damage":27,"enemies":"The Heart","floor":55,"turns":6}],"seed_played":"3344289727811980962","potions_obtained":[{"floor":1.0,"key":"Weak Potion"},{"floor":3.0,"key":"SmokeBomb"},{"floor":14.0,"key":"Weak Potion"},{"floor":19.0,"key":"EssenceOfSteel"},{"floor":21.0,"key":"Swift Potion"},{"floor":22.0,"key":"LiquidBronze"},{"floor":27.0,"key":"Dexterity Potion"}],"is_trial":false,"path_per_floor":["M","M","M","?","M","R","M","E","T","R","$","R","E","M","R","B",null,"M","M","$","M","M","R","?","E","T","E","R","E","?","M","R","B",null,"M","?","M","$","?","E","R","M","T","?","E","$","R","E","R","B",null,"R","$","E","B",null],"character_chosen":"DEFECT","items_purchased":["Defragment","Madness","DataDisk","ClockworkSouvenir","Master of Strategy","Capacitor"],"campfire_rested":4,"item_purchase_floors":[11,11,20,38,46,53],"current_hp_per_floor":[47,52,50,50,51,51,50,43,43,43,43,43,15,17,38,45,65,71,67,67,49,25,46,46,45,45,52,52,27,27,28,49,9,56,60,49,49,49,45,52,52,54,54,54,49,49,49,56,56,23,59,71,71,38,18],"gold":54,"neow_bonus":"TRANSFORM_TWO_CARDS","is_prod":false,"is_daily":false,"chose_seed":false,"campfire_upgraded":6,"win_rate":0,"timestamp":1556628708,"path_taken":["M","M","M","?","M","R","M","E","T","R","$","R","E","M","R","BOSS","M","M","$","?","?","R","?","E","T","E","R","E","?","M","R","BOSS","M","?","M","$","?","E","R","M","T","?","E","?","R","E","R","BOSS","R","$","E","BOSS"],"build_version":"2019-04-23","purchased_purges":2,"victory":true,"max_hp_per_floor":[71,71,71,71,71,71,71,71,71,71,71,71,71,71,71,71,71,71,71,71,71,71,71,71,71,71,71,71,71,71,71,71,71,71,71,71,71,71,71,71,71,71,71,71,71,71,71,71,71,71,71,71,71,71,71],"card_choices":[{"not_picked":["Sweeping Beam","Cold Snap"],"picked":"FTL","floor":1.0},{"not_picked":["Chill","Tempest"],"picked":"Ball Lightning","floor":2.0},{"not_picked":["Hologram","Barrage"],"picked":"Conserve Battery","floor":3.0},{"not_picked":["Streamline","Turbo"],"picked":"Creative AI","floor":5.0},{"not_picked":["Compile Driver","Turbo","Streamline"],"picked":"SKIP","floor":7.0},{"not_picked":["Rebound","Steam Power"],"picked":"Reinforced Body","floor":8.0},{"not_picked":["Aggregate","Coolheaded"],"picked":"Conserve Battery","floor":13.0},{"not_picked":["Compile Driver","Turbo","Barrage"],"picked":"SKIP","floor":14.0},{"not_picked":["Meteor Strike","Creative AI"],"picked":"Hyperbeam","floor":16.0},{"not_picked":["Rebound","FTL"],"picked":"Hologram","floor":19.0},{"not_picked":["Turbo+1","Stack"],"picked":"Defragment","floor":21.0},{"not_picked":["Compile Driver+1","Rip and Tear","Melter"],"picked":"SKIP","floor":22.0},{"not_picked":["Lockon","Steam+1"],"picked":"Sunder","floor":25.0},{"not_picked":["Conserve Battery","Rip and Tear"],"picked":"Skim","floor":27.0},{"not_picked":["Reinforced Body","Sweeping Beam","Compile Driver"],"picked":"SKIP","floor":29.0},{"not_picked":["Hologram","Go for the Eyes"],"picked":"Tempest","floor":31.0},{"not_picked":["Meteor Strike","Core Surge"],"picked":"Echo Form","floor":33.0},{"not_picked":["Lockon","Go for the Eyes","Sweeping Beam"],"picked":"SKIP","floor":35.0},{"not_picked":["Redo","Steam+1"],"picked":"Coolheaded","floor":36.0},{"not_picked":["Conserve Battery+1","Hologram"],"picked":"Heatsinks","floor":37.0},{"not_picked":["Beam Cell+1","Streamline+1"],"picked":"Meteor Strike","floor":39.0},{"not_picked":["Double Energy","Ball Lightning"],"picked":"Defragment","floor":40.0},{"not_picked":["Genetic Algorithm","Steam"],"picked":"Skim","floor":42.0},{"not_picked":["Turbo","Steam Power"],"picked":"Seek","floor":45.0},{"not_picked":["Stack","Lockon","Barrage"],"picked":"SKIP","floor":48.0},{"not_picked":["Chill+1","Coolheaded"],"picked":"Static Discharge+1","floor":54}],"player_experience":3115187,"relics_obtained":[{"floor":8.0,"key":"PreservedInsect"},{"floor":9.0,"key":"Matryoshka"},{"floor":13.0,"key":"Thread and Needle"},{"floor":25.0,"key":"Sundial"},{"floor":26.0,"key":"Boot"},{"floor":26.0,"key":"Cables"},{"floor":27.0,"key":"Mummified Hand"},{"floor":29.0,"key":"Omamori"},{"floor":36.0,"key":"Ice Cream"},{"floor":39.0,"key":"Calipers"},{"floor":40.0,"key":"Art of War"},{"floor":43.0,"key":"Whetstone"},{"floor":45.0,"key":"Orichalcum"},{"floor":48.0,"key":"MawBank"},{"floor":54,"key":"Turnip"}],"event_choices":[{"cards_removed":["Strike_B"],"damage_healed":0.0,"max_hp_gain":0.0,"max_hp_loss":0.0,"gold_gain":0.0,"event_name":"Purifier","player_choice":"Purged","floor":4.0,"gold_loss":0.0,"damage_taken":0.0},{"damage_healed":0.0,"max_hp_gain":0.0,"max_hp_loss":0.0,"gold_gain":0.0,"cards_transformed":["Strike_B","Defend_B"],"event_name":"Drug Dealer","player_choice":"Became Test Subject","floor":24.0,"gold_loss":0.0,"damage_taken":0.0,"cards_obtained":["Double Energy","Tempest"]},{"damage_healed":0.0,"max_hp_gain":0.0,"max_hp_loss":0.0,"gold_gain":0.0,"event_name":"The Mausoleum","player_choice":"Ignored","floor":30.0,"gold_loss":0.0,"damage_taken":0.0},{"damage_healed":0.0,"max_hp_gain":0.0,"max_hp_loss":0.0,"gold_gain":0.0,"event_name":"MindBloom","player_choice":"Fight","floor":36.0,"gold_loss":0.0,"damage_taken":0.0},{"damage_healed":0.0,"max_hp_gain":0.0,"max_hp_loss":0.0,"gold_gain":0.0,"event_name":"Mysterious Sphere","player_choice":"Fight","floor":39.0,"gold_loss":0.0,"damage_taken":0.0},{"damage_healed":0.0,"max_hp_gain":0.0,"max_hp_loss":0.0,"gold_gain":0.0,"event_name":"Tomb of Lord Red Mask","player_choice":"Ignored","floor":44.0,"gold_loss":0.0,"damage_taken":0.0}],"is_beta":true,"boss_relics":[{"not_picked":["Inserter","Philosopher\u0027s Stone"],"picked":"Nuclear Battery"},{"not_picked":["Pandora\u0027s Box","Astrolabe"],"picked":"Sozu"}],"items_purged_floors":[38,46],"is_endless":false,"potions_floor_spawned":[1,3,5,14,19,21,22,27,37,40,45],"ascension_level":17}