{"gold_per_floor":[119,119,132,57,57,90,90,122,122,141,160,160,188,241,241,319,319,336,336,352,22,34,67,67,67,148,183,183,201,201,213,213,287,287,303,353,368,368,112,112,112,146,146,165,182,197,197,197,197,197],"floor_reached":50,"playtime":4186,"items_purged":["Regret"],"score":940,"play_id":"50c8d77f-1710-4b12-9c18-56a203576f55","local_time":"20190508201643","is_ascension_mode":true,"campfire_choices":[{"data":"Iron Wave","floor":7.0,"key":"SMITH"},{"data":"Shockwave","floor":15.0,"key":"SMITH"},{"floor":25.0,"key":"REST"},{"data":"Pommel Strike","floor":28.0,"key":"SMITH"},{"floor":32.0,"key":"REST"},{"floor":40.0,"key":"REST"},{"floor":47,"key":"REST"},{"floor":49,"key":"REST"}],"neow_cost":"NONE","seed_source_timestamp":2338736172969571,"circlet_count":0,"master_deck":["AscendersBane","Strike_R","Strike_R+1","Strike_R","Strike_R+1","Defend_R","Defend_R","Defend_R","Defend_R","Bash","Spot Weakness","Impatience","Shockwave+1","Pommel Strike+1","Havoc","Havoc","Shrug It Off","Reaper","Corruption+1","Infernal Blade","Dual Wield","Pommel Strike+1","Warcry+1","Second Wind+1","Exhume","Entrench","Battle Trance","Transmutation","Trip","Entrench","Dual Wield+1","Rupture+1","Battle Trance"],"special_seed":0,"relics":["Burning Blood","NeowsBlessing","Anchor","Oddly Smooth Stone","Strawberry","Frozen Egg 2","Whetstone","Regal Pillow","Lizard Tail","Bottled Tornado","Sundial","Question Card","PreservedInsect","Busted Crown","Prayer Wheel","Dodecahedron","Omamori","Letter Opener","Kunai"],"potions_floor_usage":[50,50],"damage_taken":[{"damage":0.0,"enemies":"Jaw Worm","floor":1.0,"turns":1.0},{"damage":0.0,"enemies":"Cultist","floor":3.0,"turns":1.0},{"damage":0.0,"enemies":"Gremlin Nob","floor":6.0,"turns":1.0},{"damage":22.0,"enemies":"3 Sentries","floor":8.0,"turns":8.0},{"damage":0.0,"enemies":"2 Louse","floor":10.0,"turns":2.0},{"damage":0.0,"enemies":"Gremlin Gang","floor":11.0,"turns":4.0},{"damage":14.0,"enemies":"Lagavulin","floor":13.0,"turns":6.0},{"damage":38.0,"enemies":"Hexaghost","floor":16.0,"turns":9.0},{"damage":38.0,"enemies":"Spheric Guardian","floor":18.0,"turns":7.0},{"damage":0.0,"enemies":"Chosen","floor":20.0,"turns":4.0},{"damage":3.0,"enemies":"Shelled Parasite and Fungi","floor":22.0,"turns":5.0},{"damage":66.0,"enemies":"Slavers","floor":23.0,"turns":7.0},{"damage":15.0,"enemies":"Book of Stabbing","floor":27.0,"turns":4.0},{"damage":14.0,"enemies":"Snecko","floor":29.0,"turns":4.0},{"damage":18.0,"enemies":"Snake Plant","floor":31.0,"turns":4.0},{"damage":67.0,"enemies":"Automaton","floor":33.0,"turns":7.0},{"damage":54.0,"enemies":"3 Shapes","floor":35.0,"turns":6.0},{"damage":9.0,"enemies":"2 Orb Walkers","floor":36.0,"turns":5.0},{"damage":2.0,"enemies":"Orb Walker","floor":37.0,"turns":3.0},{"damage":57.0,"enemies":"Nemesis","floor":42.0,"turns":9.0},{"damage":26.0,"enemies":"Jaw Worm Horde","floor":44.0,"turns":4.0},{"damage":19.0,"enemies":"Maw","floor":45.0,"turns":7.0},{"damage":44,"enemies":"Transient","floor":46,"turns":5},{"damage":129,"enemies":"Time Eater","floor":50,"turns":9}],"seed_played":"750743008208313344","potions_obtained":[{"floor":1.0,"key":"LiquidBronze"},{"floor":8.0,"key":"Fire Potion"},{"floor":13.0,"key":"Explosive Potion"},{"floor":20.0,"key":"Regen Potion"},{"floor":29.0,"key":"Weak Potion"},{"floor":33.0,"key":"Ancient Potion"},{"floor":37.0,"key":"Strength Potion"}],"is_trial":false,"path_per_floor":["M","?","M","$","?","E","R","E","T","M","M","?","E","T","R","B",null,"M","?","M","$","M","E","?","R","T","E","R","M","$","M","R","B",null,"M","?","M","?","$","R","?","E","T","M","M","M","R","T","R","B"],"character_chosen":"IRONCLAD","items_purchased":["Bottled Tornado","Infernal Blade","Transmutation","Trip"],"campfire_rested":5,"item_purchase_floors":[21,21,39,39],"current_hp_per_floor":[74,74,75,75,75,75,75,66,66,72,78,78,70,70,70,38,71,46,46,52,52,81,42,42,81,81,72,72,74,74,65,82,21,67,31,36,56,56,56,82,82,32,32,12,36,8,47,47,82,0],"gold":197,"neow_bonus":"THREE_ENEMY_KILL","is_prod":false,"is_daily":false,"chose_seed":false,"campfire_upgraded":3,"win_rate":0,"timestamp":1557335803,"path_taken":["M","?","M","$","?","E","R","E","T","?","M","?","E","?","R","BOSS","M","?","?","$","?","E","?","R","T","E","R","M","$","M","R","BOSS","M","?","M","?","$","R","?","E","T","?","M","M","R","?","R","BOSS"],"build_version":"2019-01-23","purchased_purges":1,"victory":false,"max_hp_per_floor":[75,75,75,75,75,75,75,82,82,82,82,82,82,82,82,82,82,82,82,82,82,82,82,82,82,82,82,82,82,82,82,82,82,82,82,82,82,82,82,82,82,82,82,82,82,82,82,82,82,82],"card_choices":[{"not_picked":["Fire Breathing","True Grit"],"picked":"Spot Weakness","floor":1.0},{"not_picked":["Thunderclap","Body Slam","Twin Strike"],"picked":"SKIP","floor":3.0},{"not_picked":["Blood for Blood","Headbutt"],"picked":"Shockwave","floor":6.0},{"not_picked":["Searing Blow","Heavy Blade"],"picked":"Pommel Strike","floor":8.0},{"not_picked":["Evolve+1","Iron Wave"],"picked":"Havoc","floor":10.0},{"not_picked":["Intimidate","Headbutt"],"picked":"Havoc","floor":11.0},{"not_picked":["Sword Boomerang","Metallicize+1"],"picked":"Shrug It Off","floor":13.0},{"not_picked":["Demon Form+1","Bludgeon"],"picked":"Reaper","floor":16.0},{"not_picked":["Pommel Strike+1","Armaments"],"picked":"Corruption+1","floor":18.0},{"not_picked":["Body Slam","Armaments","Sword Boomerang"],"picked":"SKIP","floor":20.0},{"not_picked":["Evolve+1","Armaments"],"picked":"Dual Wield","floor":22.0},{"not_picked":["Anger","Flex+1"],"picked":"Pommel Strike","floor":23.0},{"not_picked":["Second Wind","Shockwave","Clothesline"],"picked":"Pummel","floor":27.0},{"not_picked":["Anger","Perfected Strike","Armaments"],"picked":"Warcry+1","floor":29.0},{"not_picked":["Anger","Cleave","Dropkick"],"picked":"Second Wind+1","floor":31.0},{"not_picked":["Offering","Brutality+1","Bludgeon"],"picked":"Exhume","floor":33.0},{"not_picked":["Iron Wave"],"picked":"Entrench","floor":35.0},{"not_picked":["Flex"],"picked":"Battle Trance","floor":37.0},{"not_picked":["Wild Strike","Armaments"],"picked":"SKIP","floor":37.0},{"not_picked":["Combust+1"],"picked":"Entrench","floor":42.0},{"not_picked":["Hemokinesis+1"],"picked":"Dual Wield+1","floor":44.0},{"not_picked":["Anger+1"],"picked":"Rupture+1","floor":44.0},{"not_picked":["Thunderclap+1"],"picked":"Battle Trance","floor":45.0},{"not_picked":["Hemokinesis","Twin Strike"],"picked":"SKIP","floor":45.0},{"not_picked":["Combust+1","Metallicize+1"],"picked":"SKIP","floor":46},{"not_picked":["Flex","Whirlwind"],"picked":"SKIP","floor":46}],"player_experience":1315020,"relics_obtained":[{"floor":6.0,"key":"Oddly Smooth Stone"},{"floor":8.0,"key":"Strawberry"},{"floor":9.0,"key":"Frozen Egg 2"},{"floor":13.0,"key":"Whetstone"},{"floor":14.0,"key":"Regal Pillow"},{"floor":23.0,"key":"Sundial"},{"floor":26.0,"key":"Question Card"},{"floor":27.0,"key":"PreservedInsect"},{"floor":36.0,"key":"Prayer Wheel"},{"floor":42.0,"key":"Omamori"},{"floor":43.0,"key":"Letter Opener"},{"floor":48,"key":"Kunai"}],"event_choices":[{"damage_healed":0.0,"max_hp_gain":0.0,"max_hp_loss":0.0,"gold_gain":0.0,"event_name":"Big Fish","player_choice":"Box","floor":2.0,"gold_loss":0.0,"damage_taken":0.0,"relics_obtained":["Anchor"],"cards_obtained":["Regret"]},{"damage_healed":0.0,"max_hp_gain":0.0,"max_hp_loss":0.0,"gold_gain":0.0,"event_name":"Match and Keep!","player_choice":"2 cards matched","floor":5.0,"gold_loss":0.0,"damage_taken":0.0,"cards_obtained":["Impatience","Iron Wave"]},{"damage_healed":0.0,"max_hp_gain":0.0,"max_hp_loss":0.0,"gold_gain":0.0,"event_name":"Living Wall","player_choice":"Grow","floor":12.0,"gold_loss":0.0,"damage_taken":0.0,"cards_upgraded":["Pommel Strike"]},{"cards_removed":["Strike_R"],"damage_healed":0.0,"max_hp_gain":0.0,"max_hp_loss":0.0,"gold_gain":0.0,"event_name":"Wheel of Change","player_choice":"Card Removal","floor":19.0,"gold_loss":0.0,"damage_taken":0.0},{"damage_healed":0.0,"max_hp_gain":0.0,"max_hp_loss":0.0,"gold_gain":0.0,"event_name":"Vampires","player_choice":"Ignored","floor":24.0,"gold_loss":0.0,"damage_taken":0.0},{"damage_healed":0.0,"max_hp_gain":0.0,"max_hp_loss":0.0,"gold_gain":0.0,"event_name":"Mysterious Sphere","player_choice":"Fight","floor":36.0,"gold_loss":0.0,"damage_taken":0.0},{"cards_removed":["Iron Wave"],"damage_healed":0.0,"max_hp_gain":0.0,"max_hp_loss":0.0,"gold_gain":0.0,"event_name":"Falling","player_choice":"Removed Attack","floor":38.0,"gold_loss":0.0,"damage_taken":0.0},{"cards_removed":["Pummel"],"damage_healed":0.0,"max_hp_gain":0.0,"max_hp_loss":0.0,"gold_gain":0.0,"event_name":"WeMeetAgain","player_choice":"Gave Card","floor":41.0,"gold_loss":0.0,"damage_taken":0.0,"relics_obtained":["Dodecahedron"]}],"is_beta":false,"boss_relics":[{"not_picked":["Calling Bell","Runic Pyramid"],"picked":"Lizard Tail"},{"not_picked":["Runic Dome","Coffee Dripper"],"picked":"Busted Crown"}],"items_purged_floors":[4],"is_endless":false,"potions_floor_spawned":[1,8,13,20,29,33,37,42,46],"killed_by":"Time Eater","ascension_level":14}