{"gold_per_floor":[119,119,130,150,164,164,194,269,269,284,284],"floor_reached":11,"playtime":309,"items_purged":[],"score":150,"play_id":"6efff684-f6f6-40df-8ead-8f7f27123cf7","local_time":"20190530001813","is_ascension_mode":true,"campfire_choices":[{"floor":6.0,"key":"REST"}],"neow_cost":"NONE","seed_source_timestamp":269002177593200,"circlet_count":0,"master_deck":["AscendersBane","Strike_B","Strike_B","Strike_B","Strike_B","Defend_B","Defend_B","Defend_B","Defend_B","Zap","Dualcast+1","Leap+1","Reinforced Body","Rebound","Doom and Gloom","Rebound","Consume"],"special_seed":0,"relics":["Cracked Core","Dream Catcher","Mercury Hourglass","Matryoshka"],"potions_floor_usage":[],"damage_taken":[{"damage":7.0,"enemies":"Small Slimes","floor":1.0,"turns":4.0},{"damage":0.0,"enemies":"2 Louse","floor":3.0,"turns":3.0},{"damage":0.0,"enemies":"Jaw Worm","floor":4.0,"turns":3.0},{"damage":6.0,"enemies":"Exordium Wildlife","floor":5.0,"turns":3.0},{"damage":5.0,"enemies":"3 Sentries","floor":7.0,"turns":5.0},{"damage":13.0,"enemies":"Large Slime","floor":10.0,"turns":5.0},{"damage":20,"enemies":"Lagavulin","floor":11,"turns":7}],"seed_played":"719412200952340185","potions_obtained":[{"floor":1.0,"key":"Fire Potion"},{"floor":7.0,"key":"Energy Potion"},{"floor":10.0,"key":"LiquidBronze"}],"is_trial":false,"path_per_floor":["M","?","M","M","M","R","E","?","T","M","E"],"character_chosen":"DEFECT","items_purchased":[],"campfire_rested":1,"item_purchase_floors":[],"current_hp_per_floor":[57,36,36,36,30,51,46,35,35,22,2],"gold":284,"neow_bonus":"RANDOM_COMMON_RELIC","is_prod":false,"is_daily":false,"chose_seed":false,"campfire_upgraded":0,"win_rate":0,"timestamp":1559143093,"path_taken":["M","?","M","M","M","R","E","?","T","M","E"],"build_version":"2019-01-23","purchased_purges":0,"victory":false,"max_hp_per_floor":[71,71,71,71,71,71,71,71,71,71,71],"card_choices":[{"not_picked":["Hello World","Barrage"],"picked":"Leap","floor":1.0},{"not_picked":["Leap","Steam","Stack"],"picked":"SKIP","floor":3.0},{"not_picked":["Conserve Battery","Beam Cell"],"picked":"Reinforced Body","floor":4.0},{"not_picked":["Heatsinks","Scrape"],"picked":"Rebound","floor":5.0},{"not_picked":["Steam","Gash"],"picked":"Doom and Gloom","floor":6.0},{"not_picked":["Thunder Strike","Leap"],"picked":"Rebound","floor":7.0},{"not_picked":["Skim","Compile Driver"],"picked":"Consume","floor":10.0}],"player_experience":5195099,"relics_obtained":[{"floor":7.0,"key":"Mercury Hourglass"},{"floor":9.0,"key":"Matryoshka"}],"event_choices":[{"damage_healed":0.0,"max_hp_gain":0.0,"max_hp_loss":0.0,"gold_gain":0.0,"event_name":"Shining Light","player_choice":"Entered Light","floor":2.0,"gold_loss":0.0,"damage_taken":21.0,"cards_upgraded":["Dualcast","Leap"]},{"damage_healed":0.0,"max_hp_gain":0.0,"max_hp_loss":0.0,"gold_gain":75.0,"event_name":"World of Goop","player_choice":"Gather Gold","floor":8.0,"gold_loss":0.0,"damage_taken":11.0}],"is_beta":false,"boss_relics":[],"items_purged_floors":[],"is_endless":false,"potions_floor_spawned":[1,7,10],"killed_by":"Lagavulin","ascension_level":20}