{"gold_per_floor":[109,109,109,125,149,149,173,173,173,2,43,8,21,40,40,161,161,186,210,210,224,100,100,118,118,118,118],"floor_reached":27,"playtime":12172,"items_purged":["Defend_B"],"score":239,"play_id":"e9a180f9-3afe-4afb-87ce-4eae11f1b284","local_time":"20181126213201","is_ascension_mode":false,"campfire_choices":[{"data":"White Noise","floor":6,"key":"SMITH"},{"data":"Defragment","floor":8,"key":"SMITH"},{"data":"Metamorphosis","floor":15,"key":"SMITH"},{"floor":23,"key":"REST"}],"neow_cost":"NONE","seed_source_timestamp":951887057906489,"circlet_count":0,"master_deck":["Defend_B+1","Defend_B","Zap+1","Dualcast","Streamline","White Noise+1","FTL","Defragment+1","Metamorphosis+1","Steam+1","Beam Cell+1","Doom and Gloom+1","Electrodynamics","Hologram+1","Bite+1","Bite+1","Bite+1","Bite+1","Bite+1","Rebound+1","Scrape+1"],"relics":["Cracked Core","Golden Idol","Spirit Poop","Ornamental Fan","Molten Egg 2","Empty Cage","War Paint","Potion Belt"],"potions_floor_usage":[16,16,24,27,27],"damage_taken":[{"damage":0,"enemies":"2 Louse","floor":1,"turns":2},{"damage":1,"enemies":"Jaw Worm","floor":4,"turns":3},{"damage":0,"enemies":"Cultist","floor":5,"turns":2},{"damage":7,"enemies":"Blue Slaver","floor":7,"turns":3},{"damage":34,"enemies":"Gremlin Nob","floor":11,"turns":4},{"damage":0,"enemies":"Large Slime","floor":13,"turns":3},{"damage":14,"enemies":"Exordium Thugs","floor":14,"turns":3},{"damage":10,"enemies":"Hexaghost","floor":16,"turns":6},{"damage":21,"enemies":"Shell Parasite","floor":18,"turns":4},{"damage":15,"enemies":"3 Byrds","floor":19,"turns":3},{"damage":28,"enemies":"Shelled Parasite and Fungi","floor":21,"turns":4},{"damage":21,"enemies":"Snake Plant","floor":24,"turns":3},{"damage":41,"enemies":"Slavers","floor":27,"turns":4}],"seed_played":"1072522167004849675","potions_obtained":[{"floor":5,"key":"SpeedPotion"},{"floor":7,"key":"Strength Potion"},{"floor":11,"key":"Weak Potion"},{"floor":24,"key":"EssenceOfSteel"}],"is_trial":false,"path_per_floor":["M","?","?","M","M","R","M","R","T","$","E","?","M","M","R","B",null,"M","M","?","M","$","R","M","?","T","E"],"character_chosen":"DEFECT","items_purchased":["Metamorphosis","AttackPotion"],"campfire_rested":1,"item_purchase_floors":[10,22],"current_hp_per_floor":[75,75,75,74,74,74,67,67,67,67,33,51,51,37,37,27,75,54,39,39,23,23,38,29,29,29,0],"gold":118,"neow_bonus":"UPGRADE_CARD","is_prod":false,"is_daily":false,"chose_seed":false,"campfire_upgraded":3,"win_rate":0.0,"timestamp":1543235521,"path_taken":["M","?","?","M","?","R","M","R","T","$","E","?","M","M","R","BOSS","M","M","?","M","$","R","M","?","T","E"],"build_version":"2018-11-15","purchased_purges":1,"victory":false,"max_hp_per_floor":[75,75,75,75,75,75,75,75,75,75,75,75,75,75,75,75,75,75,75,52,52,52,52,52,52,52,52],"card_choices":[{"not_picked":["Coolheaded","Chill"],"picked":"Streamline","floor":1},{"not_picked":["Redo","Blizzard"],"picked":"White Noise","floor":4},{"not_picked":["Hologram","Storm"],"picked":"FTL","floor":5},{"not_picked":["Conserve Battery","Sweeping Beam"],"picked":"Defragment","floor":7},{"not_picked":["Stack","Blizzard"],"picked":"Steam","floor":11},{"not_picked":["Sweeping Beam+1","Leap"],"picked":"Beam Cell+1","floor":13},{"not_picked":["Barrage+1","Reinforced Body"],"picked":"Doom and Gloom+1","floor":14},{"not_picked":["Machine Learning","Biased Cognition"],"picked":"Electrodynamics","floor":16},{"not_picked":["Cold Snap+1","Fusion+1","Heatsinks"],"picked":"SKIP","floor":18},{"not_picked":["Redo","Auto Shields"],"picked":"Hologram+1","floor":19},{"not_picked":["Scrape+1","Darkness"],"picked":"Rebound+1","floor":21},{"not_picked":["Streamline+1","Blizzard+1"],"picked":"Scrape+1","floor":24}],"player_experience":22036,"relics_obtained":[{"floor":9,"key":"Ornamental Fan"},{"floor":11,"key":"Molten Egg 2"},{"floor":26,"key":"Potion Belt"}],"event_choices":[{"damage_healed":0,"gold_gain":0,"player_choice":"Take Wound","damage_taken":0,"relics_obtained":["Golden Idol"],"max_hp_gain":0,"max_hp_loss":0,"event_name":"Golden Idol","floor":2,"gold_loss":0,"cards_obtained":["Injury"]},{"cards_removed":["Injury"],"damage_healed":0,"gold_gain":0,"player_choice":"Offered Curse","damage_taken":0,"relics_obtained":["Spirit Poop"],"max_hp_gain":0,"max_hp_loss":0,"event_name":"Bonfire Elementals","floor":3,"gold_loss":0},{"damage_healed":18,"gold_gain":0,"player_choice":"Healed","damage_taken":0,"max_hp_gain":0,"max_hp_loss":0,"event_name":"The Cleric","floor":12,"gold_loss":35},{"damage_healed":0,"gold_gain":0,"player_choice":"Became a vampire","damage_taken":0,"max_hp_gain":0,"max_hp_loss":23,"event_name":"Vampires","floor":20,"gold_loss":0,"cards_obtained":["Bite","Bite","Bite","Bite","Bite"]},{"damage_healed":0,"gold_gain":0,"player_choice":"Opened","damage_taken":0,"relics_obtained":["War Paint"],"max_hp_gain":0,"max_hp_loss":0,"event_name":"The Mausoleum","floor":25,"gold_loss":0}],"is_beta":false,"boss_relics":[{"not_picked":["Cursed Key","Philosopher\u0027s Stone"],"picked":"Empty Cage"}],"items_purged_floors":[22],"is_endless":false,"potions_floor_spawned":[5,7,11,24],"killed_by":"Slavers","ascension_level":0}