{"gold_per_floor":[119,139,314,109,109,143,156,156,156,173,186,212,231,241,241,336,336,351,94,106,106,106,106,126,106,131,157,157,157],"floor_reached":29,"playtime":1614,"items_purged":["Doubt","Defend_R"],"score":473,"play_id":"7952c6e7-e12e-490d-9884-dfb3d6e58b46","local_time":"20190501073532","is_ascension_mode":true,"campfire_choices":[{"data":"Clash","floor":8.0,"key":"SMITH"},{"data":"Clash","floor":15.0,"key":"SMITH"},{"floor":23,"key":"REST"},{"floor":28,"key":"REST"}],"neow_cost":"NONE","seed_source_timestamp":1690849314163805,"circlet_count":0,"master_deck":["AscendersBane","Strike_R","Strike_R","Strike_R","Strike_R","Strike_R","Defend_R","Defend_R","Defend_R","Bash","Clash+1","Clash+1","Inflame+1","Flex","Rage","Dual Wield","Clash"],"special_seed":0,"relics":["Burning Blood","NeowsBlessing","Art of War","Singing Bowl","Boot","Orrery","Bag of Marbles","Blood Vial","Dodecahedron"],"potions_floor_usage":[20,27,27],"damage_taken":[{"damage":0.0,"enemies":"Cultist","floor":1.0,"turns":1.0},{"damage":0.0,"enemies":"Jaw Worm","floor":2.0,"turns":1.0},{"damage":0.0,"enemies":"Gremlin Nob","floor":6.0,"turns":1.0},{"damage":0.0,"enemies":"Small Slimes","floor":7.0,"turns":3.0},{"damage":3.0,"enemies":"Blue Slaver","floor":10.0,"turns":2.0},{"damage":14.0,"enemies":"Lots of Slimes","floor":11.0,"turns":3.0},{"damage":20.0,"enemies":"Lagavulin","floor":12.0,"turns":6.0},{"damage":11.0,"enemies":"Exordium Thugs","floor":13.0,"turns":4.0},{"damage":5.0,"enemies":"Gremlin Gang","floor":14.0,"turns":4.0},{"damage":69.0,"enemies":"The Guardian","floor":16.0,"turns":11.0},{"damage":30.0,"enemies":"Chosen","floor":18.0,"turns":5.0},{"damage":22,"enemies":"Shell Parasite","floor":20,"turns":4},{"damage":17,"enemies":"Centurion and Healer","floor":24,"turns":6},{"damage":60,"enemies":"Slavers","floor":27,"turns":8},{"damage":5,"enemies":"Snecko","floor":29,"turns":3}],"seed_played":"3486871829311176662","potions_obtained":[{"floor":7.0,"key":"Explosive Potion"},{"floor":11.0,"key":"Fire Potion"},{"floor":12.0,"key":"BloodPotion"},{"floor":14.0,"key":"PowerPotion"},{"floor":18.0,"key":"Dexterity Potion"},{"floor":25,"key":"EssenceOfSteel"}],"is_trial":false,"path_per_floor":["M","M","?","$","?","E","M","R","T","M","M","E","M","M","R","B",null,"M","$","M","?","$","R","M","?","T","E","R","M"],"character_chosen":"IRONCLAD","items_purchased":["Clash","Inflame","Bag of Marbles"],"campfire_rested":2,"item_purchase_floors":[4,4,19],"current_hp_per_floor":[78,80,80,80,80,80,80,80,80,82,76,64,61,64,64,12,76,54,54,40,40,40,70,61,61,61,11,42,39],"gold":157,"neow_bonus":"THREE_ENEMY_KILL","is_prod":false,"is_daily":false,"chose_seed":false,"campfire_upgraded":2,"win_rate":0,"timestamp":1556685332,"path_taken":["M","?","?","$","?","E","M","R","T","M","?","E","M","M","R","BOSS","M","$","M","?","$","R","M","?","T","E","R","M"],"build_version":"2019-01-23","purchased_purges":2,"victory":false,"max_hp_per_floor":[80,80,80,80,80,80,80,80,80,82,84,86,88,90,90,92,96,98,98,100,100,100,100,102,102,102,104,104,104],"card_choices":[{"not_picked":["Clothesline","Flex"],"picked":"Clash","floor":1.0},{"not_picked":["Entrench","Sword Boomerang","Shrug It Off"],"picked":"SKIP","floor":2.0},{"not_picked":["Havoc","Burning Pact","Sword Boomerang"],"picked":"SKIP","floor":6.0},{"not_picked":["Entrench","Headbutt"],"picked":"Flex","floor":7.0},{"not_picked":["Thunderclap","Intimidate","Anger"],"picked":"Singing Bowl","floor":10.0},{"not_picked":["Pommel Strike","Clothesline","Sever Soul"],"picked":"Singing Bowl","floor":11.0},{"not_picked":["True Grit","Evolve","Combust"],"picked":"Singing Bowl","floor":12.0},{"not_picked":["True Grit","Headbutt","Body Slam"],"picked":"Singing Bowl","floor":13.0},{"not_picked":["Ghostly Armor","Sentinel","Barricade"],"picked":"Singing Bowl","floor":14.0},{"not_picked":["Dark Embrace","Juggernaut","Feed"],"picked":"Singing Bowl","floor":16.0},{"not_picked":["Uppercut","Anger","Pommel Strike"],"picked":"Singing Bowl","floor":17.0},{"not_picked":["Sever Soul","Heavy Blade","Thunderclap"],"picked":"Singing Bowl","floor":17.0},{"not_picked":["Thunderclap","Battle Trance"],"picked":"Rage","floor":17.0},{"not_picked":["Cleave","Sword Boomerang"],"picked":"Dual Wield","floor":17.0},{"not_picked":["Hemokinesis","Reckless Charge"],"picked":"Clash","floor":17.0},{"not_picked":["Cleave+1","Pummel","Disarm"],"picked":"Singing Bowl","floor":18.0},{"not_picked":["Warcry","Hemokinesis","Wild Strike+1"],"picked":"Singing Bowl","floor":20},{"not_picked":["Whirlwind","Bloodletting","Feel No Pain+1"],"picked":"Singing Bowl","floor":24},{"not_picked":["True Grit","Fire Breathing","Impervious"],"picked":"Singing Bowl","floor":27}],"player_experience":1280130,"relics_obtained":[{"floor":6.0,"key":"Art of War"},{"floor":9.0,"key":"Singing Bowl"},{"floor":12.0,"key":"Boot"},{"floor":26,"key":"Blood Vial"},{"floor":27,"key":"Dodecahedron"}],"event_choices":[{"damage_healed":0.0,"max_hp_gain":0.0,"max_hp_loss":0.0,"gold_gain":175.0,"event_name":"Liars Game","player_choice":"AGREE","floor":3.0,"gold_loss":0.0,"damage_taken":0.0,"cards_obtained":["Doubt"]},{"damage_healed":0.0,"max_hp_gain":0.0,"max_hp_loss":0.0,"gold_gain":0.0,"event_name":"Accursed Blacksmith","player_choice":"Forge","floor":5.0,"gold_loss":0.0,"damage_taken":0.0,"cards_upgraded":["Inflame"]},{"damage_healed":0,"gold_gain":0,"player_choice":"Ignored","damage_taken":0,"max_hp_gain":0,"max_hp_loss":0,"event_name":"Ghosts","floor":21,"gold_loss":0},{"damage_healed":0,"gold_gain":0,"player_choice":"Bought 1 Potion","damage_taken":0,"max_hp_gain":0,"max_hp_loss":0,"event_name":"The Woman in Blue","floor":25,"gold_loss":0}],"is_beta":false,"boss_relics":[{"not_picked":["Snecko Eye","Lizard Tail"],"picked":"Orrery"}],"items_purged_floors":[4,19],"is_endless":false,"potions_floor_spawned":[7,11,12,13,14,18],"killed_by":"Snecko","ascension_level":12}