{"gold_per_floor":[112,123,48,66,79,79,52,71,153,153,173,205,217,233,233,335,335,350,350,350,425,15,41,41,58,58,58,71,71,85,117,117,213,213,229,104,104,104,104,104,104],"floor_reached":41,"playtime":2478,"items_purged":["Defend_R","Strike_R+1","Strike_R+1"],"score":481,"play_id":"324ab51d-7d7b-4ce4-9064-266bed9a3865","local_time":"20181210000134","is_ascension_mode":false,"campfire_choices":[{"data":"Bash","floor":6,"key":"SMITH"},{"data":"Armaments","floor":10,"key":"SMITH"},{"data":"Iron Wave","floor":15,"key":"SMITH"},{"data":"Spot Weakness","floor":24,"key":"SMITH"},{"data":"Heavy Blade","floor":27,"key":"SMITH"},{"data":"Rage","floor":32,"key":"SMITH"},{"data":"Madness","floor":40,"key":"SMITH"}],"neow_cost":"NONE","seed_source_timestamp":639891926550385,"circlet_count":0,"master_deck":["Strike_R+1","Defend_R+1","Defend_R+1","Bash+1","Shrug It Off","Pummel","Iron Wave+1","Sword Boomerang","Armaments+1","Clash","Battle Trance","Headbutt","Demon Form","Heavy Blade+1","Spot Weakness+1","Inflame","Inflame","Intimidate","Rage+1","Double Tap","Infernal Blade+1","Madness+1","Madness"],"relics":["Burning Blood","Letter Opener","Nunchaku","Sozu","Kunai","Bag of Preparation","Regal Pillow","Pen Nib","Empty Cage","Frozen Egg 2"],"potions_floor_usage":[16,31,41],"damage_taken":[{"damage":3,"enemies":"Jaw Worm","floor":1,"turns":3},{"damage":10,"enemies":"Small Slimes","floor":2,"turns":4},{"damage":0,"enemies":"Cultist","floor":4,"turns":3},{"damage":13,"enemies":"3 Louse","floor":5,"turns":4},{"damage":10,"enemies":"Looter","floor":8,"turns":2},{"damage":16,"enemies":"Blue Slaver","floor":11,"turns":3},{"damage":13,"enemies":"3 Sentries","floor":12,"turns":8},{"damage":1,"enemies":"2 Fungi Beasts","floor":13,"turns":3},{"damage":0,"enemies":"Looter","floor":14,"turns":3},{"damage":57,"enemies":"Hexaghost","floor":16,"turns":12},{"damage":12,"enemies":"Spheric Guardian","floor":18,"turns":4},{"damage":18,"enemies":"Gremlin Leader","floor":23,"turns":8},{"damage":0,"enemies":"Shell Parasite","floor":25,"turns":3},{"damage":7,"enemies":"Snecko","floor":28,"turns":3},{"damage":14,"enemies":"Sentry and Sphere","floor":30,"turns":4},{"damage":0,"enemies":"Book of Stabbing","floor":31,"turns":3},{"damage":28,"enemies":"Automaton","floor":33,"turns":5},{"damage":26,"enemies":"3 Darklings","floor":35,"turns":6},{"damage":75,"enemies":"2 Orb Walkers","floor":41,"turns":4}],"seed_played":"-9180030736997504011","potions_obtained":[{"floor":1,"key":"FairyPotion"},{"floor":4,"key":"Block Potion"},{"floor":13,"key":"GamblersBrew"},{"floor":14,"key":"Regen Potion"},{"floor":16,"key":"SpeedPotion"}],"is_trial":false,"path_per_floor":["M","M","$","M","M","R","$","M","T","R","M","E","M","M","R","B",null,"M","?","?","?","$","E","R","M","T","R","M","$","M","E","R","B",null,"M","$","?","?","T","R","?"],"character_chosen":"IRONCLAD","items_purchased":["Clash","Kunai","Inflame"],"campfire_rested":0,"item_purchase_floors":[7,22,22],"current_hp_per_floor":[80,76,76,80,73,73,73,69,69,69,59,52,57,63,63,27,80,74,74,74,66,66,54,54,60,60,60,59,59,51,57,57,35,80,60,60,60,50,50,50,0],"gold":104,"neow_bonus":"THREE_CARDS","is_prod":false,"is_daily":false,"chose_seed":false,"campfire_upgraded":7,"win_rate":0,"timestamp":1544367694,"path_taken":["M","M","$","M","M","R","$","M","T","R","M","E","M","M","R","BOSS","M","?","?","?","$","E","R","M","T","R","?","$","M","E","R","BOSS","M","$","?","?","?","R","?"],"build_version":"2018-12-06","purchased_purges":3,"victory":false,"max_hp_per_floor":[80,80,80,80,80,80,80,80,80,80,80,80,80,80,80,80,80,80,80,80,80,80,80,80,80,80,80,80,80,80,80,80,80,80,80,80,80,80,80,80,80],"card_choices":[{"not_picked":["Clothesline","Warcry"],"picked":"Shrug It Off","floor":0},{"not_picked":["Corruption","Wild Strike"],"picked":"Pummel","floor":1},{"not_picked":["Dual Wield","True Grit"],"picked":"Iron Wave","floor":2},{"not_picked":["Havoc","Pommel Strike"],"picked":"Sword Boomerang","floor":4},{"not_picked":["Evolve","Exhume"],"picked":"Armaments","floor":5},{"not_picked":["Shockwave","Pummel","Clash"],"picked":"SKIP","floor":8},{"not_picked":["Dual Wield","Shrug It Off"],"picked":"Battle Trance","floor":11},{"not_picked":["Thunderclap","Bloodletting","Immolate"],"picked":"SKIP","floor":12},{"not_picked":["Corruption","Combust"],"picked":"Headbutt","floor":13},{"not_picked":["Blood for Blood","Perfected Strike","Iron Wave"],"picked":"SKIP","floor":14},{"not_picked":["Immolate","Double Tap"],"picked":"Demon Form","floor":16},{"not_picked":["Warcry+1","Perfected Strike"],"picked":"Heavy Blade","floor":18},{"not_picked":["Pommel Strike+1","Sword Boomerang","Iron Wave"],"picked":"SKIP","floor":23},{"not_picked":["Sentinel","Combust"],"picked":"Inflame","floor":25},{"not_picked":["Body Slam","Dual Wield","Perfected Strike"],"picked":"SKIP","floor":28},{"not_picked":["Cleave+1","Body Slam"],"picked":"Intimidate","floor":30},{"not_picked":["Uppercut","True Grit"],"picked":"Rage","floor":31},{"not_picked":["Demon Form","Reaper"],"picked":"Double Tap","floor":33},{"not_picked":["Flame Barrier+1","Shrug It Off"],"picked":"Infernal Blade+1","floor":35}],"player_experience":150470,"relics_obtained":[{"floor":9,"key":"Letter Opener"},{"floor":12,"key":"Nunchaku"},{"floor":23,"key":"Bag of Preparation"},{"floor":26,"key":"Regal Pillow"},{"floor":31,"key":"Pen Nib"},{"floor":39,"key":"Frozen Egg 2"}],"event_choices":[{"damage_healed":0,"gold_gain":0,"player_choice":"Simplicity","damage_taken":0,"max_hp_gain":0,"max_hp_loss":0,"event_name":"Back to Basics","floor":19,"gold_loss":0,"cards_upgraded":["Strike_R","Strike_R","Strike_R","Strike_R","Strike_R","Defend_R","Defend_R","Defend_R"]},{"damage_healed":0,"gold_gain":0,"player_choice":"Read","damage_taken":0,"max_hp_gain":0,"max_hp_loss":0,"event_name":"The Library","floor":20,"gold_loss":0,"cards_obtained":["Spot Weakness"]},{"damage_healed":0,"gold_gain":75,"player_choice":"Touch","damage_taken":8,"max_hp_gain":0,"max_hp_loss":0,"event_name":"FaceTrader","floor":21,"gold_loss":0},{"cards_removed":["Defend_R"],"damage_healed":0,"gold_gain":0,"player_choice":"Removed Skill","damage_taken":0,"max_hp_gain":0,"max_hp_loss":0,"event_name":"Falling","floor":37,"gold_loss":0},{"damage_healed":0,"gold_gain":0,"player_choice":"Embrace Madness","damage_taken":10,"max_hp_gain":0,"max_hp_loss":0,"event_name":"Winding Halls","floor":38,"gold_loss":0,"cards_obtained":["Madness","Madness"]},{"damage_healed":0,"gold_gain":0,"player_choice":"Fight","damage_taken":0,"max_hp_gain":0,"max_hp_loss":0,"event_name":"Mysterious Sphere","floor":41,"gold_loss":0}],"is_beta":false,"boss_relics":[{"not_picked":["Runic Pyramid","Eternal Feather"],"picked":"Sozu"},{"not_picked":["Black Star","Orrery"],"picked":"Empty Cage"}],"items_purged_floors":[3,22,36],"is_endless":false,"potions_floor_spawned":[1,4,13,14,16,18,28,33,35],"killed_by":"2 Orb Walkers","ascension_level":0}