{"gold_per_floor":[109,129,143,161,161,187,187,221,221,238,238,264,283,331,331,428,428,441,460,375,375,18,44,44,55,55,72,37,37,67,80,80,80],"floor_reached":33,"playtime":2267,"items_purged":[],"score":455,"play_id":"5200244d-e89f-44b2-88b4-2231ee10a4f5","local_time":"20190602111731","is_ascension_mode":true,"campfire_choices":[{"floor":7.0,"key":"REST"},{"floor":11.0,"key":"REST"},{"floor":15.0,"key":"REST"},{"floor":24.0,"key":"REST"},{"floor":29,"key":"REST"},{"floor":32,"key":"REST"}],"neow_cost":"NONE","seed_source_timestamp":0,"circlet_count":0,"master_deck":["Strike_R","Strike_R","Strike_R","Strike_R","Strike_R","Defend_R","Defend_R","Defend_R","Defend_R","Bash","Armaments+1","Perfected Strike","True Grit","Perfected Strike","Reckless Charge","Flame Barrier","Rage","Wild Strike","Dark Embrace","Pommel Strike","Feel No Pain","Perfected Strike","Perfected Strike+1","Sever Soul+1","Reckless Charge","Feel No Pain","Perfected Strike+1","Wild Strike"],"special_seed":0,"relics":["Burning Blood","Peace Pipe","Sundial","Bottled Flame","Dodecahedron","Potion Belt","Mark of Pain","Centennial Puzzle","DollysMirror","Bag of Preparation","Dead Branch","FossilizedHelix","Blue Candle"],"potions_floor_usage":[30],"damage_taken":[{"damage":3.0,"enemies":"Small Slimes","floor":1.0,"turns":4.0},{"damage":1.0,"enemies":"Cultist","floor":2.0,"turns":3.0},{"damage":7.0,"enemies":"Jaw Worm","floor":3.0,"turns":3.0},{"damage":15.0,"enemies":"Looter","floor":4.0,"turns":3.0},{"damage":28.0,"enemies":"Gremlin Nob","floor":6.0,"turns":4.0},{"damage":21.0,"enemies":"Lagavulin","floor":8.0,"turns":5.0},{"damage":8.0,"enemies":"Blue Slaver","floor":10.0,"turns":2.0},{"damage":21.0,"enemies":"3 Sentries","floor":12.0,"turns":9.0},{"damage":0.0,"enemies":"Large Slime","floor":13.0,"turns":4.0},{"damage":25.0,"enemies":"Slime Boss","floor":16.0,"turns":13.0},{"damage":6.0,"enemies":"Chosen","floor":18.0,"turns":4.0},{"damage":26.0,"enemies":"Spheric Guardian","floor":19.0,"turns":7.0},{"damage":54.0,"enemies":"Book of Stabbing","floor":23.0,"turns":7.0},{"damage":5,"enemies":"Centurion and Healer","floor":25,"turns":5},{"damage":6,"enemies":"Chosen and Byrds","floor":27,"turns":3},{"damage":39,"enemies":"Gremlin Leader","floor":30,"turns":8},{"damage":7,"enemies":"Sentry and Sphere","floor":31,"turns":5},{"damage":51,"enemies":"Collector","floor":33,"turns":6}],"seed_played":"-7254975596301110928","potions_obtained":[{"floor":2.0,"key":"LiquidBronze"},{"floor":6.0,"key":"GamblersBrew"},{"floor":8.0,"key":"Dexterity Potion"},{"floor":23.0,"key":"Ancient Potion"},{"floor":25,"key":"LiquidBronze"}],"is_trial":false,"path_per_floor":["M","M","M","M","?","E","R","E","T","M","R","E","M","T","R","B",null,"M","M","?","?","$","E","R","M","T","M","$","R","E","M","R","B"],"character_chosen":"IRONCLAD","items_purchased":["DollysMirror","Bag of Preparation","Feel No Pain"],"campfire_rested":6,"item_purchase_floors":[22,22,28],"current_hp_per_floor":[75,80,79,70,70,48,72,57,57,55,79,64,70,70,80,61,75,75,55,55,55,55,7,31,32,32,32,32,56,23,22,46,0],"gold":80,"neow_bonus":"THREE_CARDS","is_prod":false,"is_daily":false,"chose_seed":false,"campfire_upgraded":0,"win_rate":0,"timestamp":1559488651,"path_taken":["M","M","M","M","?","E","R","E","T","M","R","E","?","?","R","BOSS","M","M","?","?","$","E","R","M","T","M","?","R","E","M","R","BOSS"],"build_version":"2019-01-23","purchased_purges":0,"victory":false,"max_hp_per_floor":[80,80,80,80,80,80,80,80,80,80,80,80,80,80,80,80,80,80,80,80,80,80,80,80,80,80,80,80,80,80,80,80,80],"card_choices":[{"not_picked":["Cleave","Clash"],"picked":"Armaments","floor":0.0},{"not_picked":["Warcry","Havoc"],"picked":"Perfected Strike","floor":1.0},{"not_picked":["Clash","Warcry"],"picked":"True Grit","floor":2.0},{"not_picked":["Flex","Flame Barrier"],"picked":"Perfected Strike","floor":3.0},{"not_picked":["Iron Wave","Headbutt","Fiend Fire"],"picked":"SKIP","floor":4.0},{"not_picked":["Havoc","Iron Wave"],"picked":"Reckless Charge","floor":6.0},{"not_picked":["Intimidate","Fire Breathing"],"picked":"Flame Barrier","floor":8.0},{"not_picked":["Heavy Blade","Flex","Hemokinesis"],"picked":"SKIP","floor":10.0},{"not_picked":["Spot Weakness","Intimidate"],"picked":"Rage","floor":12.0},{"not_picked":["Cleave","Headbutt"],"picked":"Wild Strike","floor":13.0},{"not_picked":["Feed","Juggernaut"],"picked":"Dark Embrace","floor":16.0},{"not_picked":["Flame Barrier","Corruption"],"picked":"Pommel Strike","floor":18.0},{"not_picked":["Warcry+1","Clash"],"picked":"Feel No Pain","floor":19.0},{"not_picked":["Second Wind","Thunderclap"],"picked":"Perfected Strike+1","floor":23.0},{"not_picked":["Shrug It Off","Headbutt+1"],"picked":"Sever Soul+1","floor":25},{"not_picked":["Shockwave","Twin Strike"],"picked":"Reckless Charge","floor":27},{"not_picked":["Berserk","Clash"],"picked":"Perfected Strike+1","floor":30},{"not_picked":["Shrug It Off","Iron Wave"],"picked":"Wild Strike","floor":31}],"player_experience":353014,"relics_obtained":[{"floor":6.0,"key":"Peace Pipe"},{"floor":8.0,"key":"Sundial"},{"floor":9.0,"key":"Bottled Flame"},{"floor":12.0,"key":"Dodecahedron"},{"floor":14.0,"key":"Potion Belt"},{"floor":23.0,"key":"Dead Branch"},{"floor":26,"key":"FossilizedHelix"},{"floor":30,"key":"Blue Candle"}],"event_choices":[{"damage_healed":0.0,"max_hp_gain":0.0,"max_hp_loss":0.0,"gold_gain":0.0,"event_name":"Upgrade Shrine","player_choice":"Upgraded","floor":5.0,"gold_loss":0.0,"damage_taken":0.0,"cards_upgraded":["Armaments"]},{"damage_healed":0.0,"max_hp_gain":0.0,"max_hp_loss":0.0,"gold_gain":0.0,"event_name":"Addict","player_choice":"Obtained Relic","floor":20.0,"gold_loss":85.0,"damage_taken":0.0,"relics_obtained":["Centennial Puzzle"]},{"damage_healed":0.0,"max_hp_gain":0.0,"max_hp_loss":0.0,"gold_gain":0.0,"event_name":"Beggar","player_choice":"Ignored","floor":21.0,"gold_loss":0.0,"damage_taken":0.0}],"is_beta":false,"boss_relics":[{"not_picked":["Runic Pyramid","Lizard Tail"],"picked":"Mark of Pain"}],"items_purged_floors":[],"is_endless":false,"potions_floor_spawned":[2,6,8,23,25],"killed_by":"Collector","ascension_level":8}