{"gold_per_floor":[114,114,189,204,221,221,254,254,254,254,284,434,454,54,54,128,128,147,147,72,83,83,83,108,108,133,153,166,183,183,197,197,197],"floor_reached":33,"playtime":2558,"items_purged":["Doubt"],"score":534,"play_id":"4d98e7a8-f8b6-41ea-9050-2bc0702f5e28","local_time":"20190513093531","is_ascension_mode":true,"campfire_choices":[{"data":"Crippling Poison","floor":6.0,"key":"SMITH"},{"data":"Neutralize","floor":8.0,"key":"SMITH"},{"data":"Slice","floor":10.0,"key":"SMITH"},{"floor":15.0,"key":"REST"},{"floor":23.0,"key":"REST"},{"data":"Footwork","floor":25.0,"key":"SMITH"},{"data":"Blade Dance","floor":30.0,"key":"SMITH"},{"floor":32.0,"key":"REST"}],"neow_cost":"PERCENT_DAMAGE","seed_source_timestamp":1440439283060910,"circlet_count":0,"master_deck":["AscendersBane","Defend_G","Defend_G","Defend_G","Defend_G","Defend_G","Strike_G","Strike_G","Strike_G","Strike_G","Survivor","Neutralize+1","Leg Sweep","Crippling Poison+1","Blur","Slice+1","Blur","Finisher","Madness","Dodge and Roll","Venomology","Endless Agony","Heel Hook","Blade Dance+1","Escape Plan","Footwork+1","Malaise","PiercingWail","Flechettes","Backstab","Backstab+1"],"special_seed":0,"relics":["Ring of the Snake","Shuriken","Bag of Preparation","Ornamental Fan","Ancient Tea Set","Orrery","Bag of Marbles"],"potions_floor_usage":[33,33],"damage_taken":[{"damage":3.0,"enemies":"Jaw Worm","floor":1.0,"turns":6.0},{"damage":0.0,"enemies":"2 Louse","floor":4.0,"turns":4.0},{"damage":6.0,"enemies":"Small Slimes","floor":5.0,"turns":6.0},{"damage":11.0,"enemies":"Gremlin Nob","floor":7.0,"turns":5.0},{"damage":24.0,"enemies":"Lagavulin","floor":11.0,"turns":9.0},{"damage":0.0,"enemies":"2 Fungi Beasts","floor":13.0,"turns":4.0},{"damage":20.0,"enemies":"The Guardian","floor":16.0,"turns":21.0},{"damage":6.0,"enemies":"3 Byrds","floor":18.0,"turns":6.0},{"damage":15.0,"enemies":"Colosseum Slavers","floor":19.0,"turns":6.0},{"damage":3.0,"enemies":"Spheric Guardian","floor":21.0,"turns":4.0},{"damage":12.0,"enemies":"Slavers","floor":24.0,"turns":7.0},{"damage":1.0,"enemies":"Snecko","floor":27.0,"turns":7.0},{"damage":7.0,"enemies":"3 Cultists","floor":28.0,"turns":7.0},{"damage":9.0,"enemies":"Shelled Parasite and Fungi","floor":29.0,"turns":9.0},{"damage":23.0,"enemies":"Snecko","floor":31.0,"turns":9.0},{"damage":54,"enemies":"Automaton","floor":33,"turns":12}],"seed_played":"9195311044733827022","potions_obtained":[{"floor":4.0,"key":"Ancient Potion"},{"floor":5.0,"key":"AttackPotion"},{"floor":7.0,"key":"Fruit Juice"},{"floor":21.0,"key":"SteroidPotion"},{"floor":28.0,"key":"Dexterity Potion"},{"floor":31.0,"key":"AttackPotion"}],"is_trial":false,"path_per_floor":["M","?","?","M","M","R","E","R","T","R","E","?","M","$","R","B",null,"M","?","?","M","$","R","E","R","T","M","M","M","R","M","R","B"],"character_chosen":"THE_SILENT","items_purchased":["Ancient Tea Set","Madness","Dodge and Roll"],"campfire_rested":3,"item_purchase_floors":[14,14,14],"current_hp_per_floor":[53,58,47,47,41,41,35,35,35,35,11,11,11,11,37,17,70,64,49,49,46,46,72,60,60,60,59,52,43,43,20,46,0],"gold":197,"neow_bonus":"TWENTY_PERCENT_HP_BONUS","is_prod":false,"is_daily":false,"chose_seed":false,"campfire_upgraded":5,"win_rate":0,"timestamp":1557707731,"path_taken":["M","?","?","M","M","R","E","R","T","R","E","?","M","$","R","BOSS","M","?","?","M","$","R","E","R","T","M","M","M","R","M","R","BOSS"],"build_version":"2019-05-07","purchased_purges":1,"victory":false,"max_hp_per_floor":[78,83,83,83,83,83,88,88,88,88,88,88,88,88,88,88,88,88,88,88,88,88,88,88,88,88,88,88,88,88,88,88,88],"card_choices":[{"not_picked":["PiercingWail","Prepared"],"picked":"Leg Sweep","floor":1.0},{"not_picked":["Reflex","Dodge and Roll"],"picked":"Crippling Poison","floor":4.0},{"not_picked":["Poisoned Stab","Dagger Spray"],"picked":"Blur","floor":5.0},{"not_picked":["Slice","Distraction","Underhanded Strike"],"picked":"SKIP","floor":7.0},{"not_picked":["Distraction","Underhanded Strike"],"picked":"Slice","floor":7.0},{"not_picked":["Dodge and Roll","Glass Knife"],"picked":"Blur","floor":11.0},{"not_picked":["Flying Knee","Setup"],"picked":"Finisher","floor":13.0},{"not_picked":["Unload","Doppelganger"],"picked":"Venomology","floor":16.0},{"not_picked":["Deadly Poison","Slice"],"picked":"Endless Agony","floor":17.0},{"not_picked":["PiercingWail","Bane"],"picked":"Heel Hook","floor":17.0},{"not_picked":["Backflip","PiercingWail"],"picked":"Blade Dance","floor":17.0},{"not_picked":["Deflect","Quick Slash"],"picked":"Escape Plan","floor":17.0},{"not_picked":["Outmaneuver","Dodge and Roll","Caltrops"],"picked":"SKIP","floor":18.0},{"not_picked":["Backflip","Dagger Throw"],"picked":"Footwork","floor":21.0},{"not_picked":["Flying Knee","Crippling Poison"],"picked":"Malaise","floor":24.0},{"not_picked":["Prepared","Poisoned Stab"],"picked":"PiercingWail","floor":27.0},{"not_picked":["Setup","Deflect"],"picked":"Flechettes","floor":28.0},{"not_picked":["Accuracy+1","Sucker Punch"],"picked":"Backstab","floor":29.0},{"not_picked":["Infinite Blades","PiercingWail"],"picked":"Backstab+1","floor":31.0}],"player_experience":3220600,"relics_obtained":[{"floor":7.0,"key":"Shuriken"},{"floor":9.0,"key":"Bag of Preparation"},{"floor":11.0,"key":"Ornamental Fan"},{"floor":24.0,"key":"Bag of Marbles"}],"event_choices":[{"damage_healed":0.0,"max_hp_gain":5.0,"max_hp_loss":0.0,"gold_gain":0.0,"event_name":"Big Fish","player_choice":"Donut","floor":2.0,"gold_loss":0.0,"damage_taken":0.0},{"damage_healed":0.0,"max_hp_gain":0.0,"max_hp_loss":0.0,"gold_gain":75.0,"event_name":"World of Goop","player_choice":"Gather Gold","floor":3.0,"gold_loss":0.0,"damage_taken":11.0},{"damage_healed":0.0,"max_hp_gain":0.0,"max_hp_loss":0.0,"gold_gain":150.0,"event_name":"Liars Game","player_choice":"AGREE","floor":12.0,"gold_loss":0.0,"damage_taken":0.0,"cards_obtained":["Doubt"]},{"damage_healed":0.0,"max_hp_gain":0.0,"max_hp_loss":0.0,"gold_gain":0.0,"event_name":"Colosseum","player_choice":"Fight","floor":19.0,"gold_loss":0.0,"damage_taken":0.0},{"damage_healed":0.0,"max_hp_gain":0.0,"max_hp_loss":0.0,"gold_gain":0.0,"event_name":"Colosseum","player_choice":"Fled From Nobs","floor":19.0,"gold_loss":0.0,"damage_taken":0.0},{"cards_removed":["Strike_G"],"damage_healed":0.0,"max_hp_gain":0.0,"max_hp_loss":0.0,"gold_gain":0.0,"event_name":"Beggar","player_choice":"Gave Gold","floor":20.0,"gold_loss":75.0,"damage_taken":0.0}],"is_beta":true,"boss_relics":[{"not_picked":["Velvet Choker","Busted Crown"],"picked":"Orrery"}],"items_purged_floors":[14],"is_endless":false,"potions_floor_spawned":[4,5,7,19,21,28,31],"killed_by":"Automaton","ascension_level":17}