{"gold_per_floor":[117,132,143,160,176,208,208,238,238,203,203],"floor_reached":11,"playtime":245,"items_purged":[],"score":170,"play_id":"355c046c-e6f4-482d-a263-366132e5ab71","local_time":"20190522031752","is_ascension_mode":true,"campfire_choices":[{"floor":7,"key":"REST"}],"neow_cost":"NONE","seed_source_timestamp":285245756340500,"circlet_count":0,"master_deck":["AscendersBane","Strike_B","Strike_B","Strike_B","Strike_B","Defend_B","Defend_B","Defend_B","Defend_B","Zap","Dualcast","BootSequence","Consume","Coolheaded","Streamline","Ball Lightning","Rip and Tear","Rainbow"],"relics":["Cracked Core","NeowsBlessing","Dodecahedron","DataDisk","Matryoshka"],"potions_floor_usage":[4,5,8],"damage_taken":[{"damage":0,"enemies":"Small Slimes","floor":1,"turns":1},{"damage":0,"enemies":"Jaw Worm","floor":2,"turns":1},{"damage":0,"enemies":"2 Louse","floor":3,"turns":1},{"damage":18,"enemies":"Large Slime","floor":4,"turns":6},{"damage":19,"enemies":"Exordium Thugs","floor":5,"turns":4},{"damage":22,"enemies":"3 Sentries","floor":6,"turns":7},{"damage":24,"enemies":"Lagavulin","floor":8,"turns":6},{"damage":20,"enemies":"3 Sentries","floor":11,"turns":5}],"seed_played":"8223305174631742073","potions_obtained":[{"floor":3,"key":"Weak Potion"},{"floor":4,"key":"Poison Potion"},{"floor":5,"key":"FearPotion"}],"is_trial":false,"path_per_floor":["M","M","M","M","M","E","R","E","T","?","E"],"character_chosen":"DEFECT","items_purchased":[],"campfire_rested":1,"item_purchase_floors":[],"current_hp_per_floor":[64,64,64,46,27,5,26,2,2,19,0],"gold":203,"neow_bonus":"THREE_ENEMY_KILL","is_prod":false,"is_daily":false,"chose_seed":false,"campfire_upgraded":0,"win_rate":0,"timestamp":1558462672,"path_taken":["M","M","M","M","M","E","R","E","T","?","E"],"build_version":"2019-01-23","purchased_purges":0,"victory":false,"max_hp_per_floor":[71,71,71,71,71,71,71,71,71,71,71],"card_choices":[{"not_picked":["Turbo","Coolheaded"],"picked":"BootSequence","floor":1},{"not_picked":["Steam","Redo"],"picked":"Consume","floor":2},{"not_picked":["Skim","Redo"],"picked":"Coolheaded","floor":3},{"not_picked":["Rebound","Compile Driver"],"picked":"Streamline","floor":4},{"not_picked":["Blizzard","BootSequence"],"picked":"Ball Lightning","floor":5},{"not_picked":["Coolheaded","Stack"],"picked":"Rip and Tear","floor":6},{"not_picked":["Hologram","Redo"],"picked":"Rainbow","floor":8}],"player_experience":5105079,"relics_obtained":[{"floor":6,"key":"Dodecahedron"},{"floor":8,"key":"DataDisk"},{"floor":9,"key":"Matryoshka"}],"event_choices":[{"damage_healed":17,"gold_gain":0,"player_choice":"Healed","damage_taken":0,"max_hp_gain":0,"max_hp_loss":0,"event_name":"The Cleric","floor":10,"gold_loss":35}],"is_beta":false,"boss_relics":[],"items_purged_floors":[],"is_endless":false,"potions_floor_spawned":[3,4,5],"killed_by":"3 Sentries","ascension_level":20}