{"gold_per_floor":[117,117,117,42,16,49,49,80,80,95,113,141,156,204,216,305,317,340,352,364,376,313,325,19,39,39,54,54,89,103,119,119,198,198,208,222,242,55,0,28,28,56,80,80,80],"floor_reached":45,"playtime":3787,"items_purged":["Defend_G"],"score":1172,"play_id":"a83def81-453c-42ea-8fde-d28616fa772a","local_time":"20190501063925","is_ascension_mode":true,"campfire_choices":[{"data":"Dash","floor":7.0,"key":"SMITH"},{"data":"Dagger Spray","floor":15.0,"key":"SMITH"},{"data":"Well Laid Plans","floor":23,"key":"SMITH"},{"floor":28,"key":"REST"},{"data":"Footwork","floor":32,"key":"SMITH"},{"data":"Backflip","floor":44,"key":"SMITH"}],"neow_cost":"NONE","seed_source_timestamp":392151283999568,"circlet_count":0,"master_deck":["AscendersBane","Defend_G","Defend_G","Defend_G","Defend_G","Survivor","Neutralize","Backflip+1","Dash+1","Dagger Spray+1","Blur+1","PiercingWail+1","Distraction+1","Well Laid Plans+1","Malaise+1","Acrobatics+1","Choke+1","Quick Slash+1","Escape Plan+1","Footwork+1","Deflect+1","Outmaneuver+1","Leg Sweep+1","Calculated Gamble+1","Die Die Die","Bullet Time+1","Regret","Doubt","Acrobatics+1","Prepared+1","Distraction+1","Backflip+1","Escape Plan+1","Calculated Gamble+1"],"special_seed":0,"relics":["Ring of the Snake","NeowsBlessing","Pear","Toxic Egg 2","Blue Candle","Lantern","MawBank","Astrolabe","TwistedFunnel","Mummified Hand","Paper Crane","Calling Bell","Regal Pillow","Sundial","StoneCalendar","Red Mask","Gremlin Horn","Spirit Poop","Smiling Mask"],"potions_floor_usage":[],"damage_taken":[{"damage":0.0,"enemies":"2 Louse","floor":1.0,"turns":1.0},{"damage":0.0,"enemies":"Lagavulin","floor":6.0,"turns":1.0},{"damage":0.0,"enemies":"3 Sentries","floor":8.0,"turns":1.0},{"damage":1.0,"enemies":"Jaw Worm","floor":10.0,"turns":4.0},{"damage":0.0,"enemies":"Cultist","floor":11.0,"turns":4.0},{"damage":33.0,"enemies":"Gremlin Nob","floor":12.0,"turns":7.0},{"damage":6.0,"enemies":"Exordium Thugs","floor":13.0,"turns":6.0},{"damage":21.0,"enemies":"Slime Boss","floor":16.0,"turns":14.0},{"damage":0,"enemies":"Spheric Guardian","floor":18,"turns":12},{"damage":12,"enemies":"Colosseum Slavers","floor":21,"turns":6},{"damage":1,"enemies":"2 Thieves","floor":25,"turns":3},{"damage":14,"enemies":"Chosen and Byrds","floor":27,"turns":9},{"damage":3,"enemies":"Gremlin Leader","floor":29,"turns":9},{"damage":3,"enemies":"3 Cultists","floor":30,"turns":7},{"damage":0,"enemies":"Snecko","floor":31,"turns":12},{"damage":16,"enemies":"Champ","floor":33,"turns":23},{"damage":18,"enemies":"3 Shapes","floor":35,"turns":2},{"damage":3,"enemies":"Orb Walker","floor":36,"turns":4},{"damage":5,"enemies":"Maw","floor":37,"turns":9},{"damage":3,"enemies":"Giant Head","floor":40,"turns":11},{"damage":2,"enemies":"Reptomancer","floor":42,"turns":5},{"damage":34,"enemies":"Transient","floor":45,"turns":6}],"seed_played":"-7487520539782707430","potions_obtained":[{"floor":8.0,"key":"PowerPotion"},{"floor":11.0,"key":"Weak Potion"},{"floor":12.0,"key":"Explosive Potion"},{"floor":18,"key":"FearPotion"},{"floor":27,"key":"FearPotion"},{"floor":30,"key":"SkillPotion"},{"floor":35,"key":"Regen Potion"}],"is_trial":false,"path_per_floor":["M","$","?","?","$","E","R","E","T","M","M","E","M","T","R","B",null,"M","$","?","?","?","R","$","M","T","M","R","E","M","M","R","B",null,"M","M","M","$","?","E","?","E","T","R","M"],"character_chosen":"THE_SILENT","items_purchased":["Backflip","TwistedFunnel","Footwork","Backflip+1","Escape Plan+1"],"campfire_rested":1,"item_purchase_floors":[5,24,24,38,38],"current_hp_per_floor":[59,59,64,64,64,74,74,74,74,73,73,40,34,34,34,13,64,64,64,64,52,52,52,52,51,51,37,61,58,55,55,55,39,71,53,50,45,45,45,42,42,40,40,40,6],"gold":80,"neow_bonus":"THREE_ENEMY_KILL","is_prod":false,"is_daily":false,"chose_seed":false,"campfire_upgraded":5,"win_rate":0,"timestamp":1556660365,"path_taken":["M","$","?","?","?","E","R","E","T","M","?","E","M","?","R","BOSS","M","$","?","?","?","R","?","M","T","M","R","E","?","M","R","BOSS","M","M","M","$","?","E","?","E","T","R","M"],"build_version":"2019-04-23","purchased_purges":1,"victory":false,"max_hp_per_floor":[66,66,71,71,71,81,81,81,81,81,81,81,81,81,81,81,81,81,81,81,81,81,81,81,81,81,81,81,81,81,81,81,81,81,81,81,81,81,81,81,81,81,81,81,81],"card_choices":[{"not_picked":["Outmaneuver","Slice","Acrobatics"],"picked":"SKIP","floor":1.0},{"not_picked":["Underhanded Strike","Bane"],"picked":"Dash","floor":6.0},{"not_picked":["Poisoned Stab","Choke"],"picked":"Dagger Spray","floor":8.0},{"not_picked":["All Out Attack","Backflip+1"],"picked":"Blur+1","floor":10.0},{"not_picked":["Backstab","Outmaneuver+1"],"picked":"PiercingWail+1","floor":11.0},{"not_picked":["Riddle With Holes","Predator"],"picked":"Distraction+1","floor":12.0},{"not_picked":["Expertise+1","Dodge and Roll+1"],"picked":"Well Laid Plans","floor":13.0},{"not_picked":["Glass Knife","Tools of the Trade"],"picked":"Malaise+1","floor":16.0},{"not_picked":["Slice","Endless Agony"],"picked":"Escape Plan+1","floor":18},{"not_picked":["Flying Knee","Acrobatics+1"],"picked":"Deflect+1","floor":25},{"not_picked":["Dagger Throw","Prepared+1"],"picked":"Outmaneuver+1","floor":27},{"not_picked":["Endless Agony","Distraction+1"],"picked":"Leg Sweep+1","floor":29},{"not_picked":["Sucker Punch","Slice"],"picked":"Calculated Gamble+1","floor":30},{"not_picked":["Dagger Throw","Choke"],"picked":"Die Die Die","floor":31},{"not_picked":["A Thousand Cuts","Wraith Form v2"],"picked":"Bullet Time+1","floor":33},{"not_picked":["Underhanded Strike","Cloak And Dagger+1"],"picked":"Acrobatics+1","floor":35},{"not_picked":["Masterful Stab","Accuracy+1"],"picked":"Prepared+1","floor":36},{"not_picked":["Riddle With Holes","Underhanded Strike"],"picked":"Distraction+1","floor":37},{"not_picked":["Eviscerate","Endless Agony","Distraction+1"],"picked":"SKIP","floor":40},{"not_picked":["Heel Hook+1","Expertise+1"],"picked":"Calculated Gamble+1","floor":42}],"player_experience":3125629,"relics_obtained":[{"floor":6.0,"key":"Pear"},{"floor":8.0,"key":"Toxic Egg 2"},{"floor":9.0,"key":"Blue Candle"},{"floor":12.0,"key":"Lantern"},{"floor":14.0,"key":"MawBank"},{"floor":26,"key":"Mummified Hand"},{"floor":29,"key":"Paper Crane"},{"floor":34,"key":"Regal Pillow"},{"floor":34,"key":"Sundial"},{"floor":34,"key":"StoneCalendar"},{"floor":40,"key":"Gremlin Horn"},{"floor":42,"key":"Smiling Mask"}],"event_choices":[{"damage_healed":0.0,"max_hp_gain":5.0,"max_hp_loss":0.0,"gold_gain":0.0,"event_name":"Big Fish","player_choice":"Donut","floor":3.0,"gold_loss":0.0,"damage_taken":0.0},{"cards_removed":["Strike_G"],"damage_healed":0.0,"max_hp_gain":0.0,"max_hp_loss":0.0,"gold_gain":0.0,"event_name":"The Cleric","player_choice":"Card Removal","floor":4.0,"gold_loss":75.0,"damage_taken":0.0},{"damage_healed":0,"gold_gain":0,"player_choice":"Ignored","damage_taken":0,"max_hp_gain":0,"max_hp_loss":0,"event_name":"Vampires","floor":20,"gold_loss":0},{"damage_healed":0,"gold_gain":0,"player_choice":"Fight","damage_taken":0,"max_hp_gain":0,"max_hp_loss":0,"event_name":"Colosseum","floor":21,"gold_loss":0},{"damage_healed":0,"gold_gain":0,"player_choice":"Fled From Nobs","damage_taken":0,"max_hp_gain":0,"max_hp_loss":0,"event_name":"Colosseum","floor":21,"gold_loss":0},{"cards_removed":["Strike_G"],"damage_healed":0,"gold_gain":0,"player_choice":"Gave Gold","damage_taken":0,"max_hp_gain":0,"max_hp_loss":0,"event_name":"Beggar","floor":22,"gold_loss":75},{"damage_healed":0,"gold_gain":0,"player_choice":"Paid","damage_taken":0,"relics_obtained":["Red Mask"],"max_hp_gain":0,"max_hp_loss":0,"event_name":"Tomb of Lord Red Mask","floor":39,"gold_loss":55},{"cards_removed":["Normality"],"damage_healed":0,"gold_gain":0,"player_choice":"Offered Curse","damage_taken":0,"relics_obtained":["Spirit Poop"],"max_hp_gain":0,"max_hp_loss":0,"event_name":"Bonfire Elementals","floor":41,"gold_loss":0}],"is_beta":true,"boss_relics":[{"not_picked":["Orrery","Busted Crown"],"picked":"Astrolabe"},{"not_picked":["Tiny House","Coffee Dripper"],"picked":"Calling Bell"}],"items_purged_floors":[38],"is_endless":false,"potions_floor_spawned":[8,11,12,18,27,30,33,35,40],"killed_by":"Transient","ascension_level":17}