{"gold_per_floor":[111,125,7,82,101,101,101,101,128,154,169,187,187,197,197,197],"floor_reached":16,"playtime":687,"items_purged":[],"score":179,"play_id":"c3241156-d2a7-469e-9217-a9526fc33a48","local_time":"20181203210155","is_ascension_mode":true,"campfire_choices":[{"data":"Neutralize","floor":6,"key":"SMITH"},{"floor":8,"key":"REST"},{"floor":13,"key":"REST"},{"data":"Terror","floor":15,"key":"SMITH"}],"neow_cost":"NONE","seed_source_timestamp":38187760846558,"circlet_count":0,"master_deck":["AscendersBane","Defend_G","Defend_G","Defend_G","Defend_G","Defend_G","Strike_G","Strike_G","Strike_G","Strike_G","Survivor","Neutralize+1","Terror+1","Deadly Poison","Infinite Blades","Backflip","Backstab"],"relics":["WristBlade","Centennial Puzzle","Girya"],"potions_floor_usage":[10,12,12,16],"damage_taken":[{"damage":0,"enemies":"Jaw Worm","floor":1,"turns":6},{"damage":2,"enemies":"2 Louse","floor":2,"turns":2},{"damage":10,"enemies":"Cultist","floor":5,"turns":4},{"damage":34,"enemies":"3 Sentries","floor":10,"turns":7},{"damage":2,"enemies":"Exordium Wildlife","floor":11,"turns":4},{"damage":4,"enemies":"Gremlin Gang","floor":12,"turns":5},{"damage":2,"enemies":"2 Fungi Beasts","floor":14,"turns":3},{"damage":40,"enemies":"Slime Boss","floor":16,"turns":9}],"seed_played":"7594261628151692035","potions_obtained":[{"floor":1,"key":"Weak Potion"},{"floor":10,"key":"Block Potion"},{"floor":14,"key":"SpeedPotion"}],"is_trial":false,"path_per_floor":["M","M","$","?","M","R","?","R","T","E","M","M","R","M","R","B"],"character_chosen":"THE_SILENT","items_purchased":["Infinite Blades","PowerPotion"],"campfire_rested":2,"item_purchase_floors":[3,3],"current_hp_per_floor":[59,57,57,46,36,36,36,55,55,21,19,15,34,32,32,0],"gold":197,"neow_bonus":"BOSS_RELIC","is_prod":false,"is_daily":false,"chose_seed":false,"campfire_upgraded":2,"win_rate":0,"timestamp":1543838515,"path_taken":["M","M","$","?","M","R","?","R","T","E","M","M","R","M","R","BOSS"],"build_version":"2018-11-15","purchased_purges":0,"victory":false,"max_hp_per_floor":[66,66,66,66,66,66,66,66,66,66,66,66,66,66,66,66],"card_choices":[{"not_picked":["Expertise","Underhanded Strike"],"picked":"Terror","floor":1},{"not_picked":["Distraction","Sucker Punch"],"picked":"Deadly Poison","floor":2},{"not_picked":["Eviscerate","All Out Attack","Slice"],"picked":"SKIP","floor":5},{"not_picked":["Poisoned Stab","Caltrops"],"picked":"Backflip","floor":10},{"not_picked":["Quick Slash","Underhanded Strike","Bane"],"picked":"SKIP","floor":11},{"not_picked":["Caltrops","Underhanded Strike"],"picked":"Backstab","floor":12},{"not_picked":["Distraction","Concentrate","Outmaneuver"],"picked":"SKIP","floor":14}],"player_experience":2496392,"relics_obtained":[{"floor":9,"key":"Centennial Puzzle"},{"floor":10,"key":"Girya"}],"event_choices":[{"damage_healed":0,"gold_gain":75,"player_choice":"Gather Gold","damage_taken":11,"max_hp_gain":0,"max_hp_loss":0,"event_name":"World of Goop","floor":4,"gold_loss":0},{"cards_removed":["Strike_G"],"damage_healed":0,"gold_gain":0,"player_choice":"Purged","damage_taken":0,"max_hp_gain":0,"max_hp_loss":0,"event_name":"Purifier","floor":7,"gold_loss":0}],"is_beta":true,"boss_relics":[],"items_purged_floors":[],"is_endless":false,"potions_floor_spawned":[1,10,14],"killed_by":"Slime Boss","ascension_level":15}