{"gold_per_floor":[114,114,15,15,15,49,68,68,92,149,195,195,214,164,164,261,261,244,244,244,5,24,53,72,72,72,0,20,119,169,197,197,298,298,315,327,0,0,0,0,0,0,47,82,95,95,109,109,109,109],"floor_reached":51,"playtime":3197,"items_purged":[],"score":892,"play_id":"48940bfc-2af6-4172-afeb-4ce537413934","local_time":"20181120145934","is_ascension_mode":false,"campfire_choices":[{"data":"After Image","floor":8.0,"key":"SMITH"},{"data":"After Image","floor":15.0,"key":"SMITH"},{"floor":25.0,"key":"REST"},{"floor":32.0,"key":"REST"},{"data":"Well Laid Plans","floor":40,"key":"SMITH"},{"data":"A Thousand Cuts","floor":42,"key":"SMITH"},{"data":"Outmaneuver","floor":46,"key":"SMITH"},{"floor":49,"key":"REST"}],"neow_cost":"NONE","seed_source_timestamp":0,"circlet_count":0,"master_deck":["Defend_G","Defend_G","Defend_G","Strike_G","Strike_G","Survivor","Neutralize","Outmaneuver","After Image+1","Bane","Well Laid Plans+1","Purity","Neutralize","Acrobatics","Blur","After Image+1","Flying Knee","Poisoned Stab","Infinite Blades","Outmaneuver","A Thousand Cuts+1","Noxious Fumes","Catalyst","Cloak And Dagger","After Image+1","Escape Plan","Dagger Spray+1","Riddle With Holes+1","Outmaneuver+1","Bouncing Flask","Poisoned Stab","After Image","After Image","Normality","Tactician+1","Noxious Fumes+1","Flechettes+1","Parasite","Catalyst+1","Deflect"],"special_seed":0,"relics":["Ring of the Snake","NeowsBlessing","Omamori","Anchor","Tiny Chest","Happy Flower","Lizard Tail","HandDrill","Matryoshka","Sundial","Peace Pipe","Boot","Ancient Tea Set","Vajra","Calling Bell","FossilizedHelix","Bag of Preparation","Singing Bowl","Red Mask","Pen Nib","Regal Pillow","Thread and Needle"],"potions_floor_usage":[50,50],"damage_taken":[{"damage":0.0,"enemies":"Cultist","floor":1.0,"turns":1.0},{"damage":0.0,"enemies":"Lagavulin","floor":6.0,"turns":1.0},{"damage":0.0,"enemies":"Small Slimes","floor":7.0,"turns":1.0},{"damage":0.0,"enemies":"3 Sentries","floor":10.0,"turns":14.0},{"damage":0.0,"enemies":"Jaw Worm","floor":13.0,"turns":2.0},{"damage":0.0,"enemies":"Slime Boss","floor":16.0,"turns":11.0},{"damage":7.0,"enemies":"2 Thieves","floor":18.0,"turns":4.0},{"damage":0.0,"enemies":"Shell Parasite","floor":22.0,"turns":6.0},{"damage":44.0,"enemies":"Slavers","floor":23.0,"turns":8.0},{"damage":0.0,"enemies":"Centurion and Healer","floor":24.0,"turns":6.0},{"damage":2.0,"enemies":"Shelled Parasite and Fungi","floor":28.0,"turns":6.0},{"damage":55.0,"enemies":"Gremlin Leader","floor":31.0,"turns":7.0},{"damage":11.0,"enemies":"Collector","floor":33.0,"turns":8.0},{"damage":0.0,"enemies":"3 Shapes","floor":35.0,"turns":6.0},{"damage":0.0,"enemies":"Orb Walker","floor":36.0,"turns":4.0},{"damage":0,"enemies":"Giant Head","floor":44,"turns":8},{"damage":4,"enemies":"Writhing Mass","floor":45,"turns":7},{"damage":21,"enemies":"Spire Growth","floor":47,"turns":6},{"damage":65,"enemies":"Awakened One","floor":50,"turns":11}],"seed_played":"-2700265391607698411","potions_obtained":[{"floor":6.0,"key":"Swift Potion"},{"floor":10.0,"key":"Block Potion"},{"floor":16.0,"key":"Energy Potion"},{"floor":22.0,"key":"Weak Potion"},{"floor":24.0,"key":"SpeedPotion"},{"floor":33.0,"key":"GamblersBrew"},{"floor":35.0,"key":"Swift Potion"},{"floor":48,"key":"Strength Potion"}],"is_trial":false,"path_per_floor":["M","?","$","?","$","E","M","R","T","E","T","?","M","?","R","B",null,"M","?","?","$","M","E","M","R","T","$","M","?","T","E","R","B",null,"M","M","?","T","?","R","$","R","T","E","M","R","M","?","R","B",null],"character_chosen":"THE_SILENT","items_purchased":["Bane","Well Laid Plans","HandDrill","Escape Plan","Bouncing Flask"],"campfire_rested":3,"item_purchase_floors":[3,3,21,21,27],"current_hp_per_floor":[70,70,70,70,70,70,70,70,70,70,70,63,63,63,63,63,70,63,63,63,63,63,19,19,40,40,40,38,38,38,23,44,33,70,70,70,70,70,70,70,70,70,70,70,66,66,45,45,70,5],"gold":109,"neow_bonus":"THREE_ENEMY_KILL","is_prod":false,"is_daily":false,"chose_seed":false,"campfire_upgraded":5,"win_rate":0,"timestamp":1542747574,"path_taken":["M","?","$","?","$","E","?","R","T","E","?","?","?","?","R","BOSS","M","?","?","$","?","E","M","R","T","$","M","?","?","E","R","BOSS","M","M","?","?","?","R","?","R","T","E","M","R","?","?","R","BOSS"],"build_version":"2018-11-15","purchased_purges":0,"victory":true,"max_hp_per_floor":[70,70,70,70,70,70,70,70,70,70,70,70,70,70,70,70,70,70,70,70,70,70,70,70,70,70,70,70,70,70,70,70,70,70,70,70,70,70,70,70,70,70,70,70,70,70,70,70,70,70],"card_choices":[{"not_picked":["Flying Knee","Calculated Gamble"],"picked":"Outmaneuver","floor":1.0},{"not_picked":["Night Terror","Blade Dance"],"picked":"Flying Knee","floor":6.0},{"not_picked":["Bouncing Flask","Deadly Poison"],"picked":"Poisoned Stab","floor":7.0},{"not_picked":["Deadly Poison","Dagger Spray"],"picked":"Infinite Blades","floor":10.0},{"not_picked":["PiercingWail","Masterful Stab"],"picked":"Outmaneuver","floor":13.0},{"not_picked":["Night Terror","Storm of Steel"],"picked":"A Thousand Cuts","floor":16.0},{"not_picked":["Terror","Blur"],"picked":"Noxious Fumes","floor":18.0},{"not_picked":["Dodge and Roll+1","Finisher"],"picked":"Dagger Spray+1","floor":22.0},{"not_picked":["Quick Slash+1","Deadly Poison"],"picked":"Riddle With Holes+1","floor":23.0},{"not_picked":["Cloak And Dagger","Backflip"],"picked":"Outmaneuver","floor":24.0},{"not_picked":["Underhanded Strike","Acrobatics"],"picked":"Poisoned Stab","floor":28.0},{"not_picked":["Concentrate","Sucker Punch"],"picked":"After Image","floor":31.0},{"not_picked":["A Thousand Cuts","Bullet Time"],"picked":"After Image","floor":33.0},{"not_picked":["Masterful Stab","Quick Slash+1"],"picked":"Tactician+1","floor":35.0},{"not_picked":["Deadly Poison+1","Bouncing Flask"],"picked":"Noxious Fumes+1","floor":36.0},{"not_picked":["Outmaneuver","Acrobatics+1"],"picked":"Flechettes+1","floor":44},{"not_picked":["Quick Slash+1","Blade Dance+1"],"picked":"Catalyst+1","floor":45},{"not_picked":["Sucker Punch","Eviscerate"],"picked":"Deflect","floor":47}],"player_experience":424646,"relics_obtained":[{"floor":6.0,"key":"Omamori"},{"floor":9.0,"key":"Anchor"},{"floor":10.0,"key":"Tiny Chest"},{"floor":11.0,"key":"Happy Flower"},{"floor":23.0,"key":"Matryoshka"},{"floor":26.0,"key":"Sundial"},{"floor":26.0,"key":"Peace Pipe"},{"floor":30.0,"key":"Boot"},{"floor":30.0,"key":"Ancient Tea Set"},{"floor":31.0,"key":"Vajra"},{"floor":34.0,"key":"FossilizedHelix"},{"floor":34.0,"key":"Bag of Preparation"},{"floor":34.0,"key":"Singing Bowl"},{"floor":38.0,"key":"Pen Nib"},{"floor":43,"key":"Regal Pillow"},{"floor":44,"key":"Thread and Needle"}],"event_choices":[{"damage_healed":0.0,"max_hp_gain":0.0,"max_hp_loss":0.0,"gold_gain":0.0,"cards_transformed":["Strike_G"],"event_name":"Living Wall","player_choice":"Change","floor":2.0,"gold_loss":0.0,"damage_taken":0.0,"cards_obtained":["After Image"]},{"damage_healed":0.0,"max_hp_gain":0.0,"max_hp_loss":0.0,"gold_gain":0.0,"event_name":"Match and Keep!","player_choice":"5 cards matched","floor":4.0,"gold_loss":0.0,"damage_taken":0.0,"cards_obtained":["Purity","Neutralize","Acrobatics","Blur","After Image"]},{"damage_healed":0.0,"max_hp_gain":0.0,"max_hp_loss":0.0,"gold_gain":0.0,"event_name":"Match and Keep!","player_choice":"5 cards matched","floor":4.0,"gold_loss":0.0,"damage_taken":0.0,"cards_obtained":["Purity","Neutralize","Acrobatics","Blur","After Image"]},{"cards_removed":["Strike_G"],"damage_healed":0.0,"max_hp_gain":0.0,"max_hp_loss":0.0,"gold_gain":0.0,"event_name":"Golden Wing","player_choice":"Card Removal","floor":12.0,"gold_loss":0.0,"damage_taken":7.0},{"cards_removed":["Strike_G"],"damage_healed":0.0,"max_hp_gain":0.0,"max_hp_loss":0.0,"gold_gain":0.0,"event_name":"The Cleric","player_choice":"Card Removal","floor":14.0,"gold_loss":50.0,"damage_taken":0.0},{"damage_healed":0.0,"max_hp_gain":0.0,"max_hp_loss":0.0,"gold_gain":0.0,"cards_transformed":["Defend_G","Defend_G"],"event_name":"Drug Dealer","player_choice":"Became Test Subject","floor":19.0,"gold_loss":0.0,"damage_taken":0.0,"cards_obtained":["Catalyst","Cloak And Dagger"]},{"damage_healed":0.0,"max_hp_gain":0.0,"max_hp_loss":0.0,"gold_gain":0.0,"event_name":"Duplicator","player_choice":"Copied","floor":20.0,"gold_loss":0.0,"damage_taken":0.0,"cards_obtained":["After Image"]},{"damage_healed":0.0,"max_hp_gain":0.0,"max_hp_loss":0.0,"gold_gain":99.0,"event_name":"Nest","player_choice":"Stole From Cult","floor":29.0,"gold_loss":0.0,"damage_taken":0.0},{"damage_healed":0.0,"max_hp_gain":0.0,"max_hp_loss":0.0,"gold_gain":0.0,"event_name":"Tomb of Lord Red Mask","player_choice":"Paid","floor":37.0,"gold_loss":327.0,"damage_taken":0.0,"relics_obtained":["Red Mask"]},{"damage_healed":0,"gold_gain":0,"player_choice":"Ignored","damage_taken":0,"max_hp_gain":0,"max_hp_loss":0,"event_name":"Mysterious Sphere","floor":39,"gold_loss":0},{"damage_healed":0,"gold_gain":0,"player_choice":"Got Potions","damage_taken":0,"max_hp_gain":0,"max_hp_loss":0,"event_name":"Lab","floor":48,"gold_loss":0}],"is_beta":false,"boss_relics":[{"not_picked":["Runic Dome","Ring of the Serpent"],"picked":"Lizard Tail"},{"not_picked":["Tiny House","Fusion Hammer"],"picked":"Calling Bell"}],"items_purged_floors":[],"is_endless":false,"potions_floor_spawned":[6,10,16,22,24,33,35,45],"ascension_level":0}