{"gold_per_floor":[113,113,126,138,138,138,173,189,235,262,274,274,118,136,136,212,212,224,224,243,74,85,113,113,143,143,143,169,183,183,183,183,257,257,272,272,272,134,145,170,188,188,188,201,76,107,119,142,154,166],"floor_reached":50,"playtime":3407,"items_purged":["Strike_B","Strike_B","Defend_B"],"score":941,"play_id":"8b72105f-7ef2-4ba6-a8ae-a5a3a1043cee","local_time":"20190527231728","is_ascension_mode":true,"campfire_choices":[{"data":"Zap","floor":6,"key":"SMITH"},{"data":"Echo Form","floor":12,"key":"SMITH"},{"data":"Self Repair","floor":15,"key":"SMITH"},{"floor":24,"key":"RECALL"},{"floor":30,"key":"REST"},{"floor":32,"key":"REST"},{"floor":42,"key":"REST"},{"floor":47,"key":"REST"},{"floor":49,"key":"REST"}],"neow_cost":"NONE","seed_source_timestamp":96526779596626,"circlet_count":0,"master_deck":["AscendersBane","Defend_B","Defend_B","Defend_B","Zap+1","Leap","Glacier","Ball Lightning","Coolheaded","Ball Lightning","Self Repair+1","Echo Form+1","Skim","Electrodynamics","Glacier","Storm","Reinforced Body","Go for the Eyes+1","Echo Form","Capacitor","Coolheaded","Double Energy","Seek","Coolheaded","Biased Cognition","Barrage+1","Consume+1"],"relics":["Cracked Core","Blue Candle","Bag of Marbles","Centennial Puzzle","Fusion Hammer","Ornamental Fan","Art of War","Dream Catcher","Ginger","Nuclear Battery","Gambling Chip","MawBank"],"potions_floor_usage":[10,16,23,50,50],"damage_taken":[{"damage":5,"enemies":"Small Slimes","floor":1,"turns":3},{"damage":0,"enemies":"Cultist","floor":3,"turns":5},{"damage":0,"enemies":"2 Louse","floor":4,"turns":4},{"damage":8,"enemies":"Lagavulin","floor":7,"turns":11},{"damage":9,"enemies":"Gremlin Gang","floor":8,"turns":6},{"damage":15,"enemies":"Gremlin Nob","floor":10,"turns":4},{"damage":6,"enemies":"Large Slime","floor":11,"turns":5},{"damage":6,"enemies":"Red Slaver","floor":14,"turns":5},{"damage":35,"enemies":"Hexaghost","floor":16,"turns":10},{"damage":12,"enemies":"Chosen","floor":18,"turns":5},{"damage":17,"enemies":"Spheric Guardian","floor":20,"turns":7},{"damage":11,"enemies":"Snecko","floor":22,"turns":6},{"damage":7,"enemies":"Slavers","floor":23,"turns":3},{"damage":15,"enemies":"Gremlin Leader","floor":25,"turns":7},{"damage":12,"enemies":"Book of Stabbing","floor":28,"turns":7},{"damage":15,"enemies":"Snake Plant","floor":29,"turns":5},{"damage":23,"enemies":"Collector","floor":33,"turns":11},{"damage":12,"enemies":"Orb Walker","floor":35,"turns":5},{"damage":0,"enemies":"3 Shapes","floor":39,"turns":4},{"damage":30,"enemies":"Nemesis","floor":40,"turns":9},{"damage":28,"enemies":"Transient","floor":41,"turns":5},{"damage":4,"enemies":"4 Shapes","floor":44,"turns":4},{"damage":8,"enemies":"Giant Head","floor":46,"turns":8},{"damage":7,"enemies":"Spire Growth","floor":48,"turns":5},{"damage":97,"enemies":"Time Eater","floor":50,"turns":10}],"seed_played":"-2006962956779126215","potions_obtained":[{"floor":4,"key":"Swift Potion"},{"floor":8,"key":"Fire Potion"},{"floor":10,"key":"Energy Potion"},{"floor":18,"key":"PowerPotion"},{"floor":25,"key":"Fire Potion"},{"floor":44,"key":"PowerPotion"}],"is_trial":false,"path_per_floor":["M","?","M","M","?","R","E","M","T","E","M","R","$","M","R","B",null,"M","?","M","$","M","E","R","E","T","?","E","M","R","?","R","B",null,"M","?","?","$","M","E","M","R","T","M","$","E","R","M","R","B"],"character_chosen":"DEFECT","items_purchased":["Skim","Reinforced Body","Biased Cognition"],"campfire_rested":5,"item_purchase_floors":[13,21,38],"current_hp_per_floor":[70,70,70,70,70,70,62,53,53,38,39,39,39,47,47,32,70,68,68,71,71,70,73,73,68,68,60,68,73,82,82,82,69,79,82,82,82,82,82,72,44,68,68,82,82,82,82,82,82,0],"gold":166,"neow_bonus":"TEN_PERCENT_HP_BONUS","is_prod":false,"is_daily":false,"chose_seed":false,"campfire_upgraded":3,"win_rate":0,"timestamp":1558991848,"path_taken":["M","?","M","?","?","R","E","M","T","E","M","R","$","?","R","BOSS","M","?","M","$","?","E","R","E","T","?","E","?","R","?","R","BOSS","M","?","?","$","M","E","?","R","T","M","$","E","R","M","R","BOSS"],"build_version":"2019-01-23","purchased_purges":3,"victory":false,"max_hp_per_floor":[82,82,82,82,82,82,82,82,82,82,82,82,82,82,82,82,82,82,82,82,82,82,82,82,82,82,82,82,82,82,82,82,82,82,82,82,82,82,82,82,82,82,82,82,82,82,82,82,82,82],"card_choices":[{"not_picked":["Stack","Hologram"],"picked":"Leap","floor":1},{"not_picked":["Fusion","Double Energy","Stack"],"picked":"SKIP","floor":3},{"not_picked":["Conserve Battery","Rainbow"],"picked":"Ball Lightning","floor":4},{"not_picked":["Cold Snap","Stack"],"picked":"Coolheaded","floor":7},{"not_picked":["Beam Cell","Loop"],"picked":"Ball Lightning","floor":8},{"not_picked":["Darkness","Turbo"],"picked":"Self Repair","floor":10},{"not_picked":["Auto Shields","Leap"],"picked":"Echo Form","floor":11},{"not_picked":["Compile Driver","Stack","Storm"],"picked":"SKIP","floor":14},{"not_picked":["Hyperbeam","Amplify"],"picked":"Electrodynamics","floor":16},{"not_picked":["Melter","Beam Cell"],"picked":"Glacier","floor":18},{"not_picked":["Double Energy","Stack"],"picked":"Storm","floor":20},{"not_picked":["Beam Cell","Gash","Compile Driver"],"picked":"SKIP","floor":22},{"not_picked":["Beam Cell","Gash","Compile Driver"],"picked":"SKIP","floor":22},{"not_picked":["Thunder Strike","Doom and Gloom","Leap"],"picked":"SKIP","floor":23},{"not_picked":["Loop","Steam"],"picked":"Go for the Eyes+1","floor":25},{"not_picked":["Compile Driver","Stack"],"picked":"Echo Form","floor":28},{"not_picked":["Aggregate","Redo","Compile Driver"],"picked":"SKIP","floor":29},{"not_picked":["Leap","Redo"],"picked":"Capacitor","floor":30},{"not_picked":["Meteor Strike","Amplify"],"picked":"Seek","floor":33},{"not_picked":["Darkness","Coolheaded","BootSequence"],"picked":"SKIP","floor":35},{"not_picked":["Darkness","BootSequence"],"picked":"Coolheaded","floor":35},{"not_picked":["Redo","Beam Cell+1","Ball Lightning"],"picked":"SKIP","floor":39},{"not_picked":["Rip and Tear","Conserve Battery+1","Beam Cell"],"picked":"SKIP","floor":40},{"not_picked":["Ball Lightning","Go for the Eyes+1"],"picked":"Barrage+1","floor":41},{"not_picked":["Force Field","Cold Snap+1","Hyperbeam"],"picked":"SKIP","floor":44},{"not_picked":["Leap","Stack","Rebound+1"],"picked":"SKIP","floor":46},{"not_picked":["Coolheaded+1","Go for the Eyes"],"picked":"Consume+1","floor":47},{"not_picked":["Gash","Storm","BootSequence"],"picked":"SKIP","floor":48}],"player_experience":617491,"relics_obtained":[{"floor":7,"key":"Blue Candle"},{"floor":9,"key":"Bag of Marbles"},{"floor":10,"key":"Centennial Puzzle"},{"floor":23,"key":"Ornamental Fan"},{"floor":25,"key":"Art of War"},{"floor":26,"key":"Dream Catcher"},{"floor":28,"key":"Ginger"},{"floor":40,"key":"Gambling Chip"},{"floor":46,"key":"MawBank"}],"event_choices":[{"damage_healed":0,"gold_gain":0,"player_choice":"1 cards matched","damage_taken":0,"max_hp_gain":0,"max_hp_loss":0,"event_name":"Match and Keep!","floor":2,"gold_loss":0,"cards_obtained":["Glacier"]},{"cards_removed":["Strike_B"],"damage_healed":0,"gold_gain":0,"player_choice":"Offered Basic","damage_taken":0,"max_hp_gain":0,"max_hp_loss":0,"event_name":"Bonfire Elementals","floor":5,"gold_loss":0},{"damage_healed":0,"gold_gain":0,"player_choice":"Bought 0 Potions","damage_taken":0,"max_hp_gain":0,"max_hp_loss":0,"event_name":"The Woman in Blue","floor":19,"gold_loss":0},{"damage_healed":0,"gold_gain":0,"player_choice":"","damage_taken":8,"max_hp_gain":0,"max_hp_loss":0,"event_name":"Knowing Skull","floor":27,"potions_obtained":[],"gold_loss":0,"cards_obtained":[]},{"damage_healed":0,"gold_gain":0,"cards_transformed":["Strike_B","Dualcast"],"player_choice":"Became Test Subject","damage_taken":0,"max_hp_gain":0,"max_hp_loss":0,"event_name":"Drug Dealer","floor":31,"gold_loss":0,"cards_obtained":["Coolheaded","Double Energy"]},{"damage_healed":0,"gold_gain":0,"player_choice":"Memory 1","damage_taken":0,"max_hp_gain":0,"max_hp_loss":0,"event_name":"SensoryStone","floor":36,"gold_loss":0},{"damage_healed":0,"gold_gain":0,"player_choice":"Got Potions","damage_taken":0,"max_hp_gain":0,"max_hp_loss":0,"event_name":"Lab","floor":37,"gold_loss":0}],"is_beta":false,"boss_relics":[{"not_picked":["Ectoplasm","Runic Pyramid"],"picked":"Fusion Hammer"},{"not_picked":["Empty Cage","Coffee Dripper"],"picked":"Nuclear Battery"}],"items_purged_floors":[13,21,45],"is_endless":false,"potions_floor_spawned":[4,8,10,11,18,22,25,29,40,41,44,48],"killed_by":"Time Eater","ascension_level":13}