{"gold_per_floor":[364,364,364,96,113,143,143,143,143,163,174,204,154,168,168,271,271,285,299,299,299,299,299,314,327,398,398,431,530,530],"floor_reached":30,"playtime":1315,"items_purged":["Regret"],"score":450,"play_id":"c91f85a0-08f4-4387-ac9a-7ea7aed2d637","local_time":"20190430184130","is_ascension_mode":true,"campfire_choices":[{"floor":8.0,"key":"REST"},{"data":"Demon Form","floor":15,"key":"SMITH"},{"floor":23,"key":"REST"},{"floor":27,"key":"REST"}],"neow_cost":"PERCENT_DAMAGE","seed_source_timestamp":1644948213990307,"circlet_count":0,"master_deck":["AscendersBane","Strike_R","Strike_R","Strike_R","Defend_R","Defend_R","Defend_R","Bash","Disarm","Spot Weakness","Sword Boomerang","Demon Form+1","Shockwave","Disarm","Inflame","Limit Break","Pommel Strike","Sword Boomerang","Writhe","Clash"],"special_seed":0,"relics":["Burning Blood","Lantern","Bag of Marbles","Pantograph","Vajra","Juzu Bracelet","Odd Mushroom","Pear","Empty Cage","Shuriken","MutagenicStrength","The Courier","Champion Belt"],"potions_floor_usage":[10,19,21,25,28,30],"damage_taken":[{"damage":3.0,"enemies":"2 Louse","floor":1.0,"turns":4.0},{"damage":5.0,"enemies":"Jaw Worm","floor":5.0,"turns":4.0},{"damage":20.0,"enemies":"Gremlin Nob","floor":6.0,"turns":4.0},{"damage":3,"enemies":"The Mushroom Lair","floor":10,"turns":4},{"damage":0,"enemies":"Small Slimes","floor":11,"turns":2},{"damage":0,"enemies":"Lagavulin","floor":12,"turns":4},{"damage":15,"enemies":"2 Fungi Beasts","floor":14,"turns":4},{"damage":37,"enemies":"Hexaghost","floor":16,"turns":8},{"damage":8,"enemies":"Chosen","floor":18,"turns":3},{"damage":43,"enemies":"3 Byrds","floor":19,"turns":6},{"damage":25,"enemies":"Colosseum Slavers","floor":21,"turns":4},{"damage":13,"enemies":"3 Cultists","floor":24,"turns":4},{"damage":5,"enemies":"Cultist and Chosen","floor":25,"turns":4},{"damage":65,"enemies":"Slavers","floor":28,"turns":7},{"damage":34,"enemies":"Book of Stabbing","floor":30,"turns":3}],"seed_played":"-6680017650371517304","potions_obtained":[{"floor":6.0,"key":"Strength Potion"},{"floor":10,"key":"BloodPotion"},{"floor":11,"key":"Weak Potion"},{"floor":19,"key":"Fire Potion"},{"floor":24,"key":"EssenceOfSteel"},{"floor":28,"key":"BloodPotion"}],"is_trial":false,"path_per_floor":["M","?","?","$","M","E","T","R","T","?","M","E","?","M","R","B",null,"M","M","?","?","?","R","M","M","T","R","E","?","E"],"character_chosen":"IRONCLAD","items_purchased":["Spot Weakness","Bag of Marbles"],"campfire_rested":3,"item_purchase_floors":[4,4],"current_hp_per_floor":[54,54,54,54,55,41,41,65,65,68,74,90,90,81,81,59,82,80,52,52,33,33,60,53,54,54,81,22,22,0],"gold":530,"neow_bonus":"TWO_FIFTY_GOLD","is_prod":false,"is_daily":false,"chose_seed":false,"campfire_upgraded":1,"win_rate":0,"timestamp":1556638890,"path_taken":["M","?","?","$","M","E","?","R","T","?","M","E","?","M","R","BOSS","M","M","?","?","?","R","M","M","T","R","E","?","E"],"build_version":"2019-01-23","purchased_purges":1,"victory":false,"max_hp_per_floor":[80,80,80,80,80,80,80,80,80,80,80,90,90,90,90,90,90,90,90,90,90,90,90,90,90,90,90,90,90,90],"card_choices":[{"not_picked":["Cleave","Body Slam"],"picked":"Disarm","floor":1.0},{"not_picked":["Warcry","Seeing Red"],"picked":"Sword Boomerang","floor":5.0},{"not_picked":["Clash","Seeing Red"],"picked":"Demon Form","floor":6.0},{"not_picked":["Disarm","Pommel Strike"],"picked":"Shockwave","floor":10},{"not_picked":["Rampage","Havoc","Burning Pact"],"picked":"SKIP","floor":11},{"not_picked":["Twin Strike","Havoc"],"picked":"Disarm","floor":12},{"not_picked":["Dual Wield","Offering"],"picked":"Inflame","floor":14},{"not_picked":["Reaper","Brutality"],"picked":"Limit Break","floor":16},{"not_picked":["Shrug It Off","Cleave"],"picked":"Pommel Strike","floor":18},{"not_picked":["Armaments","Iron Wave"],"picked":"Sword Boomerang","floor":19},{"not_picked":["Shrug It Off","Combust","Bloodletting"],"picked":"SKIP","floor":24},{"not_picked":["Perfected Strike+1","Pommel Strike","Cleave"],"picked":"SKIP","floor":25},{"not_picked":["Power Through+1","Carnage"],"picked":"Clash","floor":28}],"player_experience":1272390,"relics_obtained":[{"floor":6.0,"key":"Pantograph"},{"floor":7.0,"key":"Vajra"},{"floor":9.0,"key":"Juzu Bracelet"},{"floor":10,"key":"Odd Mushroom"},{"floor":12,"key":"Pear"},{"floor":26,"key":"The Courier"},{"floor":28,"key":"Champion Belt"}],"event_choices":[{"damage_healed":0.0,"max_hp_gain":0.0,"max_hp_loss":0.0,"gold_gain":0.0,"event_name":"Big Fish","player_choice":"Box","floor":2.0,"gold_loss":0.0,"damage_taken":0.0,"relics_obtained":["Lantern"],"cards_obtained":["Regret"]},{"damage_healed":0.0,"max_hp_gain":0.0,"max_hp_loss":0.0,"gold_gain":0.0,"event_name":"Shining Light","player_choice":"Ignored","floor":3.0,"gold_loss":0.0,"damage_taken":0.0},{"damage_healed":0,"gold_gain":0,"player_choice":"Fought Mushrooms","damage_taken":0,"max_hp_gain":0,"max_hp_loss":0,"event_name":"Mushrooms","floor":10,"gold_loss":0},{"cards_removed":["Strike_R"],"damage_healed":0,"gold_gain":0,"player_choice":"Card Removal","damage_taken":0,"max_hp_gain":0,"max_hp_loss":0,"event_name":"The Cleric","floor":13,"gold_loss":50},{"damage_healed":0,"gold_gain":0,"player_choice":"Opened","damage_taken":0,"relics_obtained":["Shuriken"],"max_hp_gain":0,"max_hp_loss":0,"event_name":"The Mausoleum","floor":20,"gold_loss":0,"cards_obtained":["Writhe"]},{"damage_healed":0,"gold_gain":0,"player_choice":"Fight","damage_taken":0,"max_hp_gain":0,"max_hp_loss":0,"event_name":"Colosseum","floor":21,"gold_loss":0},{"damage_healed":0,"gold_gain":0,"player_choice":"Fled From Nobs","damage_taken":0,"max_hp_gain":0,"max_hp_loss":0,"event_name":"Colosseum","floor":21,"gold_loss":0},{"damage_healed":0,"gold_gain":0,"player_choice":"Inject Mutagens","damage_taken":0,"relics_obtained":["MutagenicStrength"],"max_hp_gain":0,"max_hp_loss":0,"event_name":"Drug Dealer","floor":22,"gold_loss":0},{"damage_healed":0,"gold_gain":99,"player_choice":"Stole From Cult","damage_taken":0,"max_hp_gain":0,"max_hp_loss":0,"event_name":"Nest","floor":29,"gold_loss":0}],"is_beta":false,"boss_relics":[{"not_picked":["Busted Crown","Fusion Hammer"],"picked":"Empty Cage"}],"items_purged_floors":[4],"is_endless":false,"potions_floor_spawned":[6,10,11,12,19,24,28],"killed_by":"Book of Stabbing","ascension_level":12}