{"gold_per_floor":[119,130,55,55,55,82,82,111,111,122,122,81,81,94,94,173,173,185,7,57,75,75,75],"floor_reached":23,"playtime":543,"items_purged":["Strike_B","Strike_B"],"score":433,"play_id":"c1e32bc6-c643-4070-bcce-9daf97e4031c","local_time":"20190304150300","is_ascension_mode":true,"campfire_choices":[{"data":"Dualcast","floor":7,"key":"SMITH"},{"data":"Tempest","floor":13,"key":"SMITH"},{"data":"Ball Lightning","floor":15,"key":"SMITH"}],"neow_cost":"NONE","seed_source_timestamp":105986428435034,"circlet_count":0,"master_deck":["AscendersBane","Defend_B","Defend_B","Defend_B","Defend_B","Zap+1","Dualcast+1","Doom and Gloom","Tempest+1","Ball Lightning+1","Buffer+1","Loop+1","Chill","Electrodynamics+1","Force Field","Capacitor+1"],"relics":["Cracked Core","NeowsBlessing","Frozen Egg 2","Gremlin Horn","Strawberry","Empty Cage"],"potions_floor_usage":[8,21],"damage_taken":[{"damage":0,"enemies":"Jaw Worm","floor":1,"turns":1},{"damage":0,"enemies":"Cultist","floor":2,"turns":1},{"damage":0,"enemies":"Lagavulin","floor":6,"turns":1},{"damage":28,"enemies":"Gremlin Nob","floor":8,"turns":4},{"damage":5,"enemies":"Small Slimes","floor":10,"turns":2},{"damage":0,"enemies":"Looter","floor":14,"turns":3},{"damage":10,"enemies":"The Guardian","floor":16,"turns":9},{"damage":9,"enemies":"Chosen","floor":18,"turns":4},{"damage":12,"enemies":"3 Byrds","floor":21,"turns":2},{"damage":26,"enemies":"Colosseum Slavers","floor":22,"turns":3},{"damage":27,"enemies":"Centurion and Healer","floor":23,"turns":2}],"seed_played":"-3361368679823315400","potions_obtained":[{"floor":1,"key":"SkillPotion"},{"floor":10,"key":"Explosive Potion"}],"is_trial":false,"path_per_floor":["M","M","$","?","?","E","R","E","T","M","?","$","R","M","R","B",null,"M","$","?","M","?","M"],"character_chosen":"DEFECT","items_purchased":["Chill","Capacitor+1"],"campfire_rested":0,"item_purchase_floors":[12,19],"current_hp_per_floor":[64,64,64,64,64,64,64,36,43,38,43,43,43,43,43,33,71,62,62,62,50,24,0],"gold":75,"neow_bonus":"THREE_ENEMY_KILL","is_prod":false,"is_daily":false,"chose_seed":false,"campfire_upgraded":3,"win_rate":0,"timestamp":1551679380,"path_taken":["M","M","$","?","?","E","R","E","T","?","?","$","R","M","R","BOSS","M","$","?","M","?","M"],"build_version":"2019-01-23","purchased_purges":2,"victory":false,"max_hp_per_floor":[71,71,71,71,71,71,71,71,78,78,83,83,83,83,83,83,83,83,83,83,83,83,83],"card_choices":[{"not_picked":["Consume","Auto Shields"],"picked":"Doom and Gloom","floor":1},{"not_picked":["Steam","Stack"],"picked":"Tempest","floor":2},{"not_picked":["Compile Driver","Turbo"],"picked":"Ball Lightning","floor":6},{"not_picked":["Reboot","Hyperbeam"],"picked":"Buffer+1","floor":8},{"not_picked":["Rebound","Cold Snap"],"picked":"Loop+1","floor":10},{"not_picked":["Streamline","Beam Cell","Hyperbeam"],"picked":"SKIP","floor":14},{"not_picked":["Buffer+1","Fission"],"picked":"Electrodynamics+1","floor":16},{"not_picked":["Static Discharge+1","Hologram"],"picked":"Force Field","floor":18},{"not_picked":["Skim","Gash","Auto Shields"],"picked":"SKIP","floor":21}],"player_experience":717477,"relics_obtained":[{"floor":6,"key":"Frozen Egg 2"},{"floor":8,"key":"Gremlin Horn"},{"floor":9,"key":"Strawberry"}],"event_choices":[{"damage_healed":0,"gold_gain":0,"player_choice":"Ignored","damage_taken":0,"max_hp_gain":0,"max_hp_loss":0,"event_name":"Liars Game","floor":4,"gold_loss":0},{"damage_healed":0,"gold_gain":0,"player_choice":"Forge","damage_taken":0,"max_hp_gain":0,"max_hp_loss":0,"event_name":"Accursed Blacksmith","floor":5,"gold_loss":0,"cards_upgraded":["Zap"]},{"damage_healed":0,"gold_gain":0,"player_choice":"Donut","damage_taken":0,"max_hp_gain":5,"max_hp_loss":0,"event_name":"Big Fish","floor":11,"gold_loss":0},{"damage_healed":0,"gold_gain":50,"player_choice":"Stole From Cult","damage_taken":0,"max_hp_gain":0,"max_hp_loss":0,"event_name":"Nest","floor":20,"gold_loss":0},{"damage_healed":0,"gold_gain":0,"player_choice":"Fight","damage_taken":0,"max_hp_gain":0,"max_hp_loss":0,"event_name":"Colosseum","floor":22,"gold_loss":0},{"damage_healed":0,"gold_gain":0,"player_choice":"Fled From Nobs","damage_taken":0,"max_hp_gain":0,"max_hp_loss":0,"event_name":"Colosseum","floor":22,"gold_loss":0}],"is_beta":false,"boss_relics":[{"not_picked":["Fusion Hammer","Philosopher\u0027s Stone"],"picked":"Empty Cage"}],"items_purged_floors":[3,19],"is_endless":false,"potions_floor_spawned":[1,10,22],"killed_by":"Centurion and Healer","ascension_level":19}