{"gold_per_floor":[117,128,128,140,215,215,233,233,233,267,267,284,298,327,327,398,398,358,358,18,18,18,18,18,18,18,18,18,18,18,18,18,18],"floor_reached":33,"playtime":1347,"items_purged":[],"score":549,"play_id":"8a51ac6f-e5bd-4fd5-b26a-ef243ba29b3c","local_time":"20190405193941","is_ascension_mode":true,"campfire_choices":[{"data":"Zap","floor":6.0,"key":"SMITH"},{"data":"Dualcast","floor":8.0,"key":"SMITH"},{"data":"White Noise","floor":11.0,"key":"SMITH"},{"data":"1","floor":15.0,"key":"LIFT"},{"data":"Hologram","floor":24.0,"key":"SMITH"},{"data":"2","floor":27.0,"key":"LIFT"},{"data":"3","floor":29.0,"key":"LIFT"},{"floor":32,"key":"REST"}],"neow_cost":"NONE","seed_source_timestamp":3177607970489693,"circlet_count":0,"master_deck":["AscendersBane","Strike_B","Strike_B","Strike_B","Strike_B","Defend_B","Defend_B","Defend_B","Defend_B","Zap+1","Dualcast+1","Glacier","Gash","White Noise+1","Conserve Battery","Reboot","Conserve Battery","Ball Lightning","Cold Snap+1","Electrodynamics","Hologram+1","Sunder+1","Ghostly","Ghostly","Ghostly","Beam Cell+1","Melter+1","Gash+1","Gash+1"],"special_seed":0,"relics":["Cracked Core","Bottled Lightning","Girya","Molten Egg 2","Ectoplasm","Unceasing Top","Mango","Ginger","Blue Candle"],"potions_floor_usage":[],"damage_taken":[{"damage":3.0,"enemies":"Small Slimes","floor":1.0,"turns":4.0},{"damage":1.0,"enemies":"Jaw Worm","floor":2.0,"turns":5.0},{"damage":4.0,"enemies":"2 Louse","floor":4.0,"turns":3.0},{"damage":14.0,"enemies":"Red Slaver","floor":7.0,"turns":3.0},{"damage":8.0,"enemies":"Gremlin Nob","floor":10.0,"turns":5.0},{"damage":0.0,"enemies":"Looter","floor":12.0,"turns":4.0},{"damage":0.0,"enemies":"3 Louse","floor":13.0,"turns":2.0},{"damage":1.0,"enemies":"Lagavulin","floor":14.0,"turns":7.0},{"damage":16.0,"enemies":"Slime Boss","floor":16.0,"turns":7.0},{"damage":10.0,"enemies":"2 Thieves","floor":18.0,"turns":2.0},{"damage":1.0,"enemies":"Chosen","floor":19.0,"turns":5.0},{"damage":6.0,"enemies":"Snecko","floor":22.0,"turns":4.0},{"damage":6.0,"enemies":"Slavers","floor":23.0,"turns":4.0},{"damage":17.0,"enemies":"Book of Stabbing","floor":25.0,"turns":5.0},{"damage":1.0,"enemies":"Shelled Parasite and Fungi","floor":28.0,"turns":4.0},{"damage":2,"enemies":"Cultist and Chosen","floor":31,"turns":5},{"damage":35,"enemies":"Automaton","floor":33,"turns":6}],"seed_played":"-7465830689735564926","potions_obtained":[{"floor":1.0,"key":"Dexterity Potion"},{"floor":4.0,"key":"FocusPotion"},{"floor":10.0,"key":"Explosive Potion"},{"floor":16.0,"key":"SteroidPotion"},{"floor":28.0,"key":"Fire Potion"}],"is_trial":false,"path_per_floor":["M","M","?","M","?","R","M","R","T","E","R","M","M","E","R","B",null,"M","M","$","?","M","E","R","E","T","R","M","R","?","M","R","B"],"character_chosen":"DEFECT","items_purchased":["Unceasing Top"],"campfire_rested":1,"item_purchase_floors":[20],"current_hp_per_floor":[68,67,67,63,52,52,38,38,38,30,30,30,30,29,29,13,62,52,51,51,39,33,41,41,24,24,24,23,23,9,7,24,0],"gold":18,"neow_bonus":"TEN_PERCENT_HP_BONUS","is_prod":false,"is_daily":false,"chose_seed":false,"campfire_upgraded":4,"win_rate":0,"timestamp":1554460781,"path_taken":["M","M","?","M","?","R","M","R","T","E","R","M","?","E","R","BOSS","M","M","$","?","M","E","R","E","T","R","M","R","?","M","R","BOSS"],"build_version":"2019-04-04","purchased_purges":0,"victory":false,"max_hp_per_floor":[78,78,78,78,78,78,78,78,78,78,78,78,78,78,78,78,78,78,78,78,39,39,53,53,53,53,53,53,53,58,58,58,58],"card_choices":[{"not_picked":["Compile Driver","Aggregate"],"picked":"Glacier","floor":1.0},{"not_picked":["Rip and Tear","Hello World"],"picked":"Gash","floor":2.0},{"not_picked":["Glacier","Cold Snap"],"picked":"White Noise","floor":4.0},{"not_picked":["Sweeping Beam","Rebound"],"picked":"Conserve Battery","floor":7.0},{"not_picked":["Leap","Conserve Battery"],"picked":"Reboot","floor":10.0},{"not_picked":["Leap","Coolheaded"],"picked":"Conserve Battery","floor":12.0},{"not_picked":["Reprogram","Steam"],"picked":"Ball Lightning","floor":13.0},{"not_picked":["Beam Cell","Multi-Cast"],"picked":"Cold Snap","floor":14.0},{"not_picked":["Seek","Fission"],"picked":"Electrodynamics","floor":16.0},{"not_picked":["Force Field","Static Discharge"],"picked":"Hologram","floor":18.0},{"not_picked":["Cold Snap+1","Redo"],"picked":"Sunder+1","floor":19.0},{"not_picked":["Melter+1","Heatsinks"],"picked":"Beam Cell+1","floor":22.0},{"not_picked":["Coolheaded","Hyperbeam+1"],"picked":"Melter+1","floor":23.0},{"not_picked":["BootSequence","Blizzard+1"],"picked":"Gash+1","floor":25.0},{"not_picked":["Cold Snap+1","Go for the Eyes+1"],"picked":"Gash+1","floor":28.0},{"not_picked":["Redo","Sweeping Beam+1","Aggregate"],"picked":"SKIP","floor":31}],"player_experience":2834477,"relics_obtained":[{"floor":9.0,"key":"Bottled Lightning"},{"floor":10.0,"key":"Girya"},{"floor":14.0,"key":"Molten Egg 2"},{"floor":23.0,"key":"Mango"},{"floor":25.0,"key":"Ginger"},{"floor":26.0,"key":"Blue Candle"}],"event_choices":[{"damage_healed":0.0,"max_hp_gain":0.0,"max_hp_loss":0.0,"gold_gain":0.0,"event_name":"Liars Game","player_choice":"Ignored","floor":3.0,"gold_loss":0.0,"damage_taken":0.0},{"damage_healed":0.0,"max_hp_gain":0.0,"max_hp_loss":0.0,"gold_gain":75.0,"event_name":"World of Goop","player_choice":"Gather Gold","floor":5.0,"gold_loss":0.0,"damage_taken":11.0},{"damage_healed":0.0,"max_hp_gain":0.0,"max_hp_loss":39.0,"gold_gain":0.0,"event_name":"Ghosts","player_choice":"Became a Ghost","floor":21.0,"gold_loss":0.0,"damage_taken":0.0,"cards_obtained":["Ghostly","Ghostly","Ghostly"]},{"damage_healed":0.0,"max_hp_gain":5.0,"max_hp_loss":0.0,"gold_gain":0.0,"event_name":"Forgotten Altar","player_choice":"Shed Blood","floor":30.0,"gold_loss":0.0,"damage_taken":19.0}],"is_beta":true,"boss_relics":[{"not_picked":["Busted Crown","White Beast Statue"],"picked":"Ectoplasm"}],"items_purged_floors":[],"is_endless":false,"potions_floor_spawned":[1,4,10,16,18,28,31],"killed_by":"Automaton","ascension_level":17}