{"gold_per_floor":[114,125,15,26,44,44,79,99,124,140,153,153,169,189,189,290,290,300,7,19,39,50,50,66,66,89,14,29,29,29,43,43,43],"floor_reached":33,"playtime":3435,"items_purged":["Strike_G"],"score":282,"play_id":"c494f139-568f-45b7-a664-8671726cc534","local_time":"20181126223412","is_ascension_mode":false,"campfire_choices":[{"data":"Deadly Poison","floor":6,"key":"SMITH"},{"floor":12,"key":"REST"},{"data":"Neutralize","floor":15,"key":"SMITH"},{"floor":23,"key":"REST"},{"floor":30,"key":"REST"},{"floor":32,"key":"REST"}],"neow_cost":"NONE","seed_source_timestamp":0,"circlet_count":0,"master_deck":["Defend_G+1","Defend_G+1","Defend_G","Strike_G","Strike_G","Strike_G","Strike_G","Survivor","Neutralize+1","Heel Hook","Quick Slash","Skewer","Deadly Poison+1","Bane","Dagger Throw","Poisoned Stab","Acrobatics","Prepared","Bane","Bane","Adrenaline","Deadly Poison+1","Noxious Fumes","Bouncing Flask","Bane","Bane+1","Poisoned Stab","Leg Sweep+1","Bullet Time","Bullet Time","Deflect"],"special_seed":0,"relics":["Ring of the Snake","Bag of Marbles","Anchor","WristBlade","Vajra","War Paint"],"potions_floor_usage":[13,16,16,16,16,18,22,24,24,24,24,31,33],"damage_taken":[{"damage":0,"enemies":"Cultist","floor":1,"turns":3},{"damage":2,"enemies":"2 Louse","floor":2,"turns":3},{"damage":7,"enemies":"Small Slimes","floor":4,"turns":3},{"damage":4,"enemies":"2 Fungi Beasts","floor":5,"turns":4},{"damage":1,"enemies":"Gremlin Nob","floor":7,"turns":3},{"damage":13,"enemies":"Red Slaver","floor":8,"turns":2},{"damage":0,"enemies":"Looter","floor":10,"turns":1},{"damage":6,"enemies":"Exordium Thugs","floor":11,"turns":3},{"damage":0,"enemies":"Blue Slaver","floor":13,"turns":2},{"damage":6,"enemies":"Large Slime","floor":14,"turns":4},{"damage":53,"enemies":"Slime Boss","floor":16,"turns":11},{"damage":13,"enemies":"Spheric Guardian","floor":18,"turns":4},{"damage":0,"enemies":"Shell Parasite","floor":20,"turns":3},{"damage":10,"enemies":"Cultist and Chosen","floor":21,"turns":4},{"damage":11,"enemies":"Snake Plant","floor":22,"turns":2},{"damage":0,"enemies":"Snecko","floor":24,"turns":3},{"damage":15,"enemies":"Colosseum Slavers","floor":25,"turns":2},{"damage":31,"enemies":"Shelled Parasite and Fungi","floor":28,"turns":4},{"damage":0,"enemies":"Centurion and Healer","floor":31,"turns":4},{"damage":64,"enemies":"Automaton","floor":33,"turns":6}],"seed_played":"-593967018227557994","potions_obtained":[{"floor":2,"key":"Poison Potion"},{"floor":7,"key":"EntropicBrew"},{"floor":10,"key":"AttackPotion"},{"floor":16,"key":"SkillPotion"},{"floor":18,"key":"LiquidBronze"},{"floor":22,"key":"EntropicBrew"},{"floor":28,"key":"EssenceOfSteel"},{"floor":31,"key":"Regen Potion"}],"is_trial":false,"path_per_floor":["M","M","$","M","M","R","E","M","T","M","M","R","M","M","R","B",null,"M","$","M","M","M","R","M","?","T","?","M","?","R","M","R","B"],"character_chosen":"THE_SILENT","items_purchased":["Skewer","Noxious Fumes","Bouncing Flask","Vajra"],"campfire_rested":4,"item_purchase_floors":[3,19,19,19],"current_hp_per_floor":[70,68,68,61,57,57,56,43,43,43,37,58,58,52,52,7,70,57,57,57,47,36,57,57,42,42,42,11,11,32,32,53,0],"gold":43,"neow_bonus":"REMOVE_CARD","is_prod":false,"is_daily":false,"chose_seed":false,"campfire_upgraded":2,"win_rate":0.0,"timestamp":1543239252,"path_taken":["M","M","?","M","M","R","E","M","T","M","M","R","?","M","R","BOSS","M","$","M","M","M","R","M","?","T","?","M","?","R","M","R","BOSS"],"build_version":"2018-11-15","purchased_purges":1,"victory":false,"max_hp_per_floor":[70,70,70,70,70,70,70,70,70,70,70,70,70,70,70,70,70,70,70,70,70,70,70,70,70,70,70,70,70,70,70,70,70],"card_choices":[{"not_picked":["Bane","Acrobatics"],"picked":"Heel Hook","floor":1},{"not_picked":["Dodge and Roll","Dagger Throw"],"picked":"Quick Slash","floor":2},{"not_picked":["Eviscerate","Acrobatics"],"picked":"Deadly Poison","floor":4},{"not_picked":["Predator","Calculated Gamble"],"picked":"Bane","floor":5},{"not_picked":["Calculated Gamble","Reflex"],"picked":"Dagger Throw","floor":7},{"not_picked":["Die Die Die","Acrobatics"],"picked":"Poisoned Stab","floor":8},{"not_picked":["Tactician","Reflex"],"picked":"Acrobatics","floor":10},{"not_picked":["Dodge and Roll","Flechettes"],"picked":"Prepared","floor":11},{"not_picked":["Blade Dance","Acrobatics"],"picked":"Bane","floor":13},{"not_picked":["Flying Knee","Deflect"],"picked":"Bane","floor":14},{"not_picked":["Night Terror","Wraith Form v2"],"picked":"Adrenaline","floor":16},{"not_picked":["Skewer","Dagger Spray"],"picked":"Deadly Poison+1","floor":18},{"not_picked":["Underhanded Strike","Deflect"],"picked":"Bane","floor":20},{"not_picked":["Poisoned Stab","PiercingWail"],"picked":"Bane+1","floor":21},{"not_picked":["Blade Dance","Slice"],"picked":"Poisoned Stab","floor":22},{"not_picked":["Dagger Throw","Poisoned Stab"],"picked":"Leg Sweep+1","floor":24},{"not_picked":["Underhanded Strike","Sucker Punch+1"],"picked":"Bullet Time","floor":28},{"not_picked":["Distraction","Bouncing Flask"],"picked":"Deflect","floor":31}],"player_experience":34208,"relics_obtained":[{"floor":7,"key":"Bag of Marbles"},{"floor":9,"key":"Anchor"},{"floor":26,"key":"War Paint"}],"event_choices":[{"damage_healed":0,"gold_gain":0,"player_choice":"Fight","damage_taken":0,"max_hp_gain":0,"max_hp_loss":0,"event_name":"Colosseum","floor":25,"gold_loss":0},{"damage_healed":0,"gold_gain":0,"player_choice":"Fled From Nobs","damage_taken":0,"max_hp_gain":0,"max_hp_loss":0,"event_name":"Colosseum","floor":25,"gold_loss":0},{"cards_removed":["Defend_G"],"damage_healed":0,"gold_gain":0,"player_choice":"Gave Gold","damage_taken":0,"max_hp_gain":0,"max_hp_loss":0,"event_name":"Beggar","floor":27,"gold_loss":75},{"damage_healed":0,"gold_gain":0,"player_choice":"Copied","damage_taken":0,"max_hp_gain":0,"max_hp_loss":0,"event_name":"Duplicator","floor":29,"gold_loss":0,"cards_obtained":["Bullet Time"]}],"is_beta":false,"boss_relics":[{"not_picked":["Lizard Tail","Velvet Choker"],"picked":"WristBlade"}],"items_purged_floors":[3],"is_endless":false,"potions_floor_spawned":[2,7,10,11,16,18,22,25,28,31],"killed_by":"Automaton","ascension_level":0}