{"gold_per_floor":[110,110,126,126,154,166,208,220,257,281,293,369,261,281,281,378,378,393,393,403,454,471,505,505,505,558,558,585,667,667],"floor_reached":30,"playtime":1307,"items_purged":["Strike_B"],"score":428,"play_id":"b7662d2b-c3a1-4491-abc5-ab81f146d050","local_time":"20190513213413","is_ascension_mode":true,"campfire_choices":[{"data":"Sunder","floor":6,"key":"SMITH"},{"floor":8,"key":"REST"},{"data":"Zap","floor":11,"key":"SMITH"},{"floor":15,"key":"REST"},{"floor":24,"key":"REST"},{"floor":27,"key":"REST"}],"neow_cost":"NONE","seed_source_timestamp":1474400176220819,"circlet_count":0,"master_deck":["AscendersBane","Strike_B","Strike_B+1","Strike_B","Defend_B","Defend_B","Defend_B","Defend_B","Zap+1","Dualcast","Doom and Gloom+1","Capacitor","Sunder+1","Reinforced Body","Defragment+1","Cold Snap+1","Consume+1","Leap+1","Chill"],"relics":["Cracked Core","MawBank","Frozen Egg 2","Vajra","Tiny Chest","Eternal Feather","Anchor","Pen Nib","Dream Catcher","Whetstone"],"potions_floor_usage":[12,16,16,22,23],"damage_taken":[{"damage":2,"enemies":"Small Slimes","floor":1,"turns":4},{"damage":1,"enemies":"Cultist","floor":3,"turns":3},{"damage":0,"enemies":"2 Louse","floor":5,"turns":1},{"damage":28,"enemies":"Gremlin Nob","floor":7,"turns":4},{"damage":7,"enemies":"Exordium Wildlife","floor":10,"turns":3},{"damage":15,"enemies":"3 Sentries","floor":12,"turns":5},{"damage":11,"enemies":"Looter","floor":14,"turns":2},{"damage":17,"enemies":"Hexaghost","floor":16,"turns":9},{"damage":15,"enemies":"Shell Parasite","floor":18,"turns":8},{"damage":21,"enemies":"Spheric Guardian","floor":20,"turns":4},{"damage":2,"enemies":"Shelled Parasite and Fungi","floor":22,"turns":7},{"damage":33,"enemies":"Slavers","floor":23,"turns":8},{"damage":29,"enemies":"Colosseum Slavers","floor":25,"turns":5},{"damage":43,"enemies":"Book of Stabbing","floor":28,"turns":10},{"damage":7,"enemies":"Snake Plant","floor":30,"turns":2}],"seed_played":"-1941773297382901742","potions_obtained":[{"floor":0,"key":"SkillPotion"},{"floor":0,"key":"SkillPotion"},{"floor":3,"key":"Energy Potion"},{"floor":12,"key":"Poison Potion"},{"floor":16,"key":"SpeedPotion"},{"floor":18,"key":"Dexterity Potion"}],"is_trial":false,"path_per_floor":["M","?","M","?","M","R","E","R","T","M","R","E","$","M","R","B",null,"M","?","M","T","M","E","R","?","T","R","E","T","M"],"character_chosen":"DEFECT","items_purchased":["Cold Snap"],"campfire_rested":4,"item_purchase_floors":[13],"current_hp_per_floor":[66,66,65,47,47,47,19,41,41,34,34,19,19,8,30,13,60,45,70,49,49,47,14,45,16,16,47,4,4,0],"gold":667,"neow_bonus":"THREE_SMALL_POTIONS","is_prod":false,"is_daily":false,"chose_seed":false,"campfire_upgraded":2,"win_rate":0,"timestamp":1557776053,"path_taken":["M","?","?","?","M","R","E","R","T","M","R","E","$","M","R","BOSS","M","?","M","?","M","E","R","?","T","R","E","?","M"],"build_version":"2019-01-23","purchased_purges":1,"victory":false,"max_hp_per_floor":[75,75,75,75,75,75,75,75,75,75,75,75,75,75,75,75,75,75,75,75,75,75,75,75,75,75,75,75,75,75],"card_choices":[{"not_picked":["Tempest","Coolheaded"],"picked":"Doom and Gloom","floor":1},{"not_picked":["Skim","Turbo"],"picked":"Capacitor","floor":3},{"not_picked":["Heatsinks","Loop"],"picked":"Sunder","floor":5},{"not_picked":["Double Energy","Sunder","Sweeping Beam"],"picked":"SKIP","floor":7},{"not_picked":["Turbo","Recycle"],"picked":"Reinforced Body","floor":10},{"not_picked":["Cold Snap","Amplify"],"picked":"Defragment+1","floor":12},{"not_picked":["Hologram","Aggregate","Fusion"],"picked":"SKIP","floor":14},{"not_picked":["Gash","Genetic Algorithm"],"picked":"Consume+1","floor":18},{"not_picked":["Barrage","Turbo"],"picked":"Leap+1","floor":20},{"not_picked":["Auto Shields","Hologram"],"picked":"Chill","floor":22},{"not_picked":["Undo+1","Force Field","Darkness"],"picked":"SKIP","floor":23},{"not_picked":["Skim","Streamline","Conserve Battery"],"picked":"SKIP","floor":28}],"player_experience":581949,"relics_obtained":[{"floor":7,"key":"Frozen Egg 2"},{"floor":9,"key":"Vajra"},{"floor":12,"key":"Tiny Chest"},{"floor":21,"key":"Anchor"},{"floor":23,"key":"Pen Nib"},{"floor":26,"key":"Dream Catcher"},{"floor":28,"key":"Whetstone"}],"event_choices":[{"damage_healed":0,"gold_gain":0,"player_choice":"Upgraded","damage_taken":0,"max_hp_gain":0,"max_hp_loss":0,"event_name":"Upgrade Shrine","floor":2,"gold_loss":0,"cards_upgraded":["Doom and Gloom"]},{"damage_healed":0,"gold_gain":0,"player_choice":"Success","damage_taken":18,"relics_obtained":["MawBank"],"max_hp_gain":0,"max_hp_loss":0,"event_name":"Scrap Ooze","floor":4,"gold_loss":0},{"damage_healed":25,"gold_gain":0,"player_choice":"Heal","damage_taken":0,"max_hp_gain":0,"max_hp_loss":0,"event_name":"The Library","floor":19,"gold_loss":0},{"damage_healed":0,"gold_gain":0,"player_choice":"Fight","damage_taken":0,"max_hp_gain":0,"max_hp_loss":0,"event_name":"Colosseum","floor":25,"gold_loss":0},{"damage_healed":0,"gold_gain":0,"player_choice":"Fled From Nobs","damage_taken":0,"max_hp_gain":0,"max_hp_loss":0,"event_name":"Colosseum","floor":25,"gold_loss":0}],"is_beta":false,"boss_relics":[{"not_picked":["Tiny House","Lizard Tail"],"picked":"Eternal Feather"}],"items_purged_floors":[13],"is_endless":false,"potions_floor_spawned":[3,5,12,16,18,20,25],"killed_by":"Snake Plant","ascension_level":11}