{"gold_per_floor":[110,129,148,148,166,166,191,191,269,302,317,317,337,366,366,366],"floor_reached":16,"playtime":1174,"items_purged":[],"score":272,"play_id":"315e601f-d773-421f-a8f7-f6417c9bf605","local_time":"20190509211644","is_ascension_mode":true,"campfire_choices":[{"data":"Skewer","floor":6,"key":"SMITH"},{"data":"Neutralize","floor":8,"key":"SMITH"},{"floor":12,"key":"REST"},{"data":"Finisher","floor":15,"key":"SMITH"}],"neow_cost":"NONE","seed_source_timestamp":1138625801978753,"circlet_count":0,"master_deck":["AscendersBane","Defend_G","Defend_G","Defend_G","Defend_G+1","Defend_G","Strike_G+1","Strike_G","Strike_G","Strike_G+1","Survivor","Neutralize+1","Cloak And Dagger+1","Crippling Poison","Dagger Spray","Skewer+1","Dodge and Roll","PiercingWail","Endless Agony","Finisher+1"],"relics":["Ring of the Snake","Whetstone","Mango","Letter Opener","War Paint","Dream Catcher"],"potions_floor_usage":[10,14,16],"damage_taken":[{"damage":7,"enemies":"Small Slimes","floor":1,"turns":5},{"damage":0,"enemies":"2 Louse","floor":2,"turns":3},{"damage":0,"enemies":"Cultist","floor":3,"turns":4},{"damage":0,"enemies":"2 Fungi Beasts","floor":5,"turns":3},{"damage":20,"enemies":"3 Sentries","floor":7,"turns":10},{"damage":18,"enemies":"Lagavulin","floor":10,"turns":8},{"damage":18,"enemies":"Exordium Thugs","floor":11,"turns":5},{"damage":0,"enemies":"3 Louse","floor":13,"turns":3},{"damage":0,"enemies":"3 Sentries","floor":14,"turns":4},{"damage":34,"enemies":"Slime Boss","floor":16,"turns":8}],"seed_played":"-5260196059090704028","potions_obtained":[{"floor":3,"key":"PowerPotion"},{"floor":7,"key":"AttackPotion"},{"floor":11,"key":"SkillPotion"}],"is_trial":false,"path_per_floor":["M","M","M","?","M","R","E","R","T","E","M","R","M","E","R","B"],"character_chosen":"THE_SILENT","items_purchased":[],"campfire_rested":1,"item_purchase_floors":[],"current_hp_per_floor":[52,52,52,52,52,52,46,46,46,28,10,34,34,34,34,0],"gold":366,"neow_bonus":"RANDOM_COMMON_RELIC","is_prod":false,"is_daily":false,"chose_seed":false,"campfire_upgraded":3,"win_rate":0,"timestamp":1557404204,"path_taken":["M","M","M","?","M","R","E","R","T","E","M","R","M","E","R","BOSS"],"build_version":"2019-05-07","purchased_purges":0,"victory":false,"max_hp_per_floor":[66,66,66,66,66,66,80,80,80,80,80,80,80,80,80,80],"card_choices":[{"not_picked":["Blade Dance","Infinite Blades"],"picked":"Cloak And Dagger","floor":1},{"not_picked":["Deadly Poison","Acrobatics"],"picked":"Crippling Poison","floor":2},{"not_picked":["Deadly Poison","Acrobatics"],"picked":"Dagger Spray","floor":3},{"not_picked":["Calculated Gamble","Bane"],"picked":"Skewer","floor":5},{"not_picked":["Skewer","Acrobatics"],"picked":"Dodge and Roll","floor":7},{"not_picked":["Outmaneuver","Bane","Phantasmal Killer"],"picked":"SKIP","floor":10},{"not_picked":["Slice","Bane"],"picked":"PiercingWail","floor":11},{"not_picked":["Bane","Setup"],"picked":"Endless Agony","floor":13},{"not_picked":["Bane","All Out Attack"],"picked":"Finisher","floor":14}],"player_experience":3169279,"relics_obtained":[{"floor":7,"key":"Mango"},{"floor":9,"key":"Letter Opener"},{"floor":10,"key":"War Paint"},{"floor":14,"key":"Dream Catcher"}],"event_choices":[{"cards_removed":["Strike_G"],"damage_healed":0,"gold_gain":0,"player_choice":"Forget","damage_taken":0,"max_hp_gain":0,"max_hp_loss":0,"event_name":"Living Wall","floor":4,"gold_loss":0}],"is_beta":true,"boss_relics":[],"items_purged_floors":[],"is_endless":false,"potions_floor_spawned":[3,7,11],"killed_by":"Slime Boss","ascension_level":17}