{"gold_per_floor":[111,130,130,205,219,219,250,250,250,250,250,262,288,44,44,44],"floor_reached":16,"playtime":367,"items_purged":["Strike_B"],"score":216,"play_id":"4957719f-0b3e-4eca-9b1b-bc1f8788a775","local_time":"20190326022656","is_ascension_mode":true,"campfire_choices":[{"data":"Rebound","floor":6,"key":"SMITH"},{"data":"Sweeping Beam","floor":8,"key":"SMITH"},{"data":"White Noise","floor":10,"key":"SMITH"},{"data":"Defragment","floor":15,"key":"SMITH"}],"neow_cost":"NONE","seed_source_timestamp":1046322549259900,"circlet_count":0,"master_deck":["AscendersBane","Strike_B","Strike_B","Defend_B","Defend_B","Zap","Dualcast","White Noise+1","Rebound+1","Glacier","Steam","Sweeping Beam+1","Beam Cell","Electrodynamics","Defragment","Self Repair","Defragment+1"],"relics":["Cracked Core","The Courier","Boot","Shuriken"],"potions_floor_usage":[13,13],"damage_taken":[{"damage":0,"enemies":"2 Louse","floor":1,"turns":2},{"damage":7,"enemies":"Jaw Worm","floor":2,"turns":3},{"damage":2,"enemies":"Small Slimes","floor":5,"turns":4},{"damage":14,"enemies":"Lagavulin","floor":7,"turns":9},{"damage":1,"enemies":"Looter","floor":12,"turns":3},{"damage":8,"enemies":"Gremlin Nob","floor":13,"turns":3},{"damage":15,"enemies":"Hexaghost","floor":16,"turns":10}],"seed_played":"9093077842102609214","potions_obtained":[{"floor":1,"key":"AttackPotion"},{"floor":2,"key":"Swift Potion"},{"floor":12,"key":"SteroidPotion"}],"is_trial":false,"path_per_floor":["M","M","?","?","M","R","E","R","T","R","?","M","E","$","R","B"],"character_chosen":"DEFECT","items_purchased":["Defragment","Self Repair","Defragment"],"campfire_rested":0,"item_purchase_floors":[14,14,14],"current_hp_per_floor":[64,57,57,46,44,44,30,30,30,30,23,22,14,14,14,0],"gold":44,"neow_bonus":"REMOVE_CARD","is_prod":false,"is_daily":false,"chose_seed":false,"campfire_upgraded":4,"win_rate":0,"timestamp":1553534816,"path_taken":["M","M","?","?","M","R","E","R","T","R","?","M","E","$","R","BOSS"],"build_version":"2019-01-23","purchased_purges":1,"victory":false,"max_hp_per_floor":[71,71,71,71,71,71,71,71,71,71,71,71,71,71,71,71],"card_choices":[{"not_picked":["Turbo","Reinforced Body"],"picked":"White Noise","floor":1},{"not_picked":["Lockon","Redo"],"picked":"Rebound","floor":2},{"not_picked":["Go for the Eyes","Steam Power"],"picked":"Steam","floor":5},{"not_picked":["Double Energy","Redo"],"picked":"Sweeping Beam","floor":7},{"not_picked":["Go for the Eyes","Rebound"],"picked":"Beam Cell","floor":12},{"not_picked":["BootSequence","Sweeping Beam"],"picked":"Electrodynamics","floor":13}],"player_experience":4631170,"relics_obtained":[{"floor":7,"key":"The Courier"},{"floor":9,"key":"Boot"},{"floor":13,"key":"Shuriken"}],"event_choices":[{"damage_healed":0,"gold_gain":0,"cards_transformed":["Defend_B"],"player_choice":"Change","damage_taken":0,"max_hp_gain":0,"max_hp_loss":0,"event_name":"Living Wall","floor":3,"gold_loss":0,"cards_obtained":["Glacier"]},{"damage_healed":0,"gold_gain":75,"player_choice":"Gather Gold","damage_taken":11,"max_hp_gain":0,"max_hp_loss":0,"event_name":"World of Goop","floor":4,"gold_loss":0},{"cards_removed":["Defend_B"],"damage_healed":0,"gold_gain":0,"player_choice":"Card Removal","damage_taken":7,"max_hp_gain":0,"max_hp_loss":0,"event_name":"Golden Wing","floor":11,"gold_loss":0}],"is_beta":false,"boss_relics":[],"items_purged_floors":[14],"is_endless":false,"potions_floor_spawned":[1,2,12],"killed_by":"Hexaghost","ascension_level":20}