{"gold_per_floor":[17,17,27,27,42,42,81,81,106,139,139,153,153,54,54,150,150,170,170,186,186],"floor_reached":21,"playtime":953,"items_purged":["Strike_B"],"score":337,"play_id":"2fc14bcd-3c92-4d5a-b25b-0b43de3aa759","local_time":"20190214164625","is_ascension_mode":true,"campfire_choices":[{"floor":6.0,"key":"REST"},{"data":"Jack Of All Trades","floor":8.0,"key":"SMITH"},{"floor":11.0,"key":"REST"},{"data":"Forethought","floor":13.0,"key":"SMITH"},{"floor":15.0,"key":"REST"}],"neow_cost":"NO_GOLD","seed_source_timestamp":0,"circlet_count":0,"master_deck":["AscendersBane","Strike_B","Strike_B","Defend_B","Defend_B","Defend_B","Defend_B","Zap","Dualcast","Jack Of All Trades+1","Forethought+1","Lockon","Ball Lightning","Cold Snap","Sunder","Leap","Meteor Strike","Hologram+1","Turbo"],"special_seed":0,"relics":["Cracked Core","Golden Idol","Anchor","Art of War","Boot","Philosopher\u0027s Stone"],"potions_floor_usage":[21],"damage_taken":[{"damage":2.0,"enemies":"Jaw Worm","floor":1.0,"turns":4.0},{"damage":4.0,"enemies":"Small Slimes","floor":3.0,"turns":4.0},{"damage":1.0,"enemies":"Cultist","floor":5.0,"turns":4.0},{"damage":15.0,"enemies":"3 Sentries","floor":7.0,"turns":7.0},{"damage":15.0,"enemies":"Lagavulin","floor":10.0,"turns":6.0},{"damage":0.0,"enemies":"2 Fungi Beasts","floor":12.0,"turns":2.0},{"damage":29.0,"enemies":"Slime Boss","floor":16.0,"turns":10.0},{"damage":27.0,"enemies":"3 Byrds","floor":18.0,"turns":5.0},{"damage":12.0,"enemies":"Spheric Guardian","floor":20.0,"turns":3.0},{"damage":36,"enemies":"Cultist and Chosen","floor":21,"turns":4}],"seed_played":"4247856066917338931","potions_obtained":[{"floor":3.0,"key":"SpeedPotion"},{"floor":5.0,"key":"Fire Potion"},{"floor":12.0,"key":"FocusPotion"},{"floor":20.0,"key":"SkillPotion"}],"is_trial":false,"path_per_floor":["M","?","M","?","M","R","E","R","T","E","R","M","R","$","R","B",null,"M","?","M","M"],"character_chosen":"DEFECT","items_purchased":["Leap"],"campfire_rested":3,"item_purchase_floors":[14],"current_hp_per_floor":[62,62,58,34,33,54,39,39,39,24,45,45,45,45,66,37,63,36,36,24,0],"gold":186,"neow_bonus":"RANDOM_COLORLESS_2","is_prod":false,"is_daily":false,"chose_seed":false,"campfire_upgraded":2,"win_rate":0,"timestamp":1550130385,"path_taken":["M","?","M","?","M","R","E","R","T","E","R","M","R","$","R","BOSS","M","?","?","M"],"build_version":"2019-01-23","purchased_purges":1,"victory":false,"max_hp_per_floor":[71,71,71,71,71,71,71,71,71,71,71,71,71,71,71,71,71,71,71,71,71],"card_choices":[{"not_picked":["Skim","Heatsinks","Reinforced Body"],"picked":"SKIP","floor":1.0},{"not_picked":["Leap","Aggregate"],"picked":"Lockon","floor":3.0},{"not_picked":["Redo","Barrage"],"picked":"Ball Lightning","floor":5.0},{"not_picked":["Hologram","Stack"],"picked":"Cold Snap","floor":7.0},{"not_picked":["Hyperbeam","Conserve Battery"],"picked":"Sunder","floor":10.0},{"not_picked":["Streamline","Stack","BootSequence"],"picked":"SKIP","floor":12.0},{"not_picked":["Buffer","Core Surge"],"picked":"Meteor Strike","floor":16.0},{"not_picked":["Stack","Barrage"],"picked":"Hologram+1","floor":18.0},{"not_picked":["Hologram","Meteor Strike"],"picked":"Turbo","floor":20.0}],"player_experience":617412,"relics_obtained":[{"floor":7.0,"key":"Anchor"},{"floor":9.0,"key":"Art of War"},{"floor":10.0,"key":"Boot"}],"event_choices":[{"damage_healed":0.0,"max_hp_gain":0.0,"max_hp_loss":0.0,"gold_gain":0.0,"event_name":"The Cleric","player_choice":"Leave","floor":2.0,"gold_loss":0.0,"damage_taken":0.0},{"damage_healed":0.0,"max_hp_gain":0.0,"max_hp_loss":0.0,"gold_gain":0.0,"event_name":"Golden Idol","player_choice":"Take Damage","floor":4.0,"gold_loss":0.0,"damage_taken":24.0,"relics_obtained":["Golden Idol"]},{"cards_removed":["Strike_B"],"damage_healed":0.0,"max_hp_gain":0.0,"max_hp_loss":0.0,"gold_gain":0.0,"event_name":"Purifier","player_choice":"Purged","floor":19.0,"gold_loss":0.0,"damage_taken":0.0}],"is_beta":false,"boss_relics":[{"not_picked":["Ectoplasm","Velvet Choker"],"picked":"Philosopher\u0027s Stone"}],"items_purged_floors":[14],"is_endless":false,"potions_floor_spawned":[3,5,12,20],"killed_by":"Cultist and Chosen","ascension_level":16}