{"gold_per_floor":[118,118,138,149,90,122,122,155,181,181,199,212,225,239,239,239],"floor_reached":16,"playtime":1354,"items_purged":[],"score":205,"play_id":"6fa498d3-f4e2-4ee9-bd25-033518a6150c","local_time":"20190513190340","is_ascension_mode":true,"campfire_choices":[{"floor":7,"key":"REST"},{"floor":10,"key":"REST"},{"floor":15,"key":"REST"}],"neow_cost":"NONE","seed_source_timestamp":2769466802451745,"circlet_count":0,"master_deck":["AscendersBane","Strike_R+1","Strike_R","Strike_R","Strike_R+1","Strike_R","Defend_R","Defend_R","Defend_R","Defend_R","Bash","Pommel Strike","Havoc","Infernal Blade","Warcry","Dual Wield","Shockwave","Seeing Red","Flame Barrier","Burning Pact","Cleave"],"relics":["Burning Blood","Bag of Preparation","Whetstone","Smiling Mask","Bag of Marbles"],"potions_floor_usage":[6,16],"damage_taken":[{"damage":1,"enemies":"Cultist","floor":1,"turns":3},{"damage":2,"enemies":"Jaw Worm","floor":3,"turns":3},{"damage":4,"enemies":"Small Slimes","floor":4,"turns":5},{"damage":65,"enemies":"3 Sentries","floor":6,"turns":11},{"damage":38,"enemies":"Gremlin Nob","floor":8,"turns":4},{"damage":9,"enemies":"Exordium Thugs","floor":11,"turns":4},{"damage":0,"enemies":"Large Slime","floor":12,"turns":3},{"damage":7,"enemies":"3 Louse","floor":13,"turns":4},{"damage":3,"enemies":"Looter","floor":14,"turns":4},{"damage":82,"enemies":"The Guardian","floor":16,"turns":11}],"seed_played":"5662092780590607751","potions_obtained":[{"floor":1,"key":"LiquidBronze"},{"floor":6,"key":"Fruit Juice"},{"floor":8,"key":"Strength Potion"},{"floor":14,"key":"Block Potion"}],"is_trial":false,"path_per_floor":["M","?","M","M","$","E","R","E","T","R","M","M","M","M","R","B"],"character_chosen":"IRONCLAD","items_purchased":["Warcry"],"campfire_rested":3,"item_purchase_floors":[5],"current_hp_per_floor":[73,73,75,75,75,21,45,13,13,37,34,40,39,42,66,0],"gold":239,"neow_bonus":"RANDOM_COMMON_RELIC","is_prod":false,"is_daily":false,"chose_seed":false,"campfire_upgraded":0,"win_rate":0,"timestamp":1557763420,"path_taken":["M","?","M","M","?","E","R","E","T","R","M","M","M","M","R","BOSS"],"build_version":"2019-01-23","purchased_purges":0,"victory":false,"max_hp_per_floor":[75,75,75,75,75,80,80,80,80,80,80,80,80,80,80,80],"card_choices":[{"not_picked":["Rupture","Body Slam"],"picked":"Pommel Strike","floor":1},{"not_picked":["Sword Boomerang","Anger"],"picked":"Havoc","floor":3},{"not_picked":["Cleave","Seeing Red"],"picked":"Infernal Blade","floor":4},{"not_picked":["Iron Wave","Reckless Charge"],"picked":"Dual Wield","floor":6},{"not_picked":["Dropkick","True Grit"],"picked":"Shockwave","floor":8},{"not_picked":["Body Slam","Combust"],"picked":"Seeing Red","floor":11},{"not_picked":["Anger","Sword Boomerang"],"picked":"Flame Barrier","floor":12},{"not_picked":["Ghostly Armor","Havoc"],"picked":"Burning Pact","floor":13},{"not_picked":["Anger","Barricade"],"picked":"Cleave","floor":14}],"player_experience":1354674,"relics_obtained":[{"floor":6,"key":"Whetstone"},{"floor":8,"key":"Smiling Mask"},{"floor":9,"key":"Bag of Marbles"}],"event_choices":[{"damage_healed":0,"gold_gain":0,"player_choice":"Ignored","damage_taken":0,"max_hp_gain":0,"max_hp_loss":0,"event_name":"Golden Wing","floor":2,"gold_loss":0}],"is_beta":false,"boss_relics":[],"items_purged_floors":[],"is_endless":false,"potions_floor_spawned":[1,6,8,14],"killed_by":"The Guardian","ascension_level":16}