{"gold_per_floor":[113,127,302,377,396,396,412,412,412,422,442,454,472,487,487,590,620,638,654,654,667,686,686,717,717,763,763,775,792,792,792,792,887,887,902,902,53,53,64,64,95,95],"floor_reached":42,"playtime":2172,"items_purged":[],"score":669,"play_id":"1a44883a-4173-4ca6-bc83-406be220c950","local_time":"20180703185402","daily_mods":["Heirloom","Shiny","Cursed Run","Binary"],"is_ascension_mode":false,"campfire_choices":[{"floor":6,"key":"REST"},{"floor":8,"key":"REST"},{"floor":15,"key":"REST"},{"floor":23,"key":"REST"},{"floor":25,"key":"REST"},{"data":"Echo Form","floor":27,"key":"SMITH"},{"floor":32,"key":"REST"},{"floor":40,"key":"DIG"}],"neow_cost":"","seed_source_timestamp":0,"circlet_count":0,"master_deck":["Multi-Cast","Hyperbeam","Biased Cognition","Machine Learning","Electrodynamics","Buffer","Rainbow","Seek","Meteor Strike","Echo Form+1","All For One","Reboot+1","Amplify","Creative AI","Fission","Core Surge","Doubt","Injury","Injury","Decay","Injury","Doubt","Normality","Apotheosis","Conserve Battery","Turbo","Rebound","Storm","Scrape"],"special_seed":0,"relics":["Cursed Key","Darkstone Periapt","Du-Vu Doll","Busted Crown","Gambling Chip","Dead Branch","Tiny House","Torii","Boot","Shovel","Lizard Tail","Oddly Smooth Stone","Matryoshka","Dream Catcher","Pen Nib","Ice Cream"],"potions_floor_usage":[16,16,19,21,24,33,33,33,41],"damage_taken":[{"damage":7.0,"enemies":"Small Slimes","floor":1.0,"turns":3.0},{"damage":16.0,"enemies":"Cultist","floor":2.0,"turns":5.0},{"damage":13,"enemies":"2 Louse","floor":5,"turns":2},{"damage":8,"enemies":"Exordium Wildlife","floor":7,"turns":3},{"damage":0,"enemies":"3 Louse","floor":10,"turns":1},{"damage":12,"enemies":"Blue Slaver","floor":11,"turns":2},{"damage":0,"enemies":"Lots of Slimes","floor":12,"turns":1},{"damage":15,"enemies":"Gremlin Gang","floor":13,"turns":3},{"damage":12,"enemies":"Blue Slaver","floor":14,"turns":2},{"damage":0,"enemies":"Slime Boss","floor":16,"turns":4},{"damage":0,"enemies":"Chosen","floor":18,"turns":3},{"damage":3,"enemies":"3 Byrds","floor":19,"turns":2},{"damage":0,"enemies":"Snecko","floor":21,"turns":4},{"damage":37,"enemies":"Snake Plant","floor":22,"turns":5},{"damage":0,"enemies":"Gremlin Leader","floor":24,"turns":5},{"damage":14,"enemies":"Centurion and Healer","floor":28,"turns":4},{"damage":27,"enemies":"Cultist and Chosen","floor":29,"turns":6},{"damage":33,"enemies":"Automaton","floor":33,"turns":6},{"damage":35,"enemies":"Orb Walker","floor":35,"turns":5},{"damage":25,"enemies":"3 Shapes","floor":39,"turns":4},{"damage":98,"enemies":"2 Orb Walkers","floor":41,"turns":4},{"damage":28,"floor":42,"turns":2}],"seed_played":"4673336341744903417","potions_obtained":[{"floor":1.0,"key":"Block Potion"},{"floor":12,"key":"Fire Potion"},{"floor":13,"key":"EssenceOfSteel"},{"floor":16,"key":"Block Potion"},{"floor":17,"key":"PowerPotion"},{"floor":21,"key":"Strength Potion"},{"floor":22,"key":"LiquidBronze"},{"floor":28,"key":"Energy Potion"},{"floor":33,"key":"SneckoOil"},{"floor":35,"key":"Swift Potion"},{"floor":39,"key":"LiquidBronze"}],"is_trial":true,"path_per_floor":["M","M","?","?","M","R","M","R","T","M","M","M","M","M","R","B",null,"M","M","?","M","M","R","E","R","T","R","M","M","?","?","R","B",null,"M","?","$","?","M","R","E"],"character_chosen":"DEFECT","items_purchased":["Matryoshka","Apotheosis","Conserve Battery","Turbo","Dream Catcher","Rebound","Storm","Scrape"],"campfire_rested":6,"item_purchase_floors":[37,37,37,37,37,37,37,37],"current_hp_per_floor":[68,52,58,47,34,58,50,74,80,80,68,68,53,41,67,73,98,98,95,101,101,64,95,95,104,110,110,96,69,69,69,102,75,116,81,87,87,87,62,62,27,0],"gold":95,"neow_bonus":"","is_prod":false,"is_daily":false,"chose_seed":false,"campfire_upgraded":1,"win_rate":0,"timestamp":1530662042,"path_taken":["M","M","?","?","M","R","M","R","T","M","?","M","M","M","R","BOSS","M","M","?","?","M","R","E","R","T","R","M","?","?","?","R","BOSS","M","?","$","?","M","R","E","?"],"build_version":"2018-06-28","purchased_purges":0,"victory":false,"max_hp_per_floor":[75,75,81,81,81,81,81,81,87,87,87,87,87,87,87,93,98,98,98,104,104,104,104,104,104,110,110,110,110,110,110,110,116,116,116,122,122,122,122,122,122,122],"card_choices":[],"player_experience":243395,"relics_obtained":[{"floor":9,"key":"Dead Branch"},{"floor":24,"key":"Torii"},{"floor":26,"key":"Boot"},{"floor":40,"key":"Pen Nib"},{"floor":41,"key":"Ice Cream"}],"event_choices":[{"event_name":"Liars Game","player_choice":"agreed","floor":3.0,"damage_taken":0.0},{"event_name":"World of Goop","player_choice":"Gather Gold","floor":4.0,"damage_taken":0.0},{"event_name":"Forgotten Altar","player_choice":"Smashed Altar","floor":20,"damage_taken":0},{"event_name":"The Mausoleum","player_choice":"Yes","floor":30,"damage_taken":0},{"event_name":"Beggar","player_choice":"Ignored","floor":31,"damage_taken":0},{"event_name":"Accursed Blacksmith","player_choice":"Rummage","floor":36,"damage_taken":0},{"event_name":"Falling","player_choice":"Removed Attack","floor":38,"damage_taken":0},{"event_name":"Mysterious Sphere","player_choice":"Fight","floor":42,"damage_taken":0}],"boss_relics":[{"not_picked":["Runic Dome","Velvet Choker"],"picked":"Tiny House"},{"not_picked":["Coffee Dripper","Runic Pyramid"],"picked":"Lizard Tail"}],"items_purged_floors":[],"is_endless":false,"potions_floor_spawned":[1,12,13,14,16,21,22,28,33,35,39],"ascension_level":0}