{"gold_per_floor":[118,118,137,62,81,110,123,123,149,183,195,238,250,280,292,382,394,422,450,442,201,52,52,52,52,123,123],"floor_reached":27,"playtime":885,"items_purged":["Pain","Strike_B","Strike_B"],"score":458,"play_id":"0ba8e69d-ad1d-49dd-b4ef-a174870a5986","local_time":"20190320221621","is_ascension_mode":true,"campfire_choices":[{"floor":8,"key":"REST"},{"floor":15,"key":"REST"},{"floor":23,"key":"REST"}],"neow_cost":"NONE","seed_source_timestamp":527327378653355,"circlet_count":0,"master_deck":["AscendersBane","Strike_B+1","Defend_B+1","Defend_B+1","Defend_B+1","Defend_B+1","Zap","Dualcast","Gash","Barrage","Turbo","Conserve Battery","Auto Shields","Chill","Gash","White Noise","Ball Lightning","Creative AI","Coolheaded","Meteor Strike","Coolheaded"],"relics":["Cracked Core","NeowsBlessing","WarpedTongs","Strawberry","PreservedInsect","MawBank","Peace Pipe","Busted Crown","Sundial"],"potions_floor_usage":[6,10,12,18,27],"damage_taken":[{"damage":0,"enemies":"Small Slimes","floor":1,"turns":1},{"damage":0,"enemies":"Cultist","floor":3,"turns":1},{"damage":0,"enemies":"Jaw Worm","floor":5,"turns":1},{"damage":21,"enemies":"3 Sentries","floor":6,"turns":7},{"damage":15,"enemies":"Exordium Thugs","floor":7,"turns":6},{"damage":23,"enemies":"Lagavulin","floor":10,"turns":7},{"damage":18,"enemies":"Gremlin Nob","floor":12,"turns":4},{"damage":4,"enemies":"Looter","floor":14,"turns":4},{"damage":26,"enemies":"Hexaghost","floor":16,"turns":11},{"damage":26,"enemies":"3 Byrds","floor":18,"turns":6},{"damage":11,"enemies":"Spheric Guardian","floor":19,"turns":4},{"damage":47,"enemies":"Book of Stabbing","floor":27,"turns":7}],"seed_played":"-3661997728746943085","potions_obtained":[{"floor":5,"key":"Strength Potion"},{"floor":7,"key":"Block Potion"},{"floor":10,"key":"Weak Potion"},{"floor":14,"key":"Ancient Potion"},{"floor":16,"key":"Swift Potion"},{"floor":18,"key":"Dexterity Potion"},{"floor":20,"key":"Energy Potion"}],"is_trial":false,"path_per_floor":["M","?","M","$","M","E","M","R","T","E","?","E","?","M","R","B",null,"M","M","?","$","$","R","?","?","T","E"],"character_chosen":"DEFECT","items_purchased":["Meteor Strike","Coolheaded"],"campfire_rested":3,"item_purchase_floors":[21,22],"current_hp_per_floor":[64,64,64,64,64,50,35,58,58,35,35,17,17,13,36,10,61,35,24,24,24,24,47,47,47,47,0],"gold":123,"neow_bonus":"THREE_ENEMY_KILL","is_prod":false,"is_daily":false,"chose_seed":false,"campfire_upgraded":0,"win_rate":0,"timestamp":1553087781,"path_taken":["M","?","M","$","?","E","M","R","T","E","?","E","?","M","R","BOSS","M","M","?","?","$","R","?","?","T","E"],"build_version":"2019-01-23","purchased_purges":3,"victory":false,"max_hp_per_floor":[71,71,71,71,71,78,78,78,78,78,78,78,78,78,78,78,78,78,78,78,78,78,78,78,78,78,78],"card_choices":[{"not_picked":["Conserve Battery","Hologram"],"picked":"Gash","floor":1},{"not_picked":["Aggregate","Tempest"],"picked":"Barrage","floor":3},{"not_picked":["Stack","Chaos"],"picked":"Turbo","floor":5},{"not_picked":["Hologram","Reinforced Body"],"picked":"Conserve Battery","floor":6},{"not_picked":["Stack","Reprogram"],"picked":"Auto Shields","floor":7},{"not_picked":["Rebound","Go for the Eyes"],"picked":"Chill","floor":10},{"not_picked":["Go for the Eyes","Hologram"],"picked":"Gash","floor":12},{"not_picked":["White Noise","Reinforced Body"],"picked":"Ball Lightning","floor":14},{"not_picked":["Multi-Cast","Hyperbeam"],"picked":"Creative AI","floor":16},{"not_picked":[],"picked":"Coolheaded","floor":18},{"not_picked":["Cold Snap"],"picked":"SKIP","floor":19}],"player_experience":755660,"relics_obtained":[{"floor":6,"key":"Strawberry"},{"floor":9,"key":"PreservedInsect"},{"floor":10,"key":"MawBank"},{"floor":12,"key":"Peace Pipe"},{"floor":26,"key":"Sundial"}],"event_choices":[{"damage_healed":0,"gold_gain":0,"player_choice":"Rummage","damage_taken":0,"relics_obtained":["WarpedTongs"],"max_hp_gain":0,"max_hp_loss":0,"event_name":"Accursed Blacksmith","floor":2,"gold_loss":0,"cards_obtained":["Pain"]},{"damage_healed":0,"gold_gain":0,"player_choice":"Ignored","damage_taken":0,"max_hp_gain":0,"max_hp_loss":0,"event_name":"Golden Idol","floor":11,"gold_loss":0},{"damage_healed":0,"gold_gain":0,"cards_transformed":["Strike_B"],"player_choice":"Change","damage_taken":0,"max_hp_gain":0,"max_hp_loss":0,"event_name":"Living Wall","floor":13,"gold_loss":0,"cards_obtained":["White Noise"]},{"damage_healed":0,"gold_gain":0,"player_choice":"Bought 1 Potion","damage_taken":0,"max_hp_gain":0,"max_hp_loss":0,"event_name":"The Woman in Blue","floor":20,"gold_loss":0},{"damage_healed":0,"gold_gain":0,"player_choice":"Simplicity","damage_taken":0,"max_hp_gain":0,"max_hp_loss":0,"event_name":"Back to Basics","floor":24,"gold_loss":0,"cards_upgraded":["Strike_B","Defend_B","Defend_B","Defend_B","Defend_B"]},{"damage_healed":0,"gold_gain":0,"player_choice":"Ignored","damage_taken":0,"max_hp_gain":0,"max_hp_loss":0,"event_name":"Ghosts","floor":25,"gold_loss":0}],"is_beta":false,"boss_relics":[{"not_picked":["Black Star","Empty Cage"],"picked":"Busted Crown"}],"items_purged_floors":[4,21,22],"is_endless":false,"potions_floor_spawned":[5,7,10,14,16,18,19],"killed_by":"Book of Stabbing","ascension_level":20}