{"gold_per_floor":[118,68,86,86,102,102,102,132,157,56,85,85,85,105,105,105],"floor_reached":16,"playtime":2004,"items_purged":["Defend_R"],"score":108,"play_id":"e8d6b8d8-fa48-4e8d-b1a5-56d7b25a3362","local_time":"20181212150632","is_ascension_mode":false,"campfire_choices":[{"data":"Corruption","floor":6,"key":"SMITH"},{"data":"Reaper","floor":12,"key":"SMITH"},{"data":"Bash","floor":15,"key":"SMITH"}],"neow_cost":"NONE","seed_source_timestamp":168634814301938,"circlet_count":0,"master_deck":["Strike_R","Strike_R","Strike_R","Strike_R","Defend_R","Defend_R","Defend_R","Bash+1","Dark Embrace+1","Corruption+1","Shockwave","Shrug It Off","Warcry","Reaper+1","Metallicize"],"relics":["Burning Blood","Art of War","Orichalcum","Dream Catcher","StoneCalendar"],"potions_floor_usage":[8,8,16,16],"damage_taken":[{"damage":8,"enemies":"Small Slimes","floor":1,"turns":3},{"damage":5,"enemies":"2 Louse","floor":3,"turns":4},{"damage":11,"enemies":"Jaw Worm","floor":5,"turns":2},{"damage":16,"enemies":"Gremlin Nob","floor":8,"turns":4},{"damage":16,"enemies":"3 Sentries","floor":11,"turns":8},{"damage":9,"enemies":"Looter","floor":14,"turns":4},{"damage":52,"enemies":"Hexaghost","floor":16,"turns":14}],"seed_played":"8034119686799533420","potions_obtained":[{"floor":1,"key":"Explosive Potion"},{"floor":3,"key":"Poison Potion"},{"floor":5,"key":"SneckoOil"},{"floor":14,"key":"PowerPotion"}],"is_trial":false,"path_per_floor":["M","?","M","?","M","R","?","E","T","$","E","R","$","M","R","B"],"character_chosen":"IRONCLAD","items_purchased":["Warcry"],"campfire_rested":0,"item_purchase_floors":[10],"current_hp_per_floor":[78,78,79,79,74,74,62,52,52,52,42,42,42,44,44,0],"gold":105,"neow_bonus":"ONE_RANDOM_RARE_CARD","is_prod":false,"is_daily":false,"chose_seed":false,"campfire_upgraded":3,"win_rate":0,"timestamp":1544594792,"path_taken":["M","?","M","?","M","R","?","E","T","?","E","R","?","?","R","BOSS"],"build_version":"2018-12-06","purchased_purges":1,"victory":false,"max_hp_per_floor":[80,80,80,80,80,80,80,80,80,80,80,80,80,80,80,80],"card_choices":[{"not_picked":["Sentinel","Blood for Blood"],"picked":"Corruption","floor":1},{"not_picked":["Thunderclap","Second Wind"],"picked":"Shockwave","floor":3},{"not_picked":["Bloodletting","Perfected Strike"],"picked":"Shrug It Off","floor":5},{"not_picked":["Shockwave","Headbutt","Searing Blow"],"picked":"SKIP","floor":8},{"not_picked":["Iron Wave","Flex"],"picked":"Reaper","floor":11},{"not_picked":["Sentinel","Evolve"],"picked":"Metallicize","floor":14}],"player_experience":160484,"relics_obtained":[{"floor":8,"key":"Orichalcum"},{"floor":9,"key":"Dream Catcher"},{"floor":11,"key":"StoneCalendar"}],"event_choices":[{"cards_removed":["Strike_R"],"damage_healed":0,"gold_gain":0,"player_choice":"Card Removal","damage_taken":0,"max_hp_gain":0,"max_hp_loss":0,"event_name":"The Cleric","floor":2,"gold_loss":50},{"damage_healed":0,"gold_gain":0,"player_choice":"Grow","damage_taken":0,"max_hp_gain":0,"max_hp_loss":0,"event_name":"Living Wall","floor":4,"gold_loss":0,"cards_upgraded":["Dark Embrace"]},{"damage_healed":0,"gold_gain":0,"player_choice":"Success","damage_taken":12,"relics_obtained":["Art of War"],"max_hp_gain":0,"max_hp_loss":0,"event_name":"Scrap Ooze","floor":7,"gold_loss":0}],"is_beta":false,"boss_relics":[],"items_purged_floors":[10],"is_endless":false,"potions_floor_spawned":[1,3,5,14],"killed_by":"Hexaghost","ascension_level":0}