{"gold_per_floor":[118,118,118,193,10,44,57,22,71,91,101,119,138,156,156,229,229,248,54,71,71,21,21,38,65,92,92,92,104,104,18,18,92,92,111,43,43,43,56,56,0,0,25,25,40,140,169,179,179,179],"floor_reached":51,"playtime":2548,"items_purged":["Strike_G","Strike_G","Defend_G"],"score":1265,"play_id":"c1080b43-a857-402a-bf23-80a56889dba1","local_time":"20190209010542","is_ascension_mode":true,"campfire_choices":[{"data":"Cloak And Dagger","floor":15.0,"key":"SMITH"},{"data":"Blade Dance","floor":23.0,"key":"SMITH"},{"floor":32.0,"key":"REST"},{"data":"Burst","floor":40.0,"key":"SMITH"},{"data":"Secret Technique","floor":44.0,"key":"SMITH"},{"floor":49,"key":"REST"}],"neow_cost":"NONE","seed_source_timestamp":2540664423986032,"circlet_count":0,"master_deck":["AscendersBane","Defend_G+1","Defend_G+1","Defend_G","Defend_G","Survivor","Neutralize","Deadly Poison","Unload","Quick Slash","Malaise","Cloak And Dagger+1","Well Laid Plans","Dash","Poisoned Stab","Cloak And Dagger+1","Blade Dance+1","Bane","Adrenaline","Blade Dance","Crippling Poison","Burst+1","Blur","Adrenaline","PiercingWail","Secret Technique+1","Noxious Fumes","Prepared","After Image","Escape Plan"],"special_seed":0,"relics":["Ring of the Snake","NeowsBlessing","Oddly Smooth Stone","Shuriken","Smiling Mask","Vajra","Nloth\u0027s Gift","Regal Pillow","Juzu Bracelet","Strawberry","Question Card","Sozu","Red Mask","Blood Vial","Torii","Tingsha"],"potions_floor_usage":[47],"damage_taken":[{"damage":0.0,"enemies":"2 Louse","floor":1.0,"turns":1.0},{"damage":0.0,"enemies":"Gremlin Nob","floor":6.0,"turns":1.0},{"damage":0.0,"enemies":"Small Slimes","floor":7.0,"turns":1.0},{"damage":0.0,"enemies":"Jaw Worm","floor":10.0,"turns":4.0},{"damage":3.0,"enemies":"Red Slaver","floor":11.0,"turns":4.0},{"damage":4.0,"enemies":"Blue Slaver","floor":12.0,"turns":4.0},{"damage":3.0,"enemies":"Exordium Thugs","floor":13.0,"turns":5.0},{"damage":0.0,"enemies":"Large Slime","floor":14.0,"turns":5.0},{"damage":0.0,"enemies":"Hexaghost","floor":16.0,"turns":9.0},{"damage":7.0,"enemies":"Spheric Guardian","floor":18.0,"turns":5.0},{"damage":2.0,"enemies":"Shell Parasite","floor":20.0,"turns":6.0},{"damage":7.0,"enemies":"Snecko","floor":24.0,"turns":5.0},{"damage":7.0,"enemies":"Sentry and Sphere","floor":29.0,"turns":5.0},{"damage":70.0,"enemies":"Champ","floor":33.0,"turns":13.0},{"damage":13.0,"enemies":"3 Darklings","floor":35.0,"turns":4.0},{"damage":0.0,"enemies":"3 Shapes","floor":39.0,"turns":4.0},{"damage":20,"enemies":"Writhing Mass","floor":45,"turns":9},{"damage":5,"enemies":"Mind Bloom Boss Battle","floor":46,"turns":5},{"damage":1,"enemies":"Reptomancer","floor":47,"turns":8},{"damage":12,"enemies":"Jaw Worm Horde","floor":48,"turns":4},{"damage":52,"enemies":"Donu and Deca","floor":50,"turns":13}],"seed_played":"-4466033115841954048","potions_obtained":[{"floor":7.0,"key":"Strength Potion"},{"floor":10.0,"key":"SpeedPotion"},{"floor":18.0,"key":"Weak Potion"},{"floor":24.0,"key":"Regen Potion"}],"is_trial":false,"path_per_floor":["M","?","?","?","$","E","M","$","T","M","M","M","M","M","R","B",null,"M","$","M","?","$","R","M","T","T","?","?","M","T","$","R","B",null,"M","$","?","$","M","R","?","?","T","R","M","?","E","M","R","B",null],"character_chosen":"THE_SILENT","items_purchased":["Oddly Smooth Stone","Quick Slash","Well Laid Plans","Vajra","Crippling Poison","Adrenaline"],"campfire_rested":2,"item_purchase_floors":[5,5,8,19,31,36],"current_hp_per_floor":[59,46,46,35,35,35,35,35,35,35,32,28,25,25,25,25,56,49,49,47,47,47,47,40,40,40,40,47,40,40,40,73,13,58,45,45,45,45,45,45,45,45,45,45,27,24,25,15,51,1],"gold":179,"neow_bonus":"THREE_ENEMY_KILL","is_prod":false,"is_daily":false,"chose_seed":false,"campfire_upgraded":4,"win_rate":0,"timestamp":1549641942,"path_taken":["M","?","?","?","$","E","M","?","T","?","M","M","M","M","R","BOSS","M","$","M","?","$","R","?","?","T","?","?","M","?","$","R","BOSS","M","$","?","$","M","R","?","?","T","R","M","?","E","M","R","BOSS"],"build_version":"2019-01-23","purchased_purges":3,"victory":true,"max_hp_per_floor":[66,66,66,66,66,66,66,66,66,66,66,66,66,66,66,66,66,66,66,66,66,66,66,66,66,66,66,73,73,73,73,73,73,73,73,73,73,73,73,73,73,73,73,73,73,73,73,73,73,73],"card_choices":[{"not_picked":["Bane","Choke"],"picked":"Deadly Poison","floor":1.0},{"not_picked":["Finisher","Calculated Gamble"],"picked":"Malaise","floor":6.0},{"not_picked":["Poisoned Stab","Deflect"],"picked":"Cloak And Dagger","floor":7.0},{"not_picked":["Backflip","Distraction"],"picked":"Dash","floor":10.0},{"not_picked":["Acrobatics","PiercingWail"],"picked":"Poisoned Stab","floor":11.0},{"not_picked":["Sucker Punch","Acrobatics"],"picked":"Cloak And Dagger","floor":12.0},{"not_picked":["Infinite Blades","Outmaneuver"],"picked":"Blade Dance","floor":13.0},{"not_picked":["Poisoned Stab","Outmaneuver"],"picked":"Bane","floor":14.0},{"not_picked":["Malaise","Doppelganger"],"picked":"Adrenaline","floor":16.0},{"not_picked":["Poisoned Stab","Terror"],"picked":"Blade Dance","floor":18.0},{"not_picked":["Caltrops","Quick Slash","Deadly Poison"],"picked":"SKIP","floor":20.0},{"not_picked":["Dagger Throw","Dash","Finisher"],"picked":"SKIP","floor":24.0},{"not_picked":["Deadly Poison","Bane"],"picked":"Slice","floor":29.0},{"not_picked":["Unload","Corpse Explosion","Glass Knife"],"picked":"Burst","floor":33.0},{"not_picked":["Underhanded Strike","Distraction+1","Deflect"],"picked":"Blur","floor":35.0},{"not_picked":["Eviscerate+1","Backstab","Quick Slash"],"picked":"PiercingWail","floor":39.0},{"not_picked":["Violence","Enlightenment","Bandage Up"],"picked":"Secret Technique","floor":42.0},{"not_picked":["Calculated Gamble","Caltrops+1","Poisoned Stab"],"picked":"Noxious Fumes","floor":45},{"not_picked":["Dodge and Roll","Dash","Quick Slash+1"],"picked":"Prepared","floor":46},{"not_picked":["Prepared","Outmaneuver","Storm of Steel"],"picked":"After Image","floor":47},{"not_picked":["All Out Attack","Flying Knee","Skewer+1"],"picked":"Escape Plan","floor":48}],"player_experience":579619,"relics_obtained":[{"floor":6.0,"key":"Shuriken"},{"floor":9.0,"key":"Smiling Mask"},{"floor":25.0,"key":"Regal Pillow"},{"floor":26.0,"key":"Juzu Bracelet"},{"floor":30.0,"key":"Question Card"},{"floor":43.0,"key":"Blood Vial"},{"floor":46,"key":"Torii"},{"floor":47,"key":"Tingsha"}],"event_choices":[{"damage_healed":0.0,"max_hp_gain":0.0,"max_hp_loss":0.0,"gold_gain":0.0,"event_name":"Shining Light","player_choice":"Entered Light","floor":2.0,"gold_loss":0.0,"damage_taken":13.0,"cards_upgraded":["Defend_G","Defend_G"]},{"damage_healed":0.0,"max_hp_gain":0.0,"max_hp_loss":0.0,"gold_gain":0.0,"cards_transformed":["Strike_G"],"event_name":"Living Wall","player_choice":"Change","floor":3.0,"gold_loss":0.0,"damage_taken":0.0,"cards_obtained":["Unload"]},{"damage_healed":0.0,"max_hp_gain":0.0,"max_hp_loss":0.0,"gold_gain":75.0,"event_name":"World of Goop","player_choice":"Gather Gold","floor":4.0,"gold_loss":0.0,"damage_taken":11.0},{"damage_healed":0.0,"max_hp_gain":0.0,"max_hp_loss":0.0,"gold_gain":0.0,"event_name":"N\u0027loth","player_choice":"Traded Relic","floor":21.0,"relics_lost":["Empty Cage"],"gold_loss":0.0,"damage_taken":0.0,"relics_obtained":["Nloth\u0027s Gift"]},{"damage_healed":0.0,"max_hp_gain":0.0,"max_hp_loss":0.0,"gold_gain":0.0,"event_name":"Upgrade Shrine","player_choice":"Upgraded","floor":27.0,"gold_loss":0.0,"damage_taken":0.0,"cards_upgraded":["Cloak And Dagger"]},{"damage_healed":0.0,"max_hp_gain":0.0,"max_hp_loss":0.0,"gold_gain":0.0,"event_name":"The Mausoleum","player_choice":"Opened","floor":28.0,"gold_loss":0.0,"damage_taken":0.0,"relics_obtained":["Strawberry"]},{"cards_removed":["Slice"],"damage_healed":0.0,"max_hp_gain":0.0,"max_hp_loss":0.0,"gold_gain":0.0,"event_name":"Falling","player_choice":"Removed Attack","floor":37.0,"gold_loss":0.0,"damage_taken":0.0},{"damage_healed":0.0,"max_hp_gain":0.0,"max_hp_loss":0.0,"gold_gain":0.0,"event_name":"Tomb of Lord Red Mask","player_choice":"Paid","floor":41.0,"gold_loss":56.0,"damage_taken":0.0,"relics_obtained":["Red Mask"]},{"damage_healed":0.0,"max_hp_gain":0.0,"max_hp_loss":0.0,"gold_gain":0.0,"event_name":"SensoryStone","player_choice":"Memory 1","floor":42.0,"gold_loss":0.0,"damage_taken":0.0},{"damage_healed":0,"gold_gain":0,"player_choice":"Fight","damage_taken":0,"max_hp_gain":0,"max_hp_loss":0,"event_name":"MindBloom","floor":46,"gold_loss":0}],"is_beta":false,"boss_relics":[{"not_picked":["Runic Pyramid","Lizard Tail"],"picked":"Empty Cage"},{"not_picked":["Orrery","Black Star"],"picked":"Sozu"}],"items_purged_floors":[19,22,31],"is_endless":false,"potions_floor_spawned":[7,10,11,12,18,24,46,47,48],"ascension_level":14}