{"gold_per_floor":[214,231,250,261,336,336,367,367,367,15,290,321,336,352,352,427,427,442,31,41,58,8,8,40,40,40,40,54,87,103,103,103,178,178,191,191,237,637,141,171,171,203,203,203,234,234,45,56,56,56,56,56,11,36,36],"floor_reached":55,"playtime":3451,"items_purged":["Regret","Strike_R","Defend_R"],"score":1532,"play_id":"14a10c06-7eb5-45cf-810a-b87668ba7193","local_time":"20190512215827","is_ascension_mode":true,"campfire_choices":[{"data":"Bash","floor":6.0,"key":"SMITH"},{"data":"Shrug It Off","floor":8.0,"key":"SMITH"},{"data":"Inflame","floor":15.0,"key":"SMITH"},{"floor":23.0,"key":"REST"},{"data":"Apotheosis","floor":25.0,"key":"SMITH"},{"data":"Intimidate","floor":27.0,"key":"SMITH"},{"data":"Limit Break","floor":32.0,"key":"SMITH"},{"data":"Limit Break","floor":41.0,"key":"SMITH"},{"data":"Brutality","floor":46.0,"key":"SMITH"},{"floor":49.0,"key":"RECALL"},{"data":"Enlightenment","floor":52.0,"key":"SMITH"}],"neow_cost":"NONE","seed_source_timestamp":1397376881420151,"circlet_count":0,"master_deck":["AscendersBane","Strike_R","Strike_R","Strike_R","Strike_R","Defend_R","Defend_R","Defend_R+1","Bash+1","Sword Boomerang","Shrug It Off+1","Fiend Fire","Sword Boomerang","Inflame+1","Intimidate+1","Flame Barrier","Sword Boomerang","Reaper","Whirlwind","Apotheosis+1","Enlightenment+1","Evolve+1","Pommel Strike","Pummel+1","Heavy Blade","Limit Break+1","Limit Break+1","Headbutt+1","Reaper","Battle Trance+1","Brutality+1","Demon Form","Reaper","Rupture+1","Deep Breath","Battle Trance"],"special_seed":0,"relics":["Burning Blood","Red Skull","Dream Catcher","Membership Card","Vajra","Ornamental Fan","Runic Cube","Bronze Scales","Mercury Hourglass","Orichalcum","Meat on the Bone","Omamori","Pen Nib","Coffee Dripper","Bird Faced Urn","Old Coin","Lantern","Bag of Marbles","Chemical X","PreservedInsect","War Paint","Boot","Happy Flower","DollysMirror"],"potions_floor_usage":[55],"damage_taken":[{"damage":2.0,"enemies":"2 Louse","floor":1.0,"turns":4.0},{"damage":20.0,"enemies":"Small Slimes","floor":2.0,"turns":4.0},{"damage":6.0,"enemies":"Cultist","floor":3.0,"turns":3.0},{"damage":1.0,"enemies":"2 Fungi Beasts","floor":4.0,"turns":4.0},{"damage":19.0,"enemies":"3 Sentries","floor":7.0,"turns":13.0},{"damage":4.0,"enemies":"Lagavulin","floor":12.0,"turns":4.0},{"damage":3.0,"enemies":"Looter","floor":13.0,"turns":4.0},{"damage":5.0,"enemies":"Blue Slaver","floor":14.0,"turns":3.0},{"damage":21.0,"enemies":"Hexaghost","floor":16.0,"turns":5.0},{"damage":34.0,"enemies":"Spheric Guardian","floor":18.0,"turns":6.0},{"damage":1.0,"enemies":"Chosen","floor":20.0,"turns":4.0},{"damage":9.0,"enemies":"Sentry and Sphere","floor":21.0,"turns":5.0},{"damage":21.0,"enemies":"Gremlin Leader","floor":24.0,"turns":7.0},{"damage":31.0,"enemies":"Snake Plant","floor":28.0,"turns":3.0},{"damage":40.0,"enemies":"Book of Stabbing","floor":29.0,"turns":5.0},{"damage":2.0,"enemies":"Snecko","floor":30.0,"turns":3.0},{"damage":52.0,"enemies":"Collector","floor":33.0,"turns":8.0},{"damage":38.0,"enemies":"3 Darklings","floor":35.0,"turns":3.0},{"damage":2.0,"enemies":"2 Orb Walkers","floor":37.0,"turns":3.0},{"damage":0.0,"enemies":"Mind Bloom Boss Battle","floor":38.0,"turns":3.0},{"damage":35.0,"enemies":"Giant Head","floor":40.0,"turns":6.0},{"damage":40.0,"enemies":"Reptomancer","floor":42.0,"turns":6.0},{"damage":4.0,"enemies":"Giant Head","floor":45.0,"turns":5.0},{"damage":7.0,"enemies":"3 Shapes","floor":48.0,"turns":5.0},{"damage":34.0,"enemies":"Time Eater","floor":50.0,"turns":4.0},{"damage":50.0,"enemies":"Shield and Spear","floor":54.0,"turns":5.0},{"damage":86,"enemies":"The Heart","floor":55,"turns":3}],"seed_played":"7622365974901194987","potions_obtained":[{"floor":3.0,"key":"SkillPotion"},{"floor":4.0,"key":"Swift Potion"},{"floor":13.0,"key":"SpeedPotion"},{"floor":14.0,"key":"Ancient Potion"},{"floor":29.0,"key":"FearPotion"},{"floor":30.0,"key":"PowerPotion"},{"floor":33.0,"key":"SteroidPotion"},{"floor":38.0,"key":"Energy Potion"},{"floor":42.0,"key":"SmokeBomb"}],"is_trial":false,"path_per_floor":["M","M","M","M","?","R","E","R","T","$","?","E","M","M","R","B",null,"M","$","M","M","$","R","E","R","T","R","M","E","M","?","R","B",null,"M","?","?","?","$","E","R","E","T","?","E","R","$","M","R","B",null,"R","$","E","B"],"character_chosen":"IRONCLAD","items_purchased":["Membership Card","Vajra","Inflame","Intimidate","Apotheosis","Bronze Scales","Enlightenment","Mercury Hourglass","Lantern","Bag of Marbles","Chemical X","Reaper","Battle Trance","Brutality","Happy Flower","DollysMirror","Deep Breath"],"campfire_rested":1,"item_purchase_floors":[10,10,10,10,19,19,19,19,39,39,39,39,39,39,47,47,53],"current_hp_per_floor":[72,58,58,63,52,52,39,39,39,39,39,41,44,45,45,30,64,36,36,41,40,40,62,60,60,60,60,47,37,53,53,53,31,64,44,59,75,75,75,75,75,75,75,75,75,75,75,75,75,49,69,69,69,74,0],"gold":36,"neow_bonus":"HUNDRED_GOLD","is_prod":false,"is_daily":false,"chose_seed":false,"campfire_upgraded":9,"win_rate":0,"timestamp":1557665907,"path_taken":["M","M","M","M","?","R","E","R","T","$","?","E","M","?","R","BOSS","M","$","M","M","$","R","E","R","T","R","M","E","M","?","R","BOSS","M","?","?","?","$","E","R","E","T","?","E","R","$","?","R","BOSS","R","$","E","BOSS"],"build_version":"2019-05-07","purchased_purges":3,"victory":false,"max_hp_per_floor":[75,75,75,75,75,75,75,75,75,75,75,75,75,75,75,75,75,75,75,75,75,75,75,75,75,75,75,75,75,75,75,75,75,75,75,75,75,75,75,75,75,75,75,75,75,75,75,75,75,75,75,75,75,75,75],"card_choices":[{"not_picked":["Havoc","Fire Breathing"],"picked":"Sword Boomerang","floor":1.0},{"not_picked":["Fire Breathing","Hemokinesis","Entrench"],"picked":"SKIP","floor":2.0},{"not_picked":["Flex","Heavy Blade"],"picked":"Shrug It Off","floor":3.0},{"not_picked":["Anger","Pommel Strike"],"picked":"Fiend Fire","floor":4.0},{"not_picked":["Corruption","Body Slam"],"picked":"Sword Boomerang","floor":7.0},{"not_picked":["Immolate","Entrench"],"picked":"Flame Barrier","floor":12.0},{"not_picked":["Perfected Strike","Fire Breathing","Warcry"],"picked":"SKIP","floor":13.0},{"not_picked":["Armaments","Iron Wave"],"picked":"Sword Boomerang","floor":14.0},{"not_picked":["Juggernaut","Bludgeon"],"picked":"Reaper","floor":16.0},{"not_picked":["Clash+1","Armaments"],"picked":"Whirlwind","floor":18.0},{"not_picked":["Flex","Entrench"],"picked":"Evolve+1","floor":20.0},{"not_picked":["Rupture","Sword Boomerang+1"],"picked":"Pommel Strike","floor":21.0},{"not_picked":["Havoc","Intimidate"],"picked":"Pummel+1","floor":23.0},{"not_picked":["Rampage","Whirlwind","Entrench"],"picked":"SKIP","floor":24.0},{"not_picked":["Havoc","Cleave"],"picked":"Heavy Blade","floor":28.0},{"not_picked":["Infernal Blade","Rupture"],"picked":"Limit Break","floor":29.0},{"not_picked":["Wild Strike","Warcry","Thunderclap"],"picked":"SKIP","floor":30.0},{"not_picked":["Berserk","Impervious"],"picked":"Limit Break","floor":33.0},{"not_picked":["Flex","Warcry","Havoc"],"picked":"SKIP","floor":35.0},{"not_picked":["Blood for Blood","Twin Strike"],"picked":"Headbutt+1","floor":37.0},{"not_picked":["Clothesline+1","Immolate","Perfected Strike+1"],"picked":"SKIP","floor":40.0},{"not_picked":["Cleave","Intimidate"],"picked":"Demon Form","floor":42.0},{"not_picked":["Sever Soul+1","Shrug It Off","Carnage"],"picked":"SKIP","floor":45.0},{"not_picked":["Shockwave","Whirlwind"],"picked":"Rupture+1","floor":48.0},{"not_picked":["Corruption","Flame Barrier+1"],"picked":"Battle Trance","floor":54.0}],"player_experience":3206119,"relics_obtained":[{"floor":7.0,"key":"Red Skull"},{"floor":9.0,"key":"Dream Catcher"},{"floor":12.0,"key":"Ornamental Fan"},{"floor":24.0,"key":"Orichalcum"},{"floor":26.0,"key":"Meat on the Bone"},{"floor":29.0,"key":"Omamori"},{"floor":37.0,"key":"Bird Faced Urn"},{"floor":38.0,"key":"Old Coin"},{"floor":40.0,"key":"PreservedInsect"},{"floor":42.0,"key":"War Paint"},{"floor":45.0,"key":"Boot"}],"event_choices":[{"damage_healed":0.0,"max_hp_gain":0.0,"max_hp_loss":0.0,"gold_gain":75.0,"event_name":"World of Goop","player_choice":"Gather Gold","floor":5.0,"gold_loss":0.0,"damage_taken":11.0},{"damage_healed":0.0,"max_hp_gain":0.0,"max_hp_loss":0.0,"gold_gain":275.0,"event_name":"Golden Shrine","player_choice":"Desecrate","floor":11.0,"gold_loss":0.0,"damage_taken":0.0,"cards_obtained":["Regret"]},{"damage_healed":0.0,"max_hp_gain":0.0,"max_hp_loss":0.0,"gold_gain":0.0,"event_name":"The Mausoleum","player_choice":"Opened","floor":31.0,"gold_loss":0.0,"damage_taken":0.0,"relics_obtained":["Pen Nib"],"cards_obtained":["Writhe"]},{"damage_healed":15.0,"max_hp_gain":0.0,"max_hp_loss":0.0,"gold_gain":0.0,"event_name":"Winding Halls","player_choice":"Writhe","floor":36.0,"gold_loss":0.0,"damage_taken":0.0,"cards_obtained":["Writhe"]},{"damage_healed":0.0,"max_hp_gain":0.0,"max_hp_loss":0.0,"gold_gain":0.0,"event_name":"Mysterious Sphere","player_choice":"Fight","floor":37.0,"gold_loss":0.0,"damage_taken":0.0},{"damage_healed":0.0,"max_hp_gain":0.0,"max_hp_loss":0.0,"gold_gain":0.0,"event_name":"MindBloom","player_choice":"Fight","floor":38.0,"gold_loss":0.0,"damage_taken":0.0},{"damage_healed":0.0,"max_hp_gain":0.0,"max_hp_loss":0.0,"gold_gain":0.0,"event_name":"Tomb of Lord Red Mask","player_choice":"Ignored","floor":44.0,"gold_loss":0.0,"damage_taken":0.0}],"is_beta":true,"boss_relics":[{"not_picked":["Black Blood","Runic Dome"],"picked":"Runic Cube"},{"not_picked":["Busted Crown","Orrery"],"picked":"Coffee Dripper"}],"items_purged_floors":[19,22,39],"is_endless":false,"potions_floor_spawned":[3,4,13,14,29,30,33,38,42,45],"killed_by":"The Heart","ascension_level":17}