{"gold_per_floor":[116,191,67,17,29,29,29,63,63,80,94,94,94,111,111,215,215,232,232,90,104,116,150,162,162,162,40,57,57,82,82,82,186,186,205,218,118,218,218,218,232,243,243,0,12,12,12,24,24,24],"floor_reached":51,"playtime":3892,"items_purged":["Strike_G","Strike_G+1","Strike_G+1"],"score":662,"play_id":"a8e9c0be-ef0a-4197-a3f0-2f56bb7d5613","local_time":"20181212224205","is_ascension_mode":false,"campfire_choices":[{"data":"Neutralize","floor":6,"key":"SMITH"},{"data":"Finisher","floor":12,"key":"SMITH"},{"floor":15,"key":"REST"},{"floor":25,"key":"REST"},{"data":"Accuracy","floor":29,"key":"SMITH"},{"floor":32,"key":"REST"},{"floor":40,"key":"REST"},{"data":"Adrenaline","floor":47,"key":"SMITH"},{"data":"Bullet Time","floor":49,"key":"SMITH"}],"neow_cost":"NONE","seed_source_timestamp":194068346948085,"circlet_count":0,"master_deck":["Defend_G+1","Defend_G+1","Defend_G+1","Defend_G+1","Survivor","Neutralize+1","Blade Dance","Cloak And Dagger","Prepared","Dagger Throw+1","Backstab+1","Finisher+1","Accuracy+1","Bullet Time+1","Backflip+1","Infinite Blades","Infinite Blades+1","Distraction","Well Laid Plans","Blade Dance","Underhanded Strike","Footwork+1","Adrenaline+1","Cloak And Dagger+1","Blur+1","Blur+1","Slice+1","Calculated Gamble+1","Madness","Madness","Escape Plan+1"],"relics":["Ring of the Snake","NeowsBlessing","The Courier","Pen Nib","Blue Candle","Lizard Tail","Incense Burner","Letter Opener","Whetstone","Question Card","Runic Dome","Bird Faced Urn","Dead Branch","Red Mask"],"potions_floor_usage":[16,16,16,23,24,30,31,50,50,50],"damage_taken":[{"damage":0,"enemies":"Small Slimes","floor":1,"turns":1},{"damage":0,"enemies":"Jaw Worm","floor":5,"turns":1},{"damage":0,"enemies":"Gremlin Nob","floor":8,"turns":1},{"damage":0,"enemies":"2 Louse","floor":10,"turns":2},{"damage":0,"enemies":"Exordium Thugs","floor":11,"turns":3},{"damage":4,"enemies":"2 Fungi Beasts","floor":14,"turns":3},{"damage":12,"enemies":"Hexaghost","floor":16,"turns":8},{"damage":14,"enemies":"Spheric Guardian","floor":18,"turns":4},{"damage":10,"enemies":"Chosen","floor":21,"turns":3},{"damage":1,"enemies":"Snecko","floor":22,"turns":3},{"damage":8,"enemies":"Gremlin Leader","floor":23,"turns":6},{"damage":12,"enemies":"Snake Plant","floor":24,"turns":3},{"damage":2,"enemies":"Centurion and Healer","floor":28,"turns":6},{"damage":24,"enemies":"Slavers","floor":30,"turns":4},{"damage":0,"enemies":"Colosseum Slavers","floor":31,"turns":2},{"damage":12,"enemies":"Champ","floor":33,"turns":11},{"damage":26,"enemies":"3 Darklings","floor":35,"turns":5},{"damage":0,"enemies":"Orb Walker","floor":36,"turns":3},{"damage":0,"enemies":"Mind Bloom Boss Battle","floor":38,"turns":5},{"damage":0,"enemies":"Maw","floor":41,"turns":6},{"damage":0,"enemies":"3 Darklings","floor":42,"turns":6},{"damage":0,"enemies":"Jaw Worm Horde","floor":45,"turns":3},{"damage":6,"enemies":"Spire Growth","floor":48,"turns":2},{"damage":7,"enemies":"Awakened One","floor":50,"turns":8}],"seed_played":"2463700893580324019","potions_obtained":[{"floor":1,"key":"Ancient Potion"},{"floor":10,"key":"LiquidBronze"},{"floor":11,"key":"Weak Potion"},{"floor":18,"key":"GamblersBrew"},{"floor":21,"key":"SteroidPotion"},{"floor":22,"key":"SpeedPotion"},{"floor":23,"key":"LiquidBronze"},{"floor":28,"key":"PowerPotion"},{"floor":35,"key":"PowerPotion"},{"floor":38,"key":"Ancient Potion"},{"floor":41,"key":"SkillPotion"}],"is_trial":false,"path_per_floor":["M","?","$","?","M","R","T","E","T","M","M","R","?","M","R","B",null,"M","?","$","M","M","E","M","R","T","$","M","R","E","?","R","B",null,"M","M","$","?","?","R","M","M","T","?","M","?","R","M","R","B",null],"character_chosen":"THE_SILENT","items_purchased":["Cloak And Dagger","Infinite Blades","Whetstone"],"campfire_rested":4,"item_purchase_floors":[3,20,27],"current_hp_per_floor":[70,59,59,59,59,59,59,59,59,59,59,59,52,48,69,57,70,56,56,56,46,45,37,25,46,46,46,44,44,20,20,41,29,70,44,44,44,44,44,65,70,70,70,70,70,61,61,61,61,65],"gold":24,"neow_bonus":"THREE_ENEMY_KILL","is_prod":false,"is_daily":false,"chose_seed":false,"campfire_upgraded":5,"win_rate":0,"timestamp":1544622125,"path_taken":["M","?","$","?","M","R","?","E","T","M","M","R","?","M","R","BOSS","M","?","$","M","M","E","M","R","T","$","M","R","E","?","R","BOSS","M","M","$","?","?","R","M","M","T","?","M","?","R","M","R","BOSS"],"build_version":"2018-12-06","purchased_purges":3,"victory":true,"max_hp_per_floor":[70,70,70,70,70,70,70,70,70,70,70,70,70,70,70,70,70,70,70,70,70,70,70,70,70,70,70,70,70,70,70,70,70,70,70,70,70,70,70,70,70,70,70,70,70,70,70,70,70,70],"card_choices":[{"not_picked":["Reflex","Prepared"],"picked":"Blade Dance","floor":1},{"not_picked":["Underhanded Strike","Escape Plan"],"picked":"Prepared","floor":5},{"not_picked":["Outmaneuver","After Image"],"picked":"Dagger Throw","floor":8},{"not_picked":["Well Laid Plans","Masterful Stab"],"picked":"Backstab","floor":10},{"not_picked":["PiercingWail","Deflect"],"picked":"Finisher","floor":11},{"not_picked":["Backflip","Deflect"],"picked":"Accuracy","floor":14},{"not_picked":["Wraith Form v2","Unload"],"picked":"Bullet Time","floor":16},{"not_picked":["Deadly Poison+1","Skewer+1"],"picked":"Backflip+1","floor":18},{"not_picked":["Reflex+1","Underhanded Strike"],"picked":"Infinite Blades+1","floor":21},{"not_picked":["Outmaneuver","Expertise+1"],"picked":"Distraction","floor":22},{"not_picked":["Bane+1","Underhanded Strike"],"picked":"Well Laid Plans","floor":23},{"not_picked":["Prepared","Dagger Throw"],"picked":"Blade Dance","floor":24},{"not_picked":["Poisoned Stab","Riddle With Holes"],"picked":"Underhanded Strike","floor":28},{"not_picked":["Caltrops","Underhanded Strike"],"picked":"Footwork+1","floor":30},{"not_picked":["Corpse Explosion","Phantasmal Killer","Night Terror"],"picked":"Adrenaline","floor":33},{"not_picked":["Heel Hook","Underhanded Strike","Slice+1"],"picked":"Cloak And Dagger+1","floor":35},{"not_picked":["Sucker Punch","Dagger Spray","Underhanded Strike","Dagger Throw+1"],"picked":"SKIP","floor":36},{"not_picked":["Flechettes+1","Crippling Poison+1","Predator+1"],"picked":"Blur+1","floor":38},{"not_picked":["Deflect+1","Crippling Poison","Sucker Punch"],"picked":"Blur+1","floor":41},{"not_picked":["Underhanded Strike","Acrobatics+1","Masterful Stab"],"picked":"Slice+1","floor":42},{"not_picked":["Escape Plan","Dodge and Roll+1","Cloak And Dagger+1"],"picked":"Calculated Gamble+1","floor":45},{"not_picked":["Expertise+1","Blur","Bane+1"],"picked":"Escape Plan+1","floor":48}],"player_experience":165872,"relics_obtained":[{"floor":7,"key":"The Courier"},{"floor":8,"key":"Pen Nib"},{"floor":9,"key":"Blue Candle"},{"floor":23,"key":"Incense Burner"},{"floor":26,"key":"Letter Opener"},{"floor":30,"key":"Question Card"},{"floor":38,"key":"Bird Faced Urn"},{"floor":43,"key":"Dead Branch"}],"event_choices":[{"damage_healed":0,"gold_gain":75,"player_choice":"Gather Gold","damage_taken":11,"max_hp_gain":0,"max_hp_loss":0,"event_name":"World of Goop","floor":2,"gold_loss":0},{"cards_removed":["Strike_G"],"damage_healed":0,"gold_gain":0,"player_choice":"Card Removal","damage_taken":0,"max_hp_gain":0,"max_hp_loss":0,"event_name":"The Cleric","floor":4,"gold_loss":50},{"cards_removed":["Defend_G"],"damage_healed":0,"gold_gain":0,"player_choice":"Card Removal","damage_taken":7,"max_hp_gain":0,"max_hp_loss":0,"event_name":"Golden Wing","floor":13,"gold_loss":0},{"damage_healed":0,"gold_gain":0,"player_choice":"Simplicity","damage_taken":0,"max_hp_gain":0,"max_hp_loss":0,"event_name":"Back to Basics","floor":19,"gold_loss":0,"cards_upgraded":["Defend_G","Defend_G","Defend_G","Defend_G","Strike_G","Strike_G","Strike_G"]},{"damage_healed":0,"gold_gain":0,"player_choice":"Fight","damage_taken":0,"max_hp_gain":0,"max_hp_loss":0,"event_name":"Colosseum","floor":31,"gold_loss":0},{"damage_healed":0,"gold_gain":0,"player_choice":"Fled From Nobs","damage_taken":0,"max_hp_gain":0,"max_hp_loss":0,"event_name":"Colosseum","floor":31,"gold_loss":0},{"damage_healed":0,"gold_gain":0,"player_choice":"Fight","damage_taken":0,"max_hp_gain":0,"max_hp_loss":0,"event_name":"MindBloom","floor":38,"gold_loss":0},{"cards_removed":["Strike_G"],"damage_healed":0,"gold_gain":0,"player_choice":"Removed Attack","damage_taken":0,"max_hp_gain":0,"max_hp_loss":0,"event_name":"Falling","floor":39,"gold_loss":0},{"damage_healed":0,"gold_gain":0,"player_choice":"Paid","damage_taken":0,"relics_obtained":["Red Mask"],"max_hp_gain":0,"max_hp_loss":0,"event_name":"Tomb of Lord Red Mask","floor":44,"gold_loss":243},{"damage_healed":0,"gold_gain":0,"player_choice":"Embrace Madness","damage_taken":9,"max_hp_gain":0,"max_hp_loss":0,"event_name":"Winding Halls","floor":46,"gold_loss":0,"cards_obtained":["Madness","Madness"]}],"is_beta":false,"boss_relics":[{"not_picked":["Eternal Feather","Calling Bell"],"picked":"Lizard Tail"},{"not_picked":["White Beast Statue","Velvet Choker"],"picked":"Runic Dome"}],"items_purged_floors":[3,20,37],"is_endless":false,"potions_floor_spawned":[1,10,11,18,21,22,23,28,35,38,41],"ascension_level":0}