{"gold_per_floor":[116,126,136,152,169,169,200,200,200,200,218,26,40,74,74,151,151,167,167,179,191,210,210,240,240,240,67,67,0,50,82,82,160,160,178,2,21,21,40,40,40,40,89,108,0,0,25,38,38,38],"floor_reached":51,"playtime":3379,"items_purged":["Strike_G","Strike_G+1"],"score":1334,"play_id":"21cf024b-ebb9-4646-8e6c-a1d6e41e5af4","local_time":"20190529230041","is_ascension_mode":true,"campfire_choices":[{"data":"Skewer","floor":6,"key":"SMITH"},{"floor":10,"key":"REST"},{"floor":15,"key":"REST"},{"floor":23,"key":"REST"},{"floor":25,"key":"REST"},{"data":"Envenom","floor":28,"key":"SMITH"},{"floor":32,"key":"REST"},{"floor":40,"key":"REST"},{"data":"Catalyst","floor":42,"key":"SMITH"},{"floor":46,"key":"REST"},{"floor":49,"key":"REST"}],"neow_cost":"NONE","seed_source_timestamp":268339445879801,"circlet_count":0,"master_deck":["AscendersBane","Defend_G+1","Defend_G+1","Defend_G+1","Defend_G+1","Defend_G+1","Survivor","Skewer+1","Flying Knee","PiercingWail","Backflip","After Image","Deflect","Dagger Spray","Envenom+1","Deadly Poison","Calculated Gamble+1","Noxious Fumes+1","Leg Sweep","Burst","After Image","Dodge and Roll+1","Well Laid Plans","Crippling Poison+1","Cloak And Dagger+1","Catalyst+1","Dagger Spray+1","Skewer+1"],"relics":["Ring of the Snake","Thread and Needle","The Courier","PreservedInsect","Matryoshka","Philosopher\u0027s Stone","Bottled Tornado","Paper Crane","Sundial","Chemical X","Pen Nib","Empty Cage","War Paint","Happy Flower","Red Mask","Centennial Puzzle"],"potions_floor_usage":[16,16,21,24,33,50],"damage_taken":[{"damage":0,"enemies":"Cultist","floor":1,"turns":4},{"damage":7,"enemies":"Small Slimes","floor":2,"turns":4},{"damage":1,"enemies":"Jaw Worm","floor":3,"turns":2},{"damage":1,"enemies":"Looter","floor":4,"turns":4},{"damage":9,"enemies":"Gremlin Gang","floor":5,"turns":7},{"damage":35,"enemies":"Lagavulin","floor":7,"turns":9},{"damage":0,"enemies":"2 Fungi Beasts","floor":11,"turns":4},{"damage":0,"enemies":"Looter","floor":13,"turns":3},{"damage":5,"enemies":"3 Sentries","floor":14,"turns":13},{"damage":32,"enemies":"Hexaghost","floor":16,"turns":14},{"damage":29,"enemies":"Spheric Guardian","floor":18,"turns":6},{"damage":8,"enemies":"Chosen","floor":20,"turns":5},{"damage":0,"enemies":"Snake Plant","floor":21,"turns":5},{"damage":7,"enemies":"Centurion and Healer","floor":22,"turns":10},{"damage":12,"enemies":"Slavers","floor":24,"turns":6},{"damage":17,"enemies":"Book of Stabbing","floor":31,"turns":5},{"damage":6,"enemies":"Automaton","floor":33,"turns":13},{"damage":13,"enemies":"3 Darklings","floor":35,"turns":9},{"damage":0,"enemies":"Orb Walker","floor":37,"turns":5},{"damage":26,"enemies":"Jaw Worm Horde","floor":39,"turns":6},{"damage":8,"enemies":"4 Shapes","floor":44,"turns":4},{"damage":0,"enemies":"Giant Head","floor":47,"turns":7},{"damage":0,"enemies":"Transient","floor":48,"turns":5},{"damage":41,"enemies":"Awakened One","floor":50,"turns":14}],"seed_played":"-6960738012063491943","potions_obtained":[{"floor":2,"key":"LiquidBronze"},{"floor":11,"key":"Strength Potion"},{"floor":20,"key":"Block Potion"},{"floor":22,"key":"SkillPotion"},{"floor":24,"key":"GhostInAJar"},{"floor":37,"key":"PowerPotion"}],"is_trial":false,"path_per_floor":["M","M","M","M","M","R","E","?","T","R","M","$","M","E","R","B",null,"M","?","M","M","M","R","E","R","T","$","R","$","?","E","R","B",null,"M","$","M","?","M","R","?","R","T","M","?","R","E","M","R","B",null],"character_chosen":"THE_SILENT","items_purchased":["PreservedInsect","Chemical X","Leg Sweep","Well Laid Plans","Crippling Poison"],"campfire_rested":8,"item_purchase_floors":[12,27,29,36,36],"current_hp_per_floor":[59,52,51,50,41,41,6,6,6,25,25,25,25,20,39,7,51,22,22,14,14,7,26,14,33,33,33,33,33,33,16,35,29,57,44,44,44,44,18,37,37,37,37,29,29,48,48,48,66,25],"gold":38,"neow_bonus":"TRANSFORM_CARD","is_prod":false,"is_daily":false,"chose_seed":false,"campfire_upgraded":3,"win_rate":0,"timestamp":1559163641,"path_taken":["M","M","M","?","M","R","E","?","T","R","M","$","?","E","R","BOSS","M","?","M","M","M","R","E","R","T","$","R","$","?","E","R","BOSS","M","$","M","?","?","R","?","R","T","M","?","R","E","M","R","BOSS"],"build_version":"2019-01-23","purchased_purges":2,"victory":true,"max_hp_per_floor":[66,66,66,66,66,66,66,66,66,66,66,66,66,66,66,66,66,66,66,66,66,66,66,66,66,66,66,66,66,66,66,66,66,66,66,66,66,66,66,66,66,66,66,66,66,66,66,66,66,66],"card_choices":[{"not_picked":["Dodge and Roll","Sucker Punch"],"picked":"Flying Knee","floor":1},{"not_picked":["All Out Attack","Escape Plan","Quick Slash"],"picked":"SKIP","floor":2},{"not_picked":["Endless Agony","Slice"],"picked":"PiercingWail","floor":3},{"not_picked":["Choke","Poisoned Stab","Outmaneuver"],"picked":"SKIP","floor":4},{"not_picked":["Finisher","Bane"],"picked":"Backflip","floor":5},{"not_picked":["Concentrate","Dagger Spray"],"picked":"After Image","floor":7},{"not_picked":["Prepared","Backstab"],"picked":"Deflect","floor":11},{"not_picked":["Reflex","Flying Knee","Slice"],"picked":"SKIP","floor":13},{"not_picked":["Adrenaline","Quick Slash"],"picked":"Dagger Spray","floor":14},{"not_picked":["Wraith Form v2","Burst"],"picked":"Envenom","floor":16},{"not_picked":["Catalyst","Riddle With Holes"],"picked":"Deadly Poison","floor":18},{"not_picked":["Choke","Bane","Accuracy"],"picked":"SKIP","floor":20},{"not_picked":["Blade Dance","Dash"],"picked":"Calculated Gamble","floor":21},{"not_picked":["Catalyst","Eviscerate"],"picked":"Noxious Fumes+1","floor":22},{"not_picked":["Predator","Backflip","Underhanded Strike"],"picked":"SKIP","floor":24},{"not_picked":["Finisher+1","Poisoned Stab"],"picked":"Burst","floor":31},{"not_picked":["Phantasmal Killer","Grand Finale"],"picked":"After Image","floor":33},{"not_picked":["Caltrops","Underhanded Strike"],"picked":"Dodge and Roll+1","floor":35},{"not_picked":["Concentrate","Deadly Poison"],"picked":"Cloak And Dagger+1","floor":37},{"not_picked":["Cloak And Dagger","Blade Dance+1"],"picked":"Catalyst","floor":39},{"not_picked":["Dodge and Roll","Outmaneuver","Deadly Poison"],"picked":"SKIP","floor":44},{"not_picked":["Dodge and Roll+1","Outmaneuver"],"picked":"Dagger Spray+1","floor":47},{"not_picked":["Distraction","Quick Slash"],"picked":"Skewer+1","floor":48}],"player_experience":626604,"relics_obtained":[{"floor":7,"key":"Thread and Needle"},{"floor":9,"key":"The Courier"},{"floor":14,"key":"Matryoshka"},{"floor":24,"key":"Bottled Tornado"},{"floor":26,"key":"Paper Crane"},{"floor":26,"key":"Sundial"},{"floor":31,"key":"Pen Nib"},{"floor":43,"key":"War Paint"},{"floor":43,"key":"Happy Flower"},{"floor":47,"key":"Centennial Puzzle"}],"event_choices":[{"damage_healed":0,"gold_gain":0,"player_choice":"1 cards matched","damage_taken":0,"max_hp_gain":0,"max_hp_loss":0,"event_name":"Match and Keep!","floor":8,"gold_loss":0,"cards_obtained":["Tactician"]},{"damage_healed":0,"gold_gain":0,"player_choice":"Simplicity","damage_taken":0,"max_hp_gain":0,"max_hp_loss":0,"event_name":"Back to Basics","floor":19,"gold_loss":0,"cards_upgraded":["Defend_G","Defend_G","Defend_G","Defend_G","Defend_G","Strike_G","Strike_G","Strike_G"]},{"damage_healed":0,"gold_gain":50,"player_choice":"Stole From Cult","damage_taken":0,"max_hp_gain":0,"max_hp_loss":0,"event_name":"Nest","floor":30,"gold_loss":0},{"cards_removed":["Tactician"],"damage_healed":0,"gold_gain":0,"player_choice":"Purged","damage_taken":0,"max_hp_gain":0,"max_hp_loss":0,"event_name":"Purifier","floor":38,"gold_loss":0},{"cards_removed":["Neutralize"],"damage_healed":0,"gold_gain":0,"player_choice":"Removed Attack","damage_taken":0,"max_hp_gain":0,"max_hp_loss":0,"event_name":"Falling","floor":41,"gold_loss":0},{"damage_healed":0,"gold_gain":0,"player_choice":"Paid","damage_taken":0,"relics_obtained":["Red Mask"],"max_hp_gain":0,"max_hp_loss":0,"event_name":"Tomb of Lord Red Mask","floor":45,"gold_loss":108}],"is_beta":false,"boss_relics":[{"not_picked":["Runic Dome","Ectoplasm"],"picked":"Philosopher\u0027s Stone"},{"not_picked":["WristBlade","Coffee Dripper"],"picked":"Empty Cage"}],"items_purged_floors":[12,36],"is_endless":false,"potions_floor_spawned":[2,11,13,14,20,22,24,37],"ascension_level":16}