{"gold_per_floor":[117,135,210,210,222,222,283,283,283,308,308,327,340,364,364,364],"floor_reached":16,"playtime":545,"items_purged":[],"score":175,"play_id":"3f92b871-5ae6-4822-9e15-ff0a9f83e1c8","local_time":"20181126034308","is_ascension_mode":true,"campfire_choices":[{"data":"Blind","floor":6,"key":"SMITH"},{"floor":8,"key":"REST"},{"data":"Immolate","floor":11,"key":"SMITH"},{"data":"Body Slam","floor":15,"key":"SMITH"}],"neow_cost":"NONE","seed_source_timestamp":989112155128502,"circlet_count":0,"master_deck":["AscendersBane","Strike_R","Strike_R","Strike_R","Strike_R","Strike_R","Defend_R","Defend_R","Defend_R","Defend_R","Bash","Blind+1","Pommel Strike","Shrug It Off","Flame Barrier","Immolate+1","Battle Trance","Body Slam+1","Iron Wave"],"relics":["Burning Blood","Anchor","Paper Frog","Bottled Flame","Boot"],"potions_floor_usage":[7,10,16],"damage_taken":[{"damage":6,"enemies":"Jaw Worm","floor":1,"turns":5},{"damage":8,"enemies":"Small Slimes","floor":2,"turns":3},{"damage":4,"enemies":"2 Louse","floor":5,"turns":3},{"damage":55,"enemies":"Gremlin Nob","floor":7,"turns":7},{"damage":4,"enemies":"Gremlin Nob","floor":10,"turns":3},{"damage":0,"enemies":"Blue Slaver","floor":12,"turns":3},{"damage":0,"enemies":"3 Louse","floor":13,"turns":1},{"damage":51,"enemies":"Hexaghost","floor":16,"turns":14}],"seed_played":"-4036496697659506825","potions_obtained":[{"floor":1,"key":"EssenceOfSteel"},{"floor":7,"key":"AttackPotion"},{"floor":10,"key":"Energy Potion"},{"floor":13,"key":"Ancient Potion"}],"is_trial":false,"path_per_floor":["M","M","?","?","M","R","?","R","T","E","R","M","M","T","R","B"],"character_chosen":"IRONCLAD","items_purchased":[],"campfire_rested":1,"item_purchase_floors":[],"current_hp_per_floor":[68,66,55,60,62,62,13,37,37,39,39,45,51,51,51,0],"gold":364,"neow_bonus":"RANDOM_COLORLESS","is_prod":false,"is_daily":false,"chose_seed":false,"campfire_upgraded":3,"win_rate":0,"timestamp":1543171388,"path_taken":["M","M","?","?","M","R","?","R","T","E","R","M","M","?","R","BOSS"],"build_version":"2018-11-15","purchased_purges":0,"victory":false,"max_hp_per_floor":[75,75,75,80,80,80,80,80,80,80,80,80,80,80,80,80],"card_choices":[{"not_picked":["Twin Strike","Bloodletting"],"picked":"Pommel Strike","floor":1},{"not_picked":["Thunderclap","Flex"],"picked":"Shrug It Off","floor":2},{"not_picked":["Sever Soul","Metallicize"],"picked":"Flame Barrier","floor":5},{"not_picked":["Burning Pact","Sever Soul"],"picked":"Immolate","floor":7},{"not_picked":["Wild Strike","Armaments"],"picked":"Battle Trance","floor":10},{"not_picked":["Iron Wave","Wild Strike"],"picked":"Body Slam","floor":12},{"not_picked":["Sentinel","Heavy Blade"],"picked":"Iron Wave","floor":13}],"player_experience":2443211,"relics_obtained":[{"floor":7,"key":"Anchor"},{"floor":9,"key":"Paper Frog"},{"floor":10,"key":"Bottled Flame"},{"floor":14,"key":"Boot"}],"event_choices":[{"damage_healed":0,"gold_gain":75,"player_choice":"Gather Gold","damage_taken":11,"max_hp_gain":0,"max_hp_loss":0,"event_name":"World of Goop","floor":3,"gold_loss":0},{"damage_healed":0,"gold_gain":0,"player_choice":"Donut","damage_taken":0,"max_hp_gain":5,"max_hp_loss":0,"event_name":"Big Fish","floor":4,"gold_loss":0},{"damage_healed":0,"gold_gain":0,"player_choice":"Searched \u00271\u0027 times","damage_taken":0,"max_hp_gain":0,"max_hp_loss":0,"event_name":"Dead Adventurer","floor":7,"gold_loss":0}],"is_beta":true,"boss_relics":[],"items_purged_floors":[],"is_endless":false,"potions_floor_spawned":[1,7,10,13],"killed_by":"Hexaghost","ascension_level":15}