{"gold_per_floor":[113,93,109,72,88,115,115,132,157,82,82,109,128,144,144,144],"floor_reached":16,"playtime":894,"items_purged":["Strike_G"],"score":253,"play_id":"326a23ce-b12b-481e-a0a1-2516780bd647","local_time":"20190217185513","is_ascension_mode":true,"campfire_choices":[{"data":"Deadly Poison","floor":7,"key":"SMITH"},{"floor":11,"key":"REST"},{"floor":15,"key":"REST"}],"neow_cost":"NONE","seed_source_timestamp":122958748852022,"circlet_count":0,"master_deck":["AscendersBane","Defend_G","Defend_G","Defend_G","Defend_G","Defend_G","Strike_G","Strike_G","Strike_G","Strike_G","Survivor","Neutralize+1","Prepared","PiercingWail","Well Laid Plans","Deadly Poison+1","Catalyst","Catalyst","Backstab"],"relics":["Ring of the Snake","Bag of Marbles","Vajra","Omamori"],"potions_floor_usage":[6,12,13,13,16],"damage_taken":[{"damage":0,"enemies":"Jaw Worm","floor":1,"turns":6},{"damage":1,"enemies":"Cultist","floor":3,"turns":5},{"damage":1,"enemies":"2 Louse","floor":5,"turns":3},{"damage":41,"enemies":"3 Sentries","floor":6,"turns":15},{"damage":13,"enemies":"Lots of Slimes","floor":8,"turns":7},{"damage":0,"enemies":"Lagavulin","floor":12,"turns":7},{"damage":19,"enemies":"Large Slime","floor":13,"turns":6},{"damage":7,"enemies":"Exordium Wildlife","floor":14,"turns":6},{"damage":38,"enemies":"Slime Boss","floor":16,"turns":9}],"seed_played":"-8379303857780995148","potions_obtained":[{"floor":2,"key":"Regen Potion"},{"floor":5,"key":"PowerPotion"},{"floor":8,"key":"GamblersBrew"},{"floor":12,"key":"AttackPotion"},{"floor":14,"key":"Block Potion"}],"is_trial":false,"path_per_floor":["M","?","M","$","M","E","R","M","T","$","R","E","M","M","R","B"],"character_chosen":"THE_SILENT","items_purchased":["Well Laid Plans"],"campfire_rested":2,"item_purchase_floors":[4],"current_hp_per_floor":[59,59,58,58,57,31,31,18,18,18,37,37,18,11,30,0],"gold":144,"neow_bonus":"UPGRADE_CARD","is_prod":false,"is_daily":false,"chose_seed":false,"campfire_upgraded":1,"win_rate":0,"timestamp":1550397313,"path_taken":["M","?","M","$","?","E","R","M","T","$","R","E","M","M","R","BOSS"],"build_version":"2019-01-23","purchased_purges":1,"victory":false,"max_hp_per_floor":[66,66,66,66,66,66,66,66,66,66,66,66,66,66,66,66],"card_choices":[{"not_picked":["Outmaneuver","Deflect"],"picked":"Prepared","floor":1},{"not_picked":["Sucker Punch","Endless Agony"],"picked":"PiercingWail","floor":3},{"not_picked":["Noxious Fumes","Slice"],"picked":"Deadly Poison","floor":5},{"not_picked":["Tactician","Eviscerate"],"picked":"Catalyst","floor":6},{"not_picked":["Masterful Stab","Infinite Blades"],"picked":"Catalyst","floor":8},{"not_picked":["Endless Agony","Outmaneuver","Well Laid Plans"],"picked":"SKIP","floor":12},{"not_picked":["Blade Dance","All Out Attack","Slice"],"picked":"SKIP","floor":13},{"not_picked":["Caltrops","Blur"],"picked":"Backstab","floor":14}],"player_experience":652189,"relics_obtained":[{"floor":6,"key":"Bag of Marbles"},{"floor":9,"key":"Vajra"},{"floor":12,"key":"Omamori"}],"event_choices":[{"damage_healed":0,"gold_gain":0,"player_choice":"Bought 1 Potion","damage_taken":0,"max_hp_gain":0,"max_hp_loss":0,"event_name":"The Woman in Blue","floor":2,"gold_loss":0}],"is_beta":false,"boss_relics":[],"items_purged_floors":[10],"is_endless":false,"potions_floor_spawned":[5,8,12,14],"killed_by":"Slime Boss","ascension_level":17}