{"gold_per_floor":[109,122,134,146,162,162,189,189,213,213,223,257,321,346,346,424,424,441,470,520,539,555,555,567,579,579,579,504,531,531,531,531,531],"floor_reached":33,"playtime":3601,"items_purged":[],"score":581,"play_id":"4807cc9c-df00-42a4-9902-2ee8ab62253a","local_time":"20190424142410","is_ascension_mode":true,"campfire_choices":[{"data":"Armaments","floor":6.0,"key":"SMITH"},{"data":"Battle Trance","floor":8.0,"key":"SMITH"},{"data":"Body Slam","floor":10.0,"key":"SMITH"},{"floor":15.0,"key":"REST"},{"data":"Inflame","floor":23.0,"key":"SMITH"},{"floor":27.0,"key":"REST"},{"floor":30.0,"key":"REST"},{"floor":32.0,"key":"REST"}],"neow_cost":"NONE","seed_source_timestamp":1027936795444753,"circlet_count":0,"master_deck":["AscendersBane","Strike_R","Strike_R","Strike_R","Strike_R","Defend_R+1","Defend_R","Defend_R","Defend_R+1","Bash","Spot Weakness","Body Slam+1","Armaments+1","Battle Trance+1","Rage","Feed","Inflame+1","Headbutt","Evolve","Entrench","Reaper","Burning Pact+1","Twin Strike","Pommel Strike","Fiend Fire","Metallicize","Barricade+1"],"special_seed":0,"relics":["Burning Blood","Happy Flower","WingedGreaves","Omamori","War Paint","Centennial Puzzle","Sozu","Red Mask","Darkstone Periapt","Frozen Egg 2"],"potions_floor_usage":[],"damage_taken":[{"damage":3.0,"enemies":"2 Louse","floor":1.0,"turns":4.0},{"damage":7.0,"enemies":"Jaw Worm","floor":2.0,"turns":4.0},{"damage":5.0,"enemies":"Small Slimes","floor":3.0,"turns":5.0},{"damage":9.0,"enemies":"Red Slaver","floor":4.0,"turns":3.0},{"damage":21.0,"enemies":"Large Slime","floor":5.0,"turns":8.0},{"damage":10.0,"enemies":"3 Sentries","floor":7.0,"turns":5.0},{"damage":2.0,"enemies":"Looter","floor":11.0,"turns":4.0},{"damage":23.0,"enemies":"Gremlin Nob","floor":12.0,"turns":4.0},{"damage":11.0,"enemies":"Lagavulin Event","floor":13.0,"turns":3.0},{"damage":18.0,"enemies":"Lagavulin","floor":14.0,"turns":8.0},{"damage":37.0,"enemies":"Slime Boss","floor":16.0,"turns":10.0},{"damage":37.0,"enemies":"Shell Parasite","floor":18.0,"turns":9.0},{"damage":31.0,"enemies":"Masked Bandits","floor":19.0,"turns":4.0},{"damage":9.0,"enemies":"3 Byrds","floor":21.0,"turns":5.0},{"damage":28.0,"enemies":"3 Cultists","floor":22.0,"turns":5.0},{"damage":28.0,"enemies":"Snake Plant","floor":24.0,"turns":7.0},{"damage":21.0,"enemies":"Centurion and Healer","floor":25.0,"turns":8.0},{"damage":67.0,"enemies":"Slavers","floor":29.0,"turns":6.0},{"damage":132,"enemies":"Collector","floor":33,"turns":8}],"seed_played":"-1704236935638415249","potions_obtained":[{"floor":4.0,"key":"SteroidPotion"},{"floor":5.0,"key":"Fire Potion"},{"floor":13.0,"key":"Explosive Potion"},{"floor":14.0,"key":"SkillPotion"},{"floor":16.0,"key":"LiquidBronze"}],"is_trial":false,"path_per_floor":["M","M","M","M","M","R","E","R","T","R","M","E","?","E","R","B",null,"M","?","?","M","M","R","M","M","T","R","?","E","R","?","R","B"],"character_chosen":"IRONCLAD","items_purchased":[],"campfire_rested":4,"item_purchase_floors":[],"current_hp_per_floor":[71,70,71,68,53,53,49,49,49,49,56,39,37,28,53,26,73,61,51,51,60,63,63,58,59,59,91,91,58,91,57,92,0],"gold":531,"neow_bonus":"RANDOM_COMMON_RELIC","is_prod":false,"is_daily":false,"chose_seed":false,"campfire_upgraded":4,"win_rate":0,"timestamp":1556083450,"path_taken":["M","M","M","M","M","R","E","R","T","R","M","E","?","E","R","BOSS","M","?","?","M","M","R","M","?","T","R","?","E","R","?","R","BOSS"],"build_version":"2019-04-23","purchased_purges":0,"victory":false,"max_hp_per_floor":[75,75,75,75,75,75,75,75,75,75,78,78,81,84,84,88,88,91,94,94,97,100,100,104,108,108,108,108,112,112,117,117,117],"card_choices":[{"not_picked":["Wild Strike","Heavy Blade"],"picked":"Spot Weakness","floor":1.0},{"not_picked":["Wild Strike","Clash"],"picked":"Body Slam","floor":2.0},{"not_picked":["Spot Weakness","Wild Strike"],"picked":"Armaments","floor":3.0},{"not_picked":["Havoc","Infernal Blade"],"picked":"Battle Trance","floor":4.0},{"not_picked":["Disarm","Anger"],"picked":"Rage","floor":5.0},{"not_picked":["Wild Strike","Headbutt"],"picked":"Feed","floor":7.0},{"not_picked":["Feel No Pain","Clothesline"],"picked":"Inflame","floor":11.0},{"not_picked":["Clash","Shockwave"],"picked":"Headbutt","floor":12.0},{"not_picked":["Pummel","Perfected Strike"],"picked":"Evolve","floor":13.0},{"not_picked":["Clothesline","Havoc"],"picked":"Entrench","floor":14.0},{"not_picked":["Bludgeon","Immolate"],"picked":"Reaper","floor":16.0},{"not_picked":["Pommel Strike","Second Wind"],"picked":"Burning Pact+1","floor":18.0},{"not_picked":["Evolve","Perfected Strike"],"picked":"Twin Strike","floor":19.0},{"not_picked":["Wild Strike","Spot Weakness+1"],"picked":"Pommel Strike","floor":21.0},{"not_picked":["True Grit","Clothesline"],"picked":"Fiend Fire","floor":22.0},{"not_picked":["Fire Breathing","Evolve"],"picked":"Metallicize","floor":24.0},{"not_picked":["Combust","Body Slam","Rupture+1"],"picked":"SKIP","floor":25.0},{"not_picked":["Hemokinesis","Shrug It Off"],"picked":"Barricade","floor":29.0}],"player_experience":3042347,"relics_obtained":[{"floor":7.0,"key":"WingedGreaves"},{"floor":12.0,"key":"Omamori"},{"floor":13.0,"key":"War Paint"},{"floor":14.0,"key":"Centennial Puzzle"},{"floor":19.0,"key":"Red Mask"},{"floor":26.0,"key":"Darkstone Periapt"},{"floor":29.0,"key":"Frozen Egg 2"}],"event_choices":[{"damage_healed":0.0,"max_hp_gain":0.0,"max_hp_loss":0.0,"gold_gain":0.0,"event_name":"Dead Adventurer","player_choice":"Searched \u00272\u0027 times","floor":13.0,"gold_loss":0.0,"damage_taken":0.0},{"damage_healed":0.0,"max_hp_gain":0.0,"max_hp_loss":0.0,"gold_gain":0.0,"event_name":"Masked Bandits","player_choice":"Fought Bandits","floor":19.0,"gold_loss":0.0,"damage_taken":0.0},{"damage_healed":0.0,"max_hp_gain":0.0,"max_hp_loss":0.0,"gold_gain":100.0,"event_name":"The Joust","player_choice":"Bet on Murderer","floor":20.0,"gold_loss":50.0,"damage_taken":0.0},{"cards_removed":["Strike_R"],"damage_healed":0.0,"max_hp_gain":0.0,"max_hp_loss":0.0,"gold_gain":0.0,"event_name":"Beggar","player_choice":"Gave Gold","floor":28.0,"gold_loss":75.0,"damage_taken":0.0},{"damage_healed":0.0,"max_hp_gain":5.0,"max_hp_loss":0.0,"gold_gain":0.0,"event_name":"Forgotten Altar","player_choice":"Shed Blood","floor":31.0,"gold_loss":0.0,"damage_taken":39.0}],"is_beta":true,"boss_relics":[{"not_picked":["Tiny House","Runic Dome"],"picked":"Sozu"}],"items_purged_floors":[],"is_endless":false,"potions_floor_spawned":[4,5,11,13,14,16,22,24],"killed_by":"Collector","ascension_level":17}