{"gold_per_floor":[217,217,4,15,33,33,33,62,62,97,97,18,18,31,31,103,103,121,121,140,140,140],"floor_reached":22,"playtime":490,"items_purged":[],"score":384,"play_id":"1cb5ba71-4690-4c6a-9809-750e6eb921da","local_time":"20190323234816","is_ascension_mode":true,"campfire_choices":[{"data":"Apotheosis","floor":6,"key":"SMITH"},{"data":"White Noise","floor":11,"key":"SMITH"},{"data":"Go for the Eyes","floor":15,"key":"SMITH"}],"neow_cost":"NONE","seed_source_timestamp":863870580311900,"circlet_count":0,"master_deck":["AscendersBane","Defend_B","Defend_B","Defend_B","Zap","Dualcast","Tempest","Apotheosis+1","Hologram+1","Steam","White Noise+1","BootSequence","Genetic Algorithm","Cold Snap","Barrage","Go for the Eyes+1","Hyperbeam","Hyperbeam+1","Compile Driver+1","Echo Form+1","Conserve Battery+1","Genetic Algorithm+1"],"relics":["Cracked Core","Emotion Chip","Shuriken","Letter Opener","Astrolabe","Bottled Flame"],"potions_floor_usage":[16],"damage_taken":[{"damage":9,"enemies":"2 Louse","floor":1,"turns":2},{"damage":0,"enemies":"Cultist","floor":4,"turns":3},{"damage":5,"enemies":"Small Slimes","floor":5,"turns":3},{"damage":11,"enemies":"Gremlin Nob","floor":8,"turns":4},{"damage":15,"enemies":"3 Sentries","floor":10,"turns":5},{"damage":0,"enemies":"Blue Slaver","floor":14,"turns":3},{"damage":26,"enemies":"Slime Boss","floor":16,"turns":7},{"damage":29,"enemies":"2 Thieves","floor":18,"turns":3},{"damage":22,"enemies":"Shell Parasite","floor":20,"turns":4},{"damage":1,"enemies":"Cultist and Chosen","floor":22,"turns":3}],"seed_played":"8266334423599610885","potions_obtained":[{"floor":10,"key":"Regen Potion"},{"floor":18,"key":"Strength Potion"}],"is_trial":false,"path_per_floor":["M","?","$","M","M","R","?","E","T","E","R","$","?","M","R","B",null,"M","T","M","?","M"],"character_chosen":"DEFECT","items_purchased":["Apotheosis","Hologram","Cold Snap","Barrage"],"campfire_rested":0,"item_purchase_floors":[3,3,12,12],"current_hp_per_floor":[55,55,55,55,50,50,55,44,44,29,29,29,29,29,29,18,62,33,33,11,11,10],"gold":140,"neow_bonus":"HUNDRED_GOLD","is_prod":false,"is_daily":false,"chose_seed":false,"campfire_upgraded":3,"win_rate":0,"timestamp":1553352496,"path_taken":["M","?","?","M","M","R","?","E","T","E","R","?","?","M","R","BOSS","M","?","?","?","M"],"build_version":"2019-01-23","purchased_purges":0,"victory":false,"max_hp_per_floor":[71,71,71,71,71,71,76,76,76,76,76,76,76,76,76,76,76,76,76,76,76,76],"card_choices":[{"not_picked":["Compile Driver","Barrage"],"picked":"Tempest","floor":1},{"not_picked":["Barrage","Gash"],"picked":"Steam","floor":4},{"not_picked":["Turbo","Gash"],"picked":"White Noise","floor":5},{"not_picked":["Sunder","Redo"],"picked":"BootSequence","floor":8},{"not_picked":["Force Field","Fission"],"picked":"Genetic Algorithm","floor":10},{"not_picked":["Stack","Hologram"],"picked":"Go for the Eyes","floor":14},{"not_picked":["Multi-Cast","Amplify"],"picked":"Hyperbeam","floor":16},{"not_picked":["Stack","Go for the Eyes"],"picked":"Conserve Battery+1","floor":18},{"not_picked":["Steam","Cold Snap"],"picked":"Genetic Algorithm+1","floor":20}],"player_experience":4597547,"relics_obtained":[{"floor":8,"key":"Emotion Chip"},{"floor":9,"key":"Shuriken"},{"floor":10,"key":"Letter Opener"},{"floor":19,"key":"Bottled Flame"}],"event_choices":[{"cards_removed":["Strike_B"],"damage_healed":0,"gold_gain":0,"player_choice":"Offered Basic","damage_taken":0,"max_hp_gain":0,"max_hp_loss":0,"event_name":"Bonfire Elementals","floor":2,"gold_loss":0},{"damage_healed":0,"gold_gain":0,"player_choice":"Donut","damage_taken":0,"max_hp_gain":5,"max_hp_loss":0,"event_name":"Big Fish","floor":7,"gold_loss":0},{"damage_healed":0,"gold_gain":0,"player_choice":"Forge","damage_taken":0,"max_hp_gain":0,"max_hp_loss":0,"event_name":"Accursed Blacksmith","floor":13,"gold_loss":0,"cards_upgraded":["Hologram"]},{"cards_removed":["Strike_B"],"damage_healed":0,"gold_gain":0,"player_choice":"Elegance","damage_taken":0,"max_hp_gain":0,"max_hp_loss":0,"event_name":"Back to Basics","floor":21,"gold_loss":0}],"is_beta":false,"boss_relics":[{"not_picked":["Eternal Feather","Nuclear Battery"],"picked":"Astrolabe"}],"items_purged_floors":[],"is_endless":false,"potions_floor_spawned":[10,18],"killed_by":"Cultist and Chosen","ascension_level":20}