{"gold_per_floor":[116,116,116,116,136,170,170,186,213,227,270,270,270],"floor_reached":13,"playtime":431,"items_purged":[],"score":118,"play_id":"b2b8c2d2-6cb1-48fd-bae0-38e1c3159db2","local_time":"20181115220209","is_ascension_mode":false,"campfire_choices":[{"data":"Hello World","floor":7,"key":"SMITH"},{"data":"Genetic Algorithm","floor":12,"key":"SMITH"}],"neow_cost":"NONE","seed_source_timestamp":86581254825582,"circlet_count":0,"master_deck":["Strike_B","Strike_B","Strike_B","Strike_B","Defend_B","Defend_B","Defend_B","Defend_B","Zap","Dualcast","Capacitor","Strike_R","Hello World+1","Genetic Algorithm+1","White Noise","Gash","Auto Shields"],"special_seed":0,"relics":["Cracked Core","NeowsBlessing","Golden Idol","Regal Pillow","Oddly Smooth Stone","Strawberry"],"potions_floor_usage":[11],"damage_taken":[{"damage":0.0,"enemies":"2 Louse","floor":1.0,"turns":1.0},{"damage":0,"enemies":"Jaw Worm","floor":5,"turns":1},{"damage":0,"enemies":"Lagavulin","floor":6,"turns":1},{"damage":8,"enemies":"Cultist","floor":8,"turns":4},{"damage":5,"enemies":"Blue Slaver","floor":10,"turns":4},{"damage":20,"enemies":"3 Sentries","floor":11,"turns":8},{"damage":52,"enemies":"Gremlin Gang","floor":13,"turns":3}],"seed_played":"4155088837538258613","potions_obtained":[{"floor":1.0,"key":"SteroidPotion"},{"floor":8,"key":"Fire Potion"},{"floor":11,"key":"AttackPotion"}],"is_trial":false,"path_per_floor":["M","?","?","?","M","E","R","M","T","M","E","R","M"],"character_chosen":"DEFECT","items_purchased":[],"campfire_rested":0,"item_purchase_floors":[],"current_hp_per_floor":[75,75,75,75,75,75,75,67,67,62,49,49,0],"gold":270,"neow_bonus":"THREE_ENEMY_KILL","is_prod":false,"is_daily":false,"chose_seed":false,"campfire_upgraded":2,"win_rate":0,"timestamp":1542340929,"path_taken":["M","?","?","?","?","E","R","M","T","M","E","R","M"],"build_version":"2018-11-15","purchased_purges":0,"victory":false,"max_hp_per_floor":[75,75,75,75,75,75,75,75,75,75,82,82,82],"card_choices":[{"not_picked":["Gash","Double Energy"],"picked":"Capacitor","floor":1.0},{"not_picked":["Ball Lightning","Streamline"],"picked":"Hello World","floor":5},{"not_picked":["Coolheaded","Barrage"],"picked":"Genetic Algorithm","floor":6},{"not_picked":["Amplify","Ball Lightning"],"picked":"White Noise","floor":8},{"not_picked":["Reinforced Body","Leap"],"picked":"Gash","floor":10},{"not_picked":["Turbo","Reinforced Body"],"picked":"Auto Shields","floor":11}],"player_experience":397550,"relics_obtained":[{"floor":6,"key":"Regal Pillow"},{"floor":9,"key":"Oddly Smooth Stone"},{"floor":11,"key":"Strawberry"}],"event_choices":[{"damage_healed":0.0,"max_hp_gain":0.0,"max_hp_loss":0.0,"gold_gain":0.0,"event_name":"Golden Wing","player_choice":"Ignored","floor":2.0,"gold_loss":0.0,"damage_taken":0.0},{"damage_healed":0.0,"max_hp_gain":0.0,"max_hp_loss":0.0,"gold_gain":0.0,"event_name":"Golden Idol","player_choice":"Take Wound","floor":3.0,"gold_loss":0.0,"damage_taken":0.0,"relics_obtained":["Golden Idol"],"cards_obtained":["Injury"]},{"cards_removed":["Injury"],"damage_healed":0,"gold_gain":0,"player_choice":"Took Card","damage_taken":0,"max_hp_gain":0,"max_hp_loss":0,"event_name":"NoteForYourself","floor":4,"gold_loss":0,"cards_obtained":["Strike_R"]}],"is_beta":false,"boss_relics":[],"items_purged_floors":[],"is_endless":false,"potions_floor_spawned":[1,8,11],"killed_by":"Gremlin Gang","ascension_level":0}