{"gold_per_floor":[115,126,140,315,2,2,30,30,79,99,112,112,142,142,142,245,245,235,246,246,246,17,48,48,65,65,65],"floor_reached":27,"playtime":2350,"items_purged":["Strike_B"],"score":386,"play_id":"a6f6b658-4685-4141-b85b-86b6c6823314","local_time":"20190515210952","is_ascension_mode":true,"campfire_choices":[{"data":"Zap","floor":6,"key":"SMITH"},{"data":"Self Repair","floor":8,"key":"SMITH"},{"data":"Defragment","floor":12,"key":"SMITH"},{"data":"Conserve Battery","floor":15,"key":"SMITH"},{"floor":24,"key":"REST"}],"neow_cost":"NONE","seed_source_timestamp":48521904363823,"circlet_count":0,"master_deck":["AscendersBane","Strike_B","Strike_B","Strike_B","Defend_B+1","Defend_B","Defend_B+1","Defend_B","Zap+1","Dualcast","Conserve Battery+1","Cold Snap","Self Repair+1","Defragment+1","Echo Form","Defragment","Coolheaded","Blizzard","Static Discharge","Skim+1","Conserve Battery+1"],"relics":["Cracked Core","Bag of Marbles","Ice Cream","War Paint","Strawberry","Calipers","Runic Dome","Girya","Bottled Lightning"],"potions_floor_usage":[7,11,23],"damage_taken":[{"damage":7,"enemies":"Jaw Worm","floor":1,"turns":3},{"damage":0,"enemies":"2 Louse","floor":2,"turns":2},{"damage":0,"enemies":"Small Slimes","floor":3,"turns":3},{"damage":20,"enemies":"3 Sentries","floor":7,"turns":8},{"damage":7,"enemies":"2 Fungi Beasts","floor":10,"turns":3},{"damage":20,"enemies":"Exordium Thugs","floor":11,"turns":7},{"damage":9,"enemies":"Lagavulin","floor":13,"turns":7},{"damage":26,"enemies":"The Guardian","floor":16,"turns":15},{"damage":12,"enemies":"2 Thieves","floor":18,"turns":4},{"damage":23,"enemies":"3 Byrds","floor":19,"turns":5},{"damage":36,"enemies":"Book of Stabbing","floor":23,"turns":8},{"damage":7,"enemies":"Centurion and Healer","floor":25,"turns":9},{"damage":46,"enemies":"Slavers","floor":27,"turns":4}],"seed_played":"-1906438580430258823","potions_obtained":[{"floor":1,"key":"GamblersBrew"},{"floor":2,"key":"LiquidBronze"},{"floor":11,"key":"FocusPotion"},{"floor":13,"key":"Ancient Potion"}],"is_trial":false,"path_per_floor":["M","M","M","?","$","R","E","R","T","M","M","R","E","?","R","B",null,"M","M","?","?","$","E","R","M","T","E"],"character_chosen":"DEFECT","items_purchased":["Ice Cream","Blizzard","Static Discharge"],"campfire_rested":1,"item_purchase_floors":[5,22,22],"current_hp_per_floor":[61,61,61,61,61,61,48,48,55,58,48,48,49,42,42,26,68,66,53,37,37,37,11,37,40,40,0],"gold":65,"neow_bonus":"RANDOM_COMMON_RELIC","is_prod":false,"is_daily":false,"chose_seed":false,"campfire_upgraded":4,"win_rate":0,"timestamp":1557947392,"path_taken":["M","M","M","?","$","R","E","R","T","M","M","R","E","?","R","BOSS","M","M","?","?","$","E","R","?","T","E"],"build_version":"2019-01-23","purchased_purges":1,"victory":false,"max_hp_per_floor":[75,75,75,75,75,75,75,75,82,82,82,82,82,82,82,82,82,82,82,87,87,87,87,87,87,87,87],"card_choices":[{"not_picked":["Reprogram","Compile Driver"],"picked":"Conserve Battery","floor":1},{"not_picked":["Melter","Hologram"],"picked":"Cold Snap","floor":2},{"not_picked":["Aggregate","Cold Snap"],"picked":"Self Repair","floor":3},{"not_picked":["Compile Driver","Aggregate","Chaos"],"picked":"SKIP","floor":7},{"not_picked":["Reprogram","Leap","Beam Cell"],"picked":"SKIP","floor":10},{"not_picked":["Conserve Battery","Coolheaded"],"picked":"Defragment","floor":11},{"not_picked":["Hello World","Chaos","Recycle"],"picked":"SKIP","floor":13},{"not_picked":["Meteor Strike","Reboot"],"picked":"Echo Form","floor":16},{"not_picked":["Stack","Barrage"],"picked":"Defragment","floor":18},{"not_picked":["Ball Lightning","Melter"],"picked":"Coolheaded","floor":19},{"not_picked":["Force Field","Hologram"],"picked":"Skim+1","floor":23},{"not_picked":["Scrape","Rip and Tear"],"picked":"Conserve Battery+1","floor":25}],"player_experience":591156,"relics_obtained":[{"floor":7,"key":"War Paint"},{"floor":9,"key":"Strawberry"},{"floor":13,"key":"Calipers"},{"floor":23,"key":"Girya"},{"floor":26,"key":"Bottled Lightning"}],"event_choices":[{"damage_healed":0,"gold_gain":175,"player_choice":"AGREE","damage_taken":0,"max_hp_gain":0,"max_hp_loss":0,"event_name":"Liars Game","floor":4,"gold_loss":0,"cards_obtained":["Doubt"]},{"cards_removed":["Doubt"],"damage_healed":0,"gold_gain":0,"player_choice":"Card Removal","damage_taken":7,"max_hp_gain":0,"max_hp_loss":0,"event_name":"Golden Wing","floor":14,"gold_loss":0},{"damage_healed":0,"gold_gain":0,"player_choice":"Shed Blood","damage_taken":21,"max_hp_gain":5,"max_hp_loss":0,"event_name":"Forgotten Altar","floor":20,"gold_loss":0},{"damage_healed":0,"gold_gain":0,"player_choice":"Ignored","damage_taken":0,"max_hp_gain":0,"max_hp_loss":0,"event_name":"Cursed Tome","floor":21,"gold_loss":0}],"is_beta":false,"boss_relics":[{"not_picked":["Pandora\u0027s Box","White Beast Statue"],"picked":"Runic Dome"}],"items_purged_floors":[22],"is_endless":false,"potions_floor_spawned":[1,2,11,13,18],"killed_by":"Slavers","ascension_level":12}