{"gold_per_floor":[119,133,133,148,165,191,191,219,219,100,25,39,65,81,81,158,158,178,188,200,100,100,112,112,112,112,138,138,163,175,204,216,305,317,340,352,364,394,92,92,124,136,160,178,212,212,245,257,257,257,257,257,257,6,34,34],"floor_reached":57,"playtime":2916,"items_purged":["Strike_B","Defend_B","Darkness+1"],"score":3479,"play_id":"a6ecb1c8-f4a0-4a7c-a957-8a17dd6d51a9","local_time":"20190520030057","is_ascension_mode":true,"campfire_choices":[{"data":"Dualcast","floor":7,"key":"SMITH"},{"data":"Zap","floor":15,"key":"SMITH"},{"floor":24,"key":"RECALL"},{"floor":28,"key":"REST"},{"floor":30,"key":"REST"},{"floor":32,"key":"REST"},{"floor":40,"key":"REST"},{"floor":46,"key":"REST"},{"floor":49,"key":"REST"},{"floor":53,"key":"REST"}],"neow_cost":"","seed_source_timestamp":107996785042300,"circlet_count":0,"master_deck":["AscendersBane","Dualcast+1","Darkness+1","Multi-Cast+1","Conserve Battery+1","Loop+1","Redo+1","Genetic Algorithm+1","Biased Cognition+1","Self Repair+1","Turbo+1","BootSequence+1","Skim+1","Conserve Battery+1","Force Field+1","Buffer+1","Skim+1","Recycle+1","Undo+1","Fusion+1","Coolheaded+1","Reboot+1","Coolheaded+1"],"relics":["Cracked Core","Toxic Egg 2","Molten Egg 2","Frozen Egg 2","Vajra","FossilizedHelix","Astrolabe","War Paint","Blood Vial","MawBank","Empty Cage","Membership Card","Torii","Juzu Bracelet","Ancient Tea Set","PreservedInsect","Sundial","Thread and Needle"],"potions_floor_usage":[6,16,16,27,29,50,56,56],"damage_taken":[{"damage":2,"enemies":"Small Slimes","floor":1,"turns":3},{"damage":2,"enemies":"Cultist","floor":2,"turns":4},{"damage":2,"enemies":"2 Louse","floor":4,"turns":4},{"damage":7,"enemies":"Looter","floor":5,"turns":4},{"damage":25,"enemies":"3 Sentries","floor":6,"turns":6},{"damage":0,"enemies":"Lagavulin","floor":8,"turns":4},{"damage":0,"enemies":"2 Fungi Beasts","floor":12,"turns":3},{"damage":5,"enemies":"3 Sentries","floor":13,"turns":5},{"damage":2,"enemies":"Blue Slaver","floor":14,"turns":3},{"damage":0,"enemies":"Hexaghost","floor":16,"turns":6},{"damage":0,"enemies":"Chosen","floor":18,"turns":2},{"damage":16,"enemies":"Shell Parasite","floor":19,"turns":4},{"damage":0,"enemies":"Snake Plant","floor":20,"turns":3},{"damage":0,"enemies":"Sentry and Sphere","floor":23,"turns":3},{"damage":8,"enemies":"Slavers","floor":27,"turns":3},{"damage":0,"enemies":"Book of Stabbing","floor":29,"turns":3},{"damage":9,"enemies":"Centurion and Healer","floor":31,"turns":4},{"damage":0,"enemies":"Automaton","floor":33,"turns":5},{"damage":0,"enemies":"3 Darklings","floor":35,"turns":5},{"damage":0,"enemies":"3 Shapes","floor":38,"turns":3},{"damage":13,"enemies":"Reptomancer","floor":41,"turns":7},{"damage":0,"enemies":"Sphere and 2 Shapes","floor":42,"turns":3},{"damage":0,"enemies":"Maw","floor":44,"turns":4},{"damage":0,"enemies":"Giant Head","floor":45,"turns":5},{"damage":0,"enemies":"Nemesis","floor":47,"turns":5},{"damage":0,"enemies":"3 Darklings","floor":48,"turns":4},{"damage":1,"enemies":"Time Eater","floor":50,"turns":9},{"damage":0,"enemies":"Awakened One","floor":51,"turns":7},{"damage":0,"enemies":"Shield and Spear","floor":55,"turns":6},{"damage":15,"enemies":"The Heart","floor":56,"turns":10}],"seed_played":"7859522808848297533","potions_obtained":[{"floor":2,"key":"Swift Potion"},{"floor":4,"key":"Regen Potion"},{"floor":6,"key":"Dexterity Potion"},{"floor":19,"key":"EssenceOfSteel"},{"floor":23,"key":"GamblersBrew"},{"floor":31,"key":"Strength Potion"},{"floor":41,"key":"Weak Potion"}],"is_trial":true,"path_per_floor":["M","M","?","M","M","E","R","E","T","$","?","M","E","M","R","B",null,"M","M","M","$","?","M","R","?","T","E","R","E","R","M","R","B",null,"M","?","?","M","$","R","E","M","T","M","E","R","E","M","R","B","B",null,"R","$","E","B",null],"character_chosen":"DEFECT","items_purchased":["Loop+1","Membership Card","Recycle+1","Undo+1","Sundial","Coolheaded+1","Energy Potion"],"campfire_rested":7,"item_purchase_floors":[10,39,39,39,54,54,54],"current_hp_per_floor":[62,60,60,58,51,41,41,41,41,41,41,41,36,34,34,34,62,71,71,71,71,71,71,71,50,50,52,71,71,71,71,71,71,71,71,67,77,77,77,77,74,76,76,77,77,77,77,77,77,76,77,77,77,77,77,72],"gold":34,"neow_bonus":"","is_prod":false,"is_daily":false,"chose_seed":false,"campfire_upgraded":2,"win_rate":0,"timestamp":1558288857,"path_taken":["M","M","?","M","?","E","R","E","T","$","?","M","E","M","R","BOSS","M","M","M","$","?","M","R","?","T","E","R","E","R","M","R","BOSS","M","?","?","M","$","R","E","M","T","M","E","R","E","M","R","BOSS","BOSS","R","$","E","BOSS"],"build_version":"2019-01-23","purchased_purges":3,"victory":true,"max_hp_per_floor":[71,71,71,71,71,71,71,71,71,71,71,71,71,71,71,71,71,71,71,71,71,71,71,71,71,71,71,71,71,71,71,71,71,71,71,67,77,77,77,77,77,77,77,77,77,77,77,77,77,77,77,77,77,77,77,77],"card_choices":[{"not_picked":["Compile Driver+1","Reprogram+1"],"picked":"Darkness+1","floor":1},{"not_picked":["Doom and Gloom+1","Steam+1"],"picked":"Darkness+1","floor":2},{"not_picked":["Gash+1","Force Field+1","Stack+1"],"picked":"SKIP","floor":4},{"not_picked":["Rebound+1","Turbo+1","Consume+1"],"picked":"SKIP","floor":5},{"not_picked":["Steam+1","Storm+1"],"picked":"Multi-Cast+1","floor":6},{"not_picked":["Stack+1","Ball Lightning+1"],"picked":"Conserve Battery+1","floor":8},{"not_picked":["Leap+1","Thunder Strike+1"],"picked":"Redo+1","floor":12},{"not_picked":["Darkness+1","Barrage+1"],"picked":"Genetic Algorithm+1","floor":13},{"not_picked":["Sweeping Beam+1","Cold Snap+1","Darkness+1"],"picked":"SKIP","floor":14},{"not_picked":["Meteor Strike+1","Seek+1"],"picked":"Biased Cognition+1","floor":16},{"not_picked":["Tempest+1","Static Discharge+1"],"picked":"Turbo+1","floor":18},{"not_picked":["Chaos+1","Conserve Battery+1"],"picked":"BootSequence+1","floor":19},{"not_picked":["Self Repair+1","Sunder+1"],"picked":"Skim+1","floor":20},{"not_picked":["Streamline+1","Storm+1"],"picked":"Force Field+1","floor":23},{"not_picked":["Electrodynamics+1","Streamline+1","Compile Driver+1"],"picked":"SKIP","floor":27},{"not_picked":["Steam Power+1","Barrage+1","Steam+1"],"picked":"SKIP","floor":29},{"not_picked":["Compile Driver+1","White Noise+1","Go for the Eyes+1"],"picked":"SKIP","floor":31},{"not_picked":["Amplify+1","Rainbow+1"],"picked":"Buffer+1","floor":33},{"not_picked":["Streamline+1","Aggregate+1","Hello World+1"],"picked":"SKIP","floor":35},{"not_picked":["Redo+1","Sunder+1"],"picked":"Skim+1","floor":38},{"not_picked":["Genetic Algorithm+1","Darkness+1"],"picked":"Fusion+1","floor":41},{"not_picked":["Auto Shields+1","Conserve Battery+1","Steam+1"],"picked":"SKIP","floor":42},{"not_picked":["Doom and Gloom+1","Redo+1","Defragment+1"],"picked":"SKIP","floor":44},{"not_picked":["Rebound+1","Barrage+1"],"picked":"Coolheaded+1","floor":45},{"not_picked":["Stack+1","Blizzard+1"],"picked":"Reboot+1","floor":47},{"not_picked":["Tempest+1","BootSequence+1","Redo+1"],"picked":"SKIP","floor":48},{"not_picked":["Sweeping Beam+1","White Noise+1","Self Repair+1"],"picked":"SKIP","floor":55}],"player_experience":5085700,"relics_obtained":[{"floor":6,"key":"Vajra"},{"floor":8,"key":"FossilizedHelix"},{"floor":26,"key":"War Paint"},{"floor":27,"key":"Blood Vial"},{"floor":29,"key":"MawBank"},{"floor":41,"key":"Torii"},{"floor":43,"key":"Juzu Bracelet"},{"floor":45,"key":"Ancient Tea Set"},{"floor":47,"key":"PreservedInsect"},{"floor":55,"key":"Thread and Needle"}],"event_choices":[{"cards_removed":["Strike_B"],"damage_healed":0,"gold_gain":0,"player_choice":"Purged","damage_taken":0,"max_hp_gain":0,"max_hp_loss":0,"event_name":"Purifier","floor":3,"gold_loss":0},{"cards_removed":["Strike_B"],"damage_healed":0,"gold_gain":0,"player_choice":"Card Removal","damage_taken":0,"max_hp_gain":0,"max_hp_loss":0,"event_name":"The Cleric","floor":11,"gold_loss":75},{"damage_healed":0,"gold_gain":0,"cards_transformed":["Defend_B","Self Repair"],"player_choice":"Became Test Subject","damage_taken":0,"max_hp_gain":0,"max_hp_loss":0,"event_name":"Drug Dealer","floor":22,"gold_loss":0,"cards_obtained":["Sweeping Beam","Conserve Battery"]},{"damage_healed":0,"gold_gain":0,"player_choice":"Obtained Book","damage_taken":21,"max_hp_gain":0,"max_hp_loss":0,"event_name":"Cursed Tome","floor":25,"gold_loss":0},{"damage_healed":0,"gold_gain":0,"player_choice":"Max HP","damage_taken":0,"max_hp_gain":0,"max_hp_loss":4,"event_name":"Winding Halls","floor":36,"gold_loss":0},{"cards_removed":["Machine Learning"],"damage_healed":0,"gold_gain":0,"player_choice":"Offered Rare","damage_taken":0,"max_hp_gain":10,"max_hp_loss":0,"event_name":"Bonfire Elementals","floor":37,"gold_loss":0}],"is_beta":false,"boss_relics":[{"not_picked":["Inserter","Eternal Feather"],"picked":"Astrolabe"},{"not_picked":["White Beast Statue","Velvet Choker"],"picked":"Empty Cage"}],"items_purged_floors":[10,21,54],"is_endless":false,"potions_floor_spawned":[2,4,6,8,14,19,23,31,41,44,45,55],"ascension_level":20}