{"gold_per_floor":[113,129,143,155,174,174,174,174,198,198,198,230,230,241,241,314,314,326,326,175,187,197,197,264,274,274,305,305,321,321,331,331,331],"floor_reached":33,"playtime":2028,"items_purged":["Strike_G"],"score":474,"play_id":"cfdc5e19-54bb-4917-b27f-d83d1e299374","local_time":"20190210165804","is_ascension_mode":true,"campfire_choices":[{"data":"1","floor":6,"key":"LIFT"},{"data":"2","floor":8,"key":"LIFT"},{"floor":10,"key":"REST"},{"data":"3","floor":13,"key":"LIFT"},{"data":"Neutralize","floor":15,"key":"SMITH"},{"data":"Envenom","floor":23,"key":"SMITH"},{"floor":28,"key":"REST"},{"floor":30,"key":"REST"},{"floor":32,"key":"REST"}],"neow_cost":"TEN_PERCENT_HP_LOSS","seed_source_timestamp":2684781727955593,"circlet_count":0,"master_deck":["AscendersBane","Defend_G","Defend_G","Defend_G","Defend_G","Defend_G","Strike_G","Strike_G","Survivor","Neutralize+1","Escape Plan","Backflip","Cloak And Dagger","Blade Dance","Cloak And Dagger","Dash","Skewer","Envenom+1","Cloak And Dagger","Infinite Blades","Escape Plan+1","PiercingWail"],"relics":["Ring of the Snake","Girya","Bag of Marbles","Lantern","White Beast Statue","SsserpentHead","Orichalcum","Smiling Mask"],"potions_floor_usage":[14,16,16,18,18,21,22,25,27,27,31,31,33],"damage_taken":[{"damage":0,"enemies":"Jaw Worm","floor":1,"turns":4},{"damage":0,"enemies":"2 Louse","floor":2,"turns":5},{"damage":3,"enemies":"Cultist","floor":3,"turns":5},{"damage":11,"enemies":"Lots of Slimes","floor":4,"turns":8},{"damage":0,"enemies":"Looter","floor":5,"turns":3},{"damage":8,"enemies":"3 Sentries","floor":12,"turns":9},{"damage":0,"enemies":"2 Fungi Beasts","floor":14,"turns":3},{"damage":4,"enemies":"The Guardian","floor":16,"turns":12},{"damage":3,"enemies":"3 Byrds","floor":18,"turns":6},{"damage":0,"enemies":"Chosen","floor":21,"turns":4},{"damage":0,"enemies":"Centurion and Healer","floor":22,"turns":6},{"damage":13,"enemies":"3 Cultists","floor":24,"turns":6},{"damage":0,"enemies":"Cultist and Chosen","floor":25,"turns":7},{"damage":14,"enemies":"Gremlin Leader","floor":27,"turns":7},{"damage":10,"enemies":"Centurion and Healer","floor":29,"turns":6},{"damage":11,"enemies":"Shelled Parasite and Fungi","floor":31,"turns":6},{"damage":74,"enemies":"Collector","floor":33,"turns":6}],"seed_played":"-3180570837977644597","potions_obtained":[{"floor":1,"key":"EntropicBrew"},{"floor":2,"key":"Swift Potion"},{"floor":14,"key":"FearPotion"},{"floor":18,"key":"SteroidPotion"},{"floor":21,"key":"SteroidPotion"},{"floor":22,"key":"Energy Potion"},{"floor":24,"key":"Dexterity Potion"},{"floor":25,"key":"SkillPotion"},{"floor":27,"key":"LiquidBronze"},{"floor":29,"key":"Dexterity Potion"},{"floor":31,"key":"Poison Potion"}],"is_trial":false,"path_per_floor":["M","M","M","M","M","R","?","R","T","R","?","E","R","M","R","B",null,"M","?","$","M","M","R","M","M","T","E","R","M","R","M","R","B"],"character_chosen":"THE_SILENT","items_purchased":["Infinite Blades"],"campfire_rested":4,"item_purchase_floors":[20],"current_hp_per_floor":[59,59,56,45,45,45,38,38,38,56,56,48,48,48,48,44,56,53,53,53,53,53,53,40,40,40,26,44,34,52,41,59,0],"gold":331,"neow_bonus":"ONE_RARE_RELIC","is_prod":false,"is_daily":false,"chose_seed":false,"campfire_upgraded":2,"win_rate":0,"timestamp":1549785484,"path_taken":["M","M","M","M","M","R","?","R","T","R","?","E","R","M","R","BOSS","M","?","$","M","M","R","?","M","T","E","R","M","R","M","R","BOSS"],"build_version":"2019-01-23","purchased_purges":1,"victory":false,"max_hp_per_floor":[60,60,60,60,60,60,60,60,60,60,60,60,60,60,60,60,60,60,60,60,60,60,60,60,60,60,60,60,60,60,60,60,60],"card_choices":[{"not_picked":["Heel Hook","Noxious Fumes"],"picked":"Escape Plan","floor":1},{"not_picked":["Bane","Deflect"],"picked":"Backflip","floor":2},{"not_picked":["Prepared","Dagger Throw"],"picked":"Cloak And Dagger","floor":3},{"not_picked":["Leg Sweep","Flying Knee"],"picked":"Blade Dance","floor":4},{"not_picked":["Quick Slash","Bane"],"picked":"Cloak And Dagger","floor":5},{"not_picked":["Bullet Time","Acrobatics"],"picked":"Dash","floor":12},{"not_picked":["Outmaneuver","Predator"],"picked":"Skewer","floor":14},{"not_picked":["Venomology","Grand Finale"],"picked":"Envenom","floor":16},{"not_picked":["Underhanded Strike","Slice"],"picked":"Cloak And Dagger","floor":18},{"not_picked":["Deadly Poison","Slice","Dagger Throw"],"picked":"SKIP","floor":21},{"not_picked":["Deadly Poison","Grand Finale"],"picked":"Escape Plan+1","floor":22},{"not_picked":["Poisoned Stab","Dagger Spray","Quick Slash+1"],"picked":"SKIP","floor":24},{"not_picked":["Prepared","Dagger Throw"],"picked":"PiercingWail","floor":25},{"not_picked":["Outmaneuver","Dagger Throw","Grand Finale"],"picked":"SKIP","floor":27},{"not_picked":["Slice","Dodge and Roll","Dagger Throw"],"picked":"SKIP","floor":29},{"not_picked":["Choke","Quick Slash","Distraction"],"picked":"SKIP","floor":31}],"player_experience":600925,"relics_obtained":[{"floor":9,"key":"Bag of Marbles"},{"floor":12,"key":"Lantern"},{"floor":26,"key":"Orichalcum"},{"floor":27,"key":"Smiling Mask"}],"event_choices":[{"cards_removed":["Strike_G"],"damage_healed":0,"gold_gain":0,"player_choice":"Card Removal","damage_taken":7,"max_hp_gain":0,"max_hp_loss":0,"event_name":"Golden Wing","floor":7,"gold_loss":0},{"cards_removed":["Strike_G"],"damage_healed":0,"gold_gain":0,"player_choice":"Offered Basic","damage_taken":0,"max_hp_gain":0,"max_hp_loss":0,"event_name":"Bonfire Elementals","floor":11,"gold_loss":0},{"damage_healed":0,"gold_gain":0,"player_choice":"Trade","damage_taken":0,"relics_obtained":["SsserpentHead"],"max_hp_gain":0,"max_hp_loss":0,"event_name":"FaceTrader","floor":19,"gold_loss":0}],"is_beta":false,"boss_relics":[{"not_picked":["Ring of the Serpent","Lizard Tail"],"picked":"White Beast Statue"}],"items_purged_floors":[20],"is_endless":false,"potions_floor_spawned":[1,2,14,18,21,22,24,25,27,29,31],"killed_by":"Collector","ascension_level":15}