{"gold_per_floor":[113,132,132,144,160,190,190,217,217,247,247,11,11,22,22,118,118,134,146,164,178,195,195,195,195,265,294,313,313,345,361,361,464,464,475,475,10,110,123,153,153,153,179,179,25,25,41,41,41,41,41,41,12,46,46],"floor_reached":56,"playtime":2528,"items_purged":["Strike_B"],"score":1487,"play_id":"a1aeee73-f6b2-45af-95dd-b2dd3f765e8c","local_time":"20190303003544","daily_mods":["Diverse"],"is_ascension_mode":true,"campfire_choices":[{"floor":7,"key":"REST"},{"floor":11,"key":"REST"},{"data":"Creative AI","floor":15,"key":"SMITH"},{"floor":23,"key":"RECALL"},{"floor":25,"key":"REST"},{"floor":32,"key":"REST"},{"data":"Strike_B","floor":41,"key":"PURGE"},{"data":"Strike_B","floor":44,"key":"PURGE"},{"data":"Anger","floor":46,"key":"PURGE"},{"data":"Strike_B","floor":49,"key":"PURGE"},{"data":"Zap","floor":52,"key":"PURGE"}],"neow_cost":"","seed_source_timestamp":0,"circlet_count":0,"master_deck":["Creative AI+1","Dualcast","Defend_B","Defend_B","Defend_B","Tempest","Recycle","Clothesline","Battle Trance","Endless Agony","Dual Wield","Core Surge","PiercingWail","Hologram","Juggernaut+1","Footwork+1","Jack Of All Trades","Go for the Eyes+1","Dramatic Entrance+1","Madness+1","Meteor Strike+1","Machine Learning+1","Warcry+1","Feel No Pain+1","Well Laid Plans+1","Defragment+1","Violence","Metallicize+1","Acrobatics"],"relics":["Cracked Core","Dead Branch","Bottled Tornado","PrismaticShard","The Courier","Ice Cream","Incense Burner","Thread and Needle","Molten Egg 2","Frozen Egg 2","Fusion Hammer","Mummified Hand","Bag of Preparation","GremlinMask","Juzu Bracelet","Philosopher\u0027s Stone","Runic Capacitor","Anchor","Emotion Chip","Peace Pipe","OrangePellets","Nunchaku"],"potions_floor_usage":[8,16,27,33,54,55,55],"damage_taken":[{"damage":0,"enemies":"Small Slimes","floor":1,"turns":3},{"damage":1,"enemies":"Cultist","floor":2,"turns":4},{"damage":8,"enemies":"Jaw Worm","floor":4,"turns":2},{"damage":30,"enemies":"Exordium Thugs","floor":5,"turns":6},{"damage":29,"enemies":"Gremlin Nob","floor":6,"turns":5},{"damage":3,"enemies":"3 Sentries","floor":8,"turns":4},{"damage":16,"enemies":"Gremlin Nob","floor":10,"turns":3},{"damage":2,"enemies":"Looter","floor":14,"turns":2},{"damage":0,"enemies":"The Guardian","floor":16,"turns":10},{"damage":0,"enemies":"3 Byrds","floor":18,"turns":2},{"damage":0,"enemies":"Chosen","floor":19,"turns":4},{"damage":13,"enemies":"Snake Plant","floor":20,"turns":5},{"damage":2,"enemies":"Snecko","floor":21,"turns":3},{"damage":0,"enemies":"Chosen and Byrds","floor":22,"turns":5},{"damage":14,"enemies":"Slavers","floor":27,"turns":3},{"damage":0,"enemies":"3 Cultists","floor":28,"turns":3},{"damage":0,"enemies":"Gremlin Leader","floor":30,"turns":4},{"damage":0,"enemies":"Centurion and Healer","floor":31,"turns":5},{"damage":16,"enemies":"Collector","floor":33,"turns":7},{"damage":13,"enemies":"3 Darklings","floor":35,"turns":2},{"damage":0,"enemies":"Mind Bloom Boss Battle","floor":38,"turns":3},{"damage":0,"enemies":"Orb Walker","floor":39,"turns":2},{"damage":0,"enemies":"Giant Head","floor":40,"turns":6},{"damage":0,"enemies":"Maw","floor":47,"turns":3},{"damage":28,"enemies":"Awakened One","floor":50,"turns":8},{"damage":37,"enemies":"Shield and Spear","floor":54,"turns":3},{"damage":34,"enemies":"The Heart","floor":55,"turns":6}],"seed_played":"7503171468143773299","potions_obtained":[{"floor":4,"key":"Fire Potion"},{"floor":10,"key":"SpeedPotion"},{"floor":14,"key":"Fire Potion"},{"floor":19,"key":"AttackPotion"},{"floor":20,"key":"FocusPotion"},{"floor":30,"key":"FearPotion"},{"floor":33,"key":"LiquidBronze"},{"floor":35,"key":"Strength Potion"}],"is_trial":true,"path_per_floor":["M","M","?","M","M","E","R","E","T","E","R","$","T","M","R","B",null,"M","M","M","M","M","R","?","R","T","E","M","?","E","M","R","B",null,"M","?","$","?","M","E","R","?","T","R","$","R","M","?","R","B",null,"R","$","E","B",null],"character_chosen":"DEFECT","items_purchased":["Molten Egg 2","PiercingWail","Runic Capacitor","Feel No Pain+1","Anchor","Well Laid Plans+1","OrangePellets","Metallicize+1"],"campfire_rested":4,"item_purchase_floors":[12,12,37,37,37,37,45,53],"current_hp_per_floor":[75,74,74,66,36,7,29,26,26,10,32,32,32,30,30,30,75,75,75,62,60,60,60,46,70,70,56,56,56,56,56,80,64,80,67,67,67,67,67,67,67,67,67,67,67,67,67,67,67,39,76,76,76,39,5],"gold":46,"neow_bonus":"","is_prod":false,"is_daily":false,"chose_seed":false,"campfire_upgraded":1,"win_rate":0,"timestamp":1551540944,"path_taken":["M","M","?","M","?","E","R","E","T","E","R","$","?","M","R","BOSS","M","M","M","M","M","R","?","R","T","E","M","?","E","M","R","BOSS","M","?","$","?","M","E","R","?","T","R","?","R","M","?","R","BOSS","R","$","E","BOSS"],"build_version":"2019-01-23","purchased_purges":1,"victory":true,"max_hp_per_floor":[75,75,75,75,75,75,75,75,75,75,75,75,75,75,75,75,75,75,75,75,75,75,75,80,80,80,80,80,80,80,80,80,80,80,80,80,80,80,80,80,80,76,76,76,76,76,76,76,76,76,76,76,76,76,76],"card_choices":[{"not_picked":["Sweeping Beam","Sucker Punch"],"picked":"Tempest","floor":1},{"not_picked":["Deflect","Coolheaded"],"picked":"Recycle","floor":2},{"not_picked":["Sentinel","Inflame"],"picked":"Battle Trance","floor":4},{"not_picked":["Twin Strike","Rebound"],"picked":"Anger","floor":5},{"not_picked":["Warcry","Sadistic Nature"],"picked":"Endless Agony","floor":6},{"not_picked":["Flex","Wild Strike"],"picked":"Dual Wield","floor":8},{"not_picked":["Outmaneuver","Clothesline"],"picked":"Core Surge","floor":10},{"not_picked":["Flex","Prepared"],"picked":"Hologram","floor":14},{"not_picked":["Violence","Magnetism+1"],"picked":"Juggernaut+1","floor":16},{"not_picked":["Panacea","Chill"],"picked":"Footwork+1","floor":18},{"not_picked":["Ball Lightning+1","Acrobatics"],"picked":"Jack Of All Trades","floor":19},{"not_picked":["Whirlwind+1","Underhanded Strike+1","Enlightenment+1"],"picked":"SKIP","floor":20},{"not_picked":["Demon Form+1","Stack"],"picked":"Go for the Eyes+1","floor":21},{"not_picked":["Reinforced Body","Rebound+1"],"picked":"Dramatic Entrance+1","floor":22},{"not_picked":["Pummel+1","Bane+1"],"picked":"Madness+1","floor":27},{"not_picked":["Consume","Twin Strike+1"],"picked":"Meteor Strike+1","floor":28},{"not_picked":["Clothesline+1","Anger+1","Shrug It Off"],"picked":"SKIP","floor":30},{"not_picked":["Barrage+1","Heel Hook+1","Entrench"],"picked":"SKIP","floor":31},{"not_picked":["Unload+1","Berserk+1"],"picked":"Machine Learning+1","floor":33},{"not_picked":["Leap","Beam Cell+1"],"picked":"Warcry+1","floor":35},{"not_picked":["Beam Cell+1","Clothesline+1"],"picked":"Defragment+1","floor":38},{"not_picked":["Inflame+1","Eviscerate+1","Wild Strike+1"],"picked":"SKIP","floor":39},{"not_picked":["Shrug It Off","Spot Weakness"],"picked":"Violence","floor":40},{"not_picked":["Headbutt+1","Madness","Catalyst"],"picked":"SKIP","floor":47},{"not_picked":["Pommel Strike+1","Ball Lightning+1"],"picked":"Acrobatics","floor":54}],"player_experience":4449379,"relics_obtained":[{"floor":6,"key":"The Courier"},{"floor":8,"key":"Ice Cream"},{"floor":9,"key":"Incense Burner"},{"floor":10,"key":"Thread and Needle"},{"floor":13,"key":"Frozen Egg 2"},{"floor":26,"key":"Mummified Hand"},{"floor":27,"key":"Bag of Preparation"},{"floor":30,"key":"Juzu Bracelet"},{"floor":38,"key":"Emotion Chip"},{"floor":40,"key":"Peace Pipe"},{"floor":54,"key":"Nunchaku"}],"event_choices":[{"damage_healed":0,"gold_gain":0,"player_choice":"1 cards matched","damage_taken":0,"max_hp_gain":0,"max_hp_loss":0,"event_name":"Match and Keep!","floor":3,"gold_loss":0,"cards_obtained":["Clothesline"]},{"damage_healed":0,"gold_gain":0,"player_choice":"Shed Blood","damage_taken":19,"max_hp_gain":5,"max_hp_loss":0,"event_name":"Forgotten Altar","floor":24,"gold_loss":0},{"damage_healed":0,"gold_gain":0,"player_choice":"Trade","damage_taken":0,"relics_obtained":["GremlinMask"],"max_hp_gain":0,"max_hp_loss":0,"event_name":"FaceTrader","floor":29,"gold_loss":0},{"damage_healed":0,"gold_gain":0,"player_choice":"Ignored","damage_taken":0,"max_hp_gain":0,"max_hp_loss":0,"event_name":"Tomb of Lord Red Mask","floor":36,"gold_loss":0},{"damage_healed":0,"gold_gain":0,"player_choice":"Fight","damage_taken":0,"max_hp_gain":0,"max_hp_loss":0,"event_name":"MindBloom","floor":38,"gold_loss":0},{"damage_healed":0,"gold_gain":0,"player_choice":"Max HP","damage_taken":0,"max_hp_gain":0,"max_hp_loss":4,"event_name":"Winding Halls","floor":42,"gold_loss":0},{"cards_removed":["Defend_B"],"damage_healed":0,"gold_gain":0,"player_choice":"Removed Skill","damage_taken":0,"max_hp_gain":0,"max_hp_loss":0,"event_name":"Falling","floor":48,"gold_loss":0}],"is_beta":false,"boss_relics":[{"not_picked":["Inserter","Sozu"],"picked":"Fusion Hammer"},{"not_picked":["Eternal Feather","Cursed Key"],"picked":"Philosopher\u0027s Stone"}],"items_purged_floors":[37],"is_endless":false,"potions_floor_spawned":[4,10,14,19,20,22,30,33,35,39,40],"ascension_level":1}