{"gold_per_floor":[118,136,236,251,263,296,321,321,321,321,151,168,13,25,25,121,121,139,239,249,170,184,184,184,184,211,211,227,242,115,143,143,143],"floor_reached":33,"playtime":1915,"items_purged":[],"score":247,"play_id":"9c9838dc-09f8-47ea-a11a-05baf5b8ebe3","local_time":"20190218175106","is_ascension_mode":false,"campfire_choices":[{"floor":8,"key":"REST"},{"floor":15,"key":"REST"},{"floor":23,"key":"REST"},{"data":"Bouncing Flask","floor":25,"key":"SMITH"},{"data":"Venomology","floor":27,"key":"SMITH"},{"floor":32,"key":"REST"}],"neow_cost":"NONE","seed_source_timestamp":81432968208405,"circlet_count":0,"master_deck":["Defend_G+1","Defend_G+1","Defend_G+1","Defend_G+1","Defend_G+1","Strike_G+1","Strike_G+1","Strike_G+1","Strike_G+1","Strike_G+1","Survivor","Neutralize","Deadly Poison","Slice","Venomology+1","Swift Strike","Poisoned Stab","Bane","Corpse Explosion","Bane","Bouncing Flask+1","Crippling Poison","Distraction","Slice","Poisoned Stab","Bouncing Flask","Noxious Fumes","Deadly Poison","Caltrops"],"relics":["Ring of the Snake","NeowsBlessing","Meat on the Bone","Odd Mushroom","Ornamental Fan","Vajra","Snake Skull","Orrery","Red Mask"],"potions_floor_usage":[6,6,14,16,16,16,20,22,28,33,33],"damage_taken":[{"damage":0,"enemies":"Small Slimes","floor":1,"turns":1},{"damage":0,"enemies":"Cultist","floor":2,"turns":1},{"damage":0,"enemies":"2 Louse","floor":4,"turns":1},{"damage":2,"enemies":"Blue Slaver","floor":5,"turns":4},{"damage":11,"enemies":"3 Sentries","floor":6,"turns":14},{"damage":10,"enemies":"The Mushroom Lair","floor":7,"turns":8},{"damage":0,"enemies":"3 Louse","floor":12,"turns":2},{"damage":11,"enemies":"Exordium Thugs","floor":14,"turns":4},{"damage":2,"enemies":"Hexaghost","floor":16,"turns":7},{"damage":10,"enemies":"3 Byrds","floor":18,"turns":4},{"damage":4,"enemies":"2 Thieves","floor":20,"turns":3},{"damage":12,"enemies":"3 Cultists","floor":22,"turns":3},{"damage":5,"enemies":"Chosen and Byrds","floor":28,"turns":6},{"damage":0,"enemies":"Sentry and Sphere","floor":29,"turns":2},{"damage":2,"enemies":"Masked Bandits","floor":31,"turns":2},{"damage":93,"enemies":"Collector","floor":33,"turns":7}],"seed_played":"815277242856368947","potions_obtained":[{"floor":2,"key":"FearPotion"},{"floor":5,"key":"Fire Potion"},{"floor":7,"key":"Poison Potion"},{"floor":12,"key":"Energy Potion"},{"floor":20,"key":"Ancient Potion"},{"floor":22,"key":"Swift Potion"}],"is_trial":false,"path_per_floor":["M","M","?","M","M","E","?","R","T","?","$","M","$","M","R","B",null,"M","?","M","$","M","R","?","R","T","R","M","M","$","?","R","B"],"character_chosen":"THE_SILENT","items_purchased":["Venomology","Swift Strike","Snake Skull","Distraction","Slice","Noxious Fumes","Deadly Poison"],"campfire_rested":4,"item_purchase_floors":[11,11,13,21,21,30,30],"current_hp_per_floor":[70,70,70,70,68,57,47,68,68,65,65,65,65,54,70,68,70,60,60,56,56,44,65,65,65,65,65,60,60,60,58,70,0],"gold":143,"neow_bonus":"THREE_ENEMY_KILL","is_prod":false,"is_daily":false,"chose_seed":false,"campfire_upgraded":2,"win_rate":0,"timestamp":1550505066,"path_taken":["M","M","?","?","M","E","?","R","T","?","?","M","$","M","R","BOSS","M","?","M","$","?","R","?","R","T","R","M","M","$","?","R","BOSS"],"build_version":"2019-01-23","purchased_purges":0,"victory":false,"max_hp_per_floor":[70,70,70,70,70,70,70,70,70,70,70,70,70,70,70,70,70,70,70,70,70,70,70,70,70,70,70,70,70,70,70,70,70],"card_choices":[{"not_picked":["Underhanded Strike","Deflect"],"picked":"Deadly Poison","floor":1},{"not_picked":["Dash","Cloak And Dagger","Sucker Punch"],"picked":"SKIP","floor":2},{"not_picked":["Bullet Time","Blade Dance","Underhanded Strike"],"picked":"SKIP","floor":4},{"not_picked":["Expertise","Deflect"],"picked":"Slice","floor":5},{"not_picked":["Sucker Punch","Flying Knee","Blur"],"picked":"SKIP","floor":6},{"not_picked":["Dagger Spray","Bullet Time"],"picked":"Poisoned Stab","floor":12},{"not_picked":["Well Laid Plans","Concentrate"],"picked":"Bane","floor":14},{"not_picked":["Malaise","Wraith Form v2"],"picked":"Corpse Explosion","floor":16},{"not_picked":["Dagger Spray","Underhanded Strike"],"picked":"Bane","floor":17},{"not_picked":["Night Terror","Deadly Poison"],"picked":"Bouncing Flask","floor":17},{"not_picked":["Dodge and Roll","Predator","Riddle With Holes"],"picked":"SKIP","floor":18},{"not_picked":["Deflect","Flechettes"],"picked":"Crippling Poison","floor":20},{"not_picked":["Concentrate","Quick Slash+1","Eviscerate"],"picked":"SKIP","floor":22},{"not_picked":["Deflect","Footwork"],"picked":"Poisoned Stab","floor":28},{"not_picked":["Quick Slash","Footwork"],"picked":"Bouncing Flask","floor":29},{"not_picked":["Cloak And Dagger","Dodge and Roll"],"picked":"Caltrops","floor":31}],"player_experience":966844,"relics_obtained":[{"floor":6,"key":"Meat on the Bone"},{"floor":7,"key":"Odd Mushroom"},{"floor":9,"key":"Ornamental Fan"},{"floor":31,"key":"Red Mask"}],"event_choices":[{"damage_healed":0,"gold_gain":100,"player_choice":"Pray","damage_taken":0,"max_hp_gain":0,"max_hp_loss":0,"event_name":"Golden Shrine","floor":3,"gold_loss":0},{"damage_healed":0,"gold_gain":0,"player_choice":"Fought Mushrooms","damage_taken":0,"max_hp_gain":0,"max_hp_loss":0,"event_name":"Mushrooms","floor":7,"gold_loss":0},{"damage_healed":0,"gold_gain":0,"player_choice":"Success","damage_taken":3,"relics_obtained":["Vajra"],"max_hp_gain":0,"max_hp_loss":0,"event_name":"Scrap Ooze","floor":10,"gold_loss":0},{"damage_healed":0,"gold_gain":100,"player_choice":"Pray","damage_taken":0,"max_hp_gain":0,"max_hp_loss":0,"event_name":"Golden Shrine","floor":19,"gold_loss":0},{"damage_healed":0,"gold_gain":0,"player_choice":"Simplicity","damage_taken":0,"max_hp_gain":0,"max_hp_loss":0,"event_name":"Back to Basics","floor":24,"gold_loss":0,"cards_upgraded":["Defend_G","Defend_G","Defend_G","Defend_G","Defend_G","Strike_G","Strike_G","Strike_G","Strike_G","Strike_G"]},{"damage_healed":0,"gold_gain":0,"player_choice":"Fought Bandits","damage_taken":0,"max_hp_gain":0,"max_hp_loss":0,"event_name":"Masked Bandits","floor":31,"gold_loss":0}],"is_beta":false,"boss_relics":[{"not_picked":["Busted Crown","Tiny House"],"picked":"Orrery"}],"items_purged_floors":[],"is_endless":false,"potions_floor_spawned":[2,5,7,12,20,22],"killed_by":"Collector","ascension_level":0}