{"gold_per_floor":[119,130,140,154,6,6,20,20,20,50,50,70,70,105,105,182,182,157,177,177,177,177],"floor_reached":22,"playtime":1032,"items_purged":[],"score":363,"play_id":"98858674-02f3-4606-873b-529d695ac666","local_time":"20190531203510","is_ascension_mode":true,"campfire_choices":[{"data":"Dagger Spray","floor":6,"key":"SMITH"},{"floor":13,"key":"REST"},{"data":"Footwork","floor":15,"key":"SMITH"}],"neow_cost":"NONE","seed_source_timestamp":434773082064880,"circlet_count":0,"master_deck":["AscendersBane","Defend_G","Defend_G","Defend_G","Defend_G","Defend_G","Strike_G+1","Strike_G+1","Survivor","Neutralize+1","Deadly Poison","Backflip","Flying Knee","Footwork+1","Bouncing Flask","Dagger Spray+1","Deflect","Footwork","Crippling Poison","Die Die Die","Malaise+1","Infinite Blades+1","Slice+1","PiercingWail"],"relics":["Ring of the Snake","Ancient Tea Set","Whetstone","Shuriken","Dream Catcher","Astrolabe"],"potions_floor_usage":[12,22],"damage_taken":[{"damage":4,"enemies":"Small Slimes","floor":1,"turns":4},{"damage":0,"enemies":"Jaw Worm","floor":2,"turns":5},{"damage":0,"enemies":"2 Louse","floor":3,"turns":3},{"damage":21,"enemies":"Exordium Thugs","floor":4,"turns":6},{"damage":2,"enemies":"Blue Slaver","floor":7,"turns":4},{"damage":17,"enemies":"Lagavulin","floor":10,"turns":7},{"damage":10,"enemies":"Exordium Wildlife","floor":12,"turns":5},{"damage":10,"enemies":"Gremlin Nob","floor":14,"turns":4},{"damage":11,"enemies":"Hexaghost","floor":16,"turns":11},{"damage":16,"enemies":"2 Thieves","floor":18,"turns":4},{"damage":9,"enemies":"Chosen","floor":19,"turns":7},{"damage":8,"enemies":"3 Cultists","floor":22,"turns":2}],"seed_played":"634522455700957602","potions_obtained":[{"floor":4,"key":"Ancient Potion"},{"floor":10,"key":"Poison Potion"},{"floor":16,"key":"GamblersBrew"}],"is_trial":false,"path_per_floor":["M","M","M","M","$","R","M","?","T","E","?","M","R","E","R","B",null,"M","M","$","?","M"],"character_chosen":"THE_SILENT","items_purchased":["Bouncing Flask","Dagger Spray"],"campfire_rested":1,"item_purchase_floors":[5,5],"current_hp_per_floor":[55,55,55,34,34,34,32,54,54,37,19,9,28,18,18,7,51,35,26,26,8,0],"gold":177,"neow_bonus":"UPGRADE_CARD","is_prod":false,"is_daily":false,"chose_seed":false,"campfire_upgraded":2,"win_rate":0,"timestamp":1559327710,"path_taken":["M","M","M","M","$","R","M","?","T","E","?","M","R","E","R","BOSS","M","M","$","?","M"],"build_version":"2019-01-23","purchased_purges":0,"victory":false,"max_hp_per_floor":[66,66,66,66,66,66,66,66,66,66,66,66,66,66,66,66,66,66,66,66,71,71],"card_choices":[{"not_picked":["Acrobatics","Flying Knee"],"picked":"Deadly Poison","floor":1},{"not_picked":["Dodge and Roll","Terror"],"picked":"Backflip","floor":2},{"not_picked":["Sucker Punch","Blade Dance"],"picked":"Flying Knee","floor":3},{"not_picked":["Poisoned Stab","Backflip"],"picked":"Footwork","floor":4},{"not_picked":["Slice","Adrenaline"],"picked":"Deflect","floor":7},{"not_picked":["Distraction","Bane","Concentrate"],"picked":"SKIP","floor":10},{"not_picked":["Leg Sweep","Expertise"],"picked":"Footwork","floor":12},{"not_picked":["Bouncing Flask","Backstab"],"picked":"Crippling Poison","floor":14},{"not_picked":["Tools of the Trade","Storm of Steel"],"picked":"Die Die Die","floor":16},{"not_picked":["Deflect","Deadly Poison"],"picked":"PiercingWail","floor":18},{"not_picked":["Expertise","Backstab","Quick Slash"],"picked":"SKIP","floor":19}],"player_experience":645850,"relics_obtained":[{"floor":9,"key":"Ancient Tea Set"},{"floor":10,"key":"Whetstone"},{"floor":14,"key":"Dream Catcher"}],"event_choices":[{"damage_healed":22,"gold_gain":0,"player_choice":"Banana","damage_taken":0,"max_hp_gain":0,"max_hp_loss":0,"event_name":"Big Fish","floor":8,"gold_loss":0},{"damage_healed":0,"gold_gain":0,"player_choice":"Success","damage_taken":18,"relics_obtained":["Shuriken"],"max_hp_gain":0,"max_hp_loss":0,"event_name":"Scrap Ooze","floor":11,"gold_loss":0},{"damage_healed":0,"gold_gain":0,"player_choice":"Shed Blood","damage_taken":23,"max_hp_gain":5,"max_hp_loss":0,"event_name":"Forgotten Altar","floor":21,"gold_loss":0}],"is_beta":false,"boss_relics":[{"not_picked":["Coffee Dripper","Eternal Feather"],"picked":"Astrolabe"}],"items_purged_floors":[],"is_endless":false,"potions_floor_spawned":[4,10,16],"killed_by":"3 Cultists","ascension_level":17}