{"gold_per_floor":[13,32,42,42,56,56,95,95,174,208,208,233,233,248,248,341,341,365,26,42,57,77,77,77,93,167,167],"floor_reached":27,"playtime":1428,"items_purged":[],"score":420,"play_id":"0a2e55f4-2edd-44ab-ab29-a560d34135bc","local_time":"20190401180019","is_ascension_mode":true,"campfire_choices":[{"data":"Thunderclap","floor":6,"key":"SMITH"},{"data":"Strike_R","floor":8,"key":"PURGE"},{"floor":13,"key":"REST"},{"data":"Limit Break","floor":15,"key":"SMITH"},{"data":"Entrench","floor":23,"key":"SMITH"}],"neow_cost":"NO_GOLD","seed_source_timestamp":2826133048857698,"circlet_count":0,"master_deck":["AscendersBane","Bash","Thunderclap+1","Flame Barrier","Cleave","Iron Wave","Limit Break+1","Inflame","Ghostly Armor","Disarm","Immolate","Bludgeon","Havoc","Brutality","Entrench+1","Clash","Battle Trance","Shrug It Off","Sword Boomerang+1","Shrug It Off","Rupture"],"relics":["Burning Blood","Golden Idol","Peace Pipe","Blue Candle","Bag of Marbles","Pandora\u0027s Box","Calipers"],"potions_floor_usage":[7,10,25,27,27],"damage_taken":[{"damage":2,"enemies":"2 Louse","floor":1,"turns":3},{"damage":11,"enemies":"Small Slimes","floor":2,"turns":4},{"damage":7,"enemies":"Jaw Worm","floor":3,"turns":6},{"damage":25,"enemies":"Large Slime","floor":5,"turns":7},{"damage":25,"enemies":"3 Sentries","floor":7,"turns":7},{"damage":37,"enemies":"Gremlin Nob","floor":10,"turns":6},{"damage":7,"enemies":"Looter","floor":12,"turns":4},{"damage":6,"enemies":"Blue Slaver","floor":14,"turns":4},{"damage":19,"enemies":"Hexaghost","floor":16,"turns":11},{"damage":22,"enemies":"Shell Parasite","floor":18,"turns":6},{"damage":2,"enemies":"3 Byrds","floor":20,"turns":4},{"damage":15,"enemies":"3 Cultists","floor":21,"turns":3},{"damage":26,"enemies":"Snake Plant","floor":22,"turns":4},{"damage":26,"enemies":"Shelled Parasite and Fungi","floor":25,"turns":8},{"damage":17,"enemies":"Cultist and Chosen","floor":27,"turns":4}],"seed_played":"8012436577347966212","potions_obtained":[{"floor":2,"key":"Energy Potion"},{"floor":7,"key":"Dexterity Potion"},{"floor":10,"key":"Energy Potion"},{"floor":12,"key":"AttackPotion"},{"floor":22,"key":"BloodPotion"},{"floor":25,"key":"SkillPotion"}],"is_trial":false,"path_per_floor":["M","M","M","?","M","R","E","R","T","E","?","M","R","M","R","B",null,"M","$","M","M","M","R","?","M","T","M"],"character_chosen":"IRONCLAD","items_purchased":["Calipers"],"campfire_rested":1,"item_purchase_floors":[19],"current_hp_per_floor":[86,81,80,80,61,61,42,42,42,11,11,10,34,34,34,21,66,50,50,54,45,25,25,25,13,13,0],"gold":167,"neow_bonus":"TWENTY_PERCENT_HP_BONUS","is_prod":false,"is_daily":false,"chose_seed":false,"campfire_upgraded":3,"win_rate":0,"timestamp":1554109219,"path_taken":["M","M","M","?","M","R","E","R","T","E","?","M","R","M","R","BOSS","M","$","M","M","M","R","?","M","T","M"],"build_version":"2019-03-15","purchased_purges":0,"victory":false,"max_hp_per_floor":[89,89,89,81,81,81,81,81,81,81,81,81,81,81,81,81,81,81,81,81,81,81,81,81,81,81,81],"card_choices":[{"not_picked":["Warcry","Heavy Blade"],"picked":"Thunderclap","floor":1},{"not_picked":["Heavy Blade","Metallicize"],"picked":"Flame Barrier","floor":2},{"not_picked":["Fire Breathing","Pommel Strike"],"picked":"Cleave","floor":3},{"not_picked":["Cleave","Dual Wield"],"picked":"Iron Wave","floor":5},{"not_picked":["Reckless Charge","Twin Strike"],"picked":"Limit Break","floor":7},{"not_picked":["Sword Boomerang","Clash"],"picked":"Inflame","floor":10},{"not_picked":["Havoc","Flex"],"picked":"Ghostly Armor","floor":12},{"not_picked":["Headbutt","Warcry"],"picked":"Disarm","floor":14},{"not_picked":["Dark Embrace","Berserk"],"picked":"Immolate","floor":16},{"not_picked":["True Grit","Perfected Strike"],"picked":"Sword Boomerang+1","floor":18},{"not_picked":["Sword Boomerang","Clothesline","Anger"],"picked":"SKIP","floor":20},{"not_picked":["Sword Boomerang","Clothesline","Anger"],"picked":"SKIP","floor":20},{"not_picked":["Combust+1","Wild Strike"],"picked":"Shrug It Off","floor":21},{"not_picked":["Sword Boomerang","Reckless Charge","Thunderclap"],"picked":"SKIP","floor":22},{"not_picked":["Sentinel","Clash"],"picked":"Rupture","floor":25}],"player_experience":2796187,"relics_obtained":[{"floor":7,"key":"Peace Pipe"},{"floor":9,"key":"Blue Candle"},{"floor":10,"key":"Bag of Marbles"}],"event_choices":[{"damage_healed":0,"gold_gain":0,"player_choice":"Lose Max HP","damage_taken":0,"relics_obtained":["Golden Idol"],"max_hp_gain":0,"max_hp_loss":8,"event_name":"Golden Idol","floor":4,"gold_loss":0},{"damage_healed":0,"gold_gain":0,"player_choice":"Ignored","damage_taken":0,"max_hp_gain":0,"max_hp_loss":0,"event_name":"Shining Light","floor":11,"gold_loss":0},{"cards_removed":["Searing Blow"],"damage_healed":0,"gold_gain":0,"player_choice":"Elegance","damage_taken":0,"max_hp_gain":0,"max_hp_loss":0,"event_name":"Back to Basics","floor":24,"gold_loss":0}],"is_beta":true,"boss_relics":[{"not_picked":["Fusion Hammer","Lizard Tail"],"picked":"Pandora\u0027s Box"}],"items_purged_floors":[],"is_endless":false,"potions_floor_spawned":[2,7,10,12,14,18,22,25],"killed_by":"Cultist and Chosen","ascension_level":17}