{"gold_per_floor":[114,39,39,39,52,77,77,88,134,134,134,164,179,208,208,282,282,292,292,292,308,328,328,328],"floor_reached":24,"playtime":797,"items_purged":[],"score":442,"play_id":"d7f879cc-8ece-483f-90f5-6580c8d00593","local_time":"20190602172101","is_ascension_mode":true,"campfire_choices":[{"data":"White Noise","floor":7.0,"key":"SMITH"},{"data":"Dualcast","floor":10.0,"key":"SMITH"},{"floor":15.0,"key":"REST"},{"data":"Zap","floor":23,"key":"SMITH"}],"neow_cost":"NONE","seed_source_timestamp":68137502581148,"circlet_count":0,"master_deck":["AscendersBane","Strike_B+1","Strike_B+1","Defend_B","Defend_B","Zap","Dualcast+1","Coolheaded","Heatsinks","Core Surge","Zap","White Noise+1","Cold Snap","Gash+1","Self Repair+1","Streamline+1","All For One+1","Sunder+1","Sunder+1","Core Surge+1","Echo Form+1","Cold Snap+1","Zap+1"],"special_seed":0,"relics":["Cracked Core","NeowsBlessing","Mummified Hand","Whetstone","Boot","Molten Egg 2","Frozen Egg 2","Omamori","Astrolabe"],"potions_floor_usage":[24,24],"damage_taken":[{"damage":0.0,"enemies":"Jaw Worm","floor":1.0,"turns":1.0},{"damage":0.0,"enemies":"2 Louse","floor":5.0,"turns":1.0},{"damage":0.0,"enemies":"Lagavulin","floor":6.0,"turns":1.0},{"damage":0.0,"enemies":"Cultist","floor":8.0,"turns":3.0},{"damage":10.0,"enemies":"Gremlin Nob","floor":12.0,"turns":4.0},{"damage":24.0,"enemies":"Gremlin Gang","floor":13.0,"turns":4.0},{"damage":7.0,"enemies":"3 Sentries","floor":14.0,"turns":8.0},{"damage":30.0,"enemies":"Hexaghost","floor":16.0,"turns":8.0},{"damage":33.0,"enemies":"2 Thieves","floor":18.0,"turns":3.0},{"damage":26,"enemies":"3 Byrds","floor":21,"turns":4},{"damage":7,"enemies":"Centurion and Healer","floor":22,"turns":4},{"damage":46,"enemies":"Book of Stabbing","floor":24,"turns":3}],"seed_played":"-405857962776643423","potions_obtained":[{"floor":1.0,"key":"SteroidPotion"},{"floor":8.0,"key":"Energy Potion"},{"floor":14.0,"key":"FearPotion"},{"floor":22,"key":"SkillPotion"}],"is_trial":false,"path_per_floor":["M","?","T","?","M","E","R","M","T","R","T","E","M","E","R","B",null,"M","?","?","M","M","R","E"],"character_chosen":"DEFECT","items_purchased":[],"campfire_rested":1,"item_purchase_floors":[],"current_hp_per_floor":[64,64,64,64,64,64,64,64,64,64,64,54,30,33,54,34,62,39,39,39,33,46,46,0],"gold":328,"neow_bonus":"THREE_ENEMY_KILL","is_prod":false,"is_daily":false,"chose_seed":false,"campfire_upgraded":3,"win_rate":0,"timestamp":1559467261,"path_taken":["M","?","?","?","?","E","R","?","T","R","?","E","M","E","R","BOSS","M","?","?","?","M","R","E"],"build_version":"2019-01-23","purchased_purges":0,"victory":false,"max_hp_per_floor":[71,71,71,71,71,71,71,71,71,71,71,71,71,71,71,71,71,71,71,71,71,71,71,71],"card_choices":[{"not_picked":["Heatsinks","Leap"],"picked":"Coolheaded","floor":1.0},{"not_picked":["Go for the Eyes","Leap"],"picked":"White Noise","floor":5.0},{"not_picked":["Darkness","Steam Power","Lockon"],"picked":"SKIP","floor":6.0},{"not_picked":["Streamline","Redo"],"picked":"Cold Snap","floor":8.0},{"not_picked":["Hologram","Rebound+1"],"picked":"Gash+1","floor":12.0},{"not_picked":["Recycle","Force Field"],"picked":"Self Repair+1","floor":13.0},{"not_picked":["Redo","Compile Driver+1"],"picked":"Streamline+1","floor":14.0},{"not_picked":["Rainbow","Meteor Strike+1"],"picked":"All For One+1","floor":16.0},{"not_picked":["Conserve Battery","Redo","Lockon+1"],"picked":"SKIP","floor":18.0},{"not_picked":["Coolheaded","Steam","Tempest"],"picked":"SKIP","floor":21},{"not_picked":["Auto Shields","Hologram","Doom and Gloom+1"],"picked":"SKIP","floor":22}],"player_experience":624760,"relics_obtained":[{"floor":3.0,"key":"Mummified Hand"},{"floor":6.0,"key":"Whetstone"},{"floor":9.0,"key":"Boot"},{"floor":11.0,"key":"Molten Egg 2"},{"floor":12.0,"key":"Frozen Egg 2"},{"floor":14.0,"key":"Omamori"}],"event_choices":[{"cards_removed":["Strike_B"],"damage_healed":0.0,"max_hp_gain":0.0,"max_hp_loss":0.0,"gold_gain":0.0,"event_name":"The Cleric","player_choice":"Card Removal","floor":2.0,"gold_loss":75.0,"damage_taken":0.0},{"damage_healed":0.0,"max_hp_gain":0.0,"max_hp_loss":0.0,"gold_gain":0.0,"event_name":"Match and Keep!","player_choice":"3 cards matched","floor":4.0,"gold_loss":0.0,"damage_taken":0.0,"cards_obtained":["Heatsinks","Core Surge","Zap"]},{"damage_healed":0.0,"max_hp_gain":0.0,"max_hp_loss":0.0,"gold_gain":0.0,"event_name":"Cursed Tome","player_choice":"Ignored","floor":19.0,"gold_loss":0.0,"damage_taken":0.0},{"damage_healed":0,"gold_gain":0,"player_choice":"3 cards matched","damage_taken":0,"max_hp_gain":0,"max_hp_loss":0,"event_name":"Match and Keep!","floor":20,"gold_loss":0,"cards_obtained":["Echo Form","Cold Snap","Zap"]}],"is_beta":false,"boss_relics":[{"not_picked":["Sozu","Nuclear Battery"],"picked":"Astrolabe"}],"items_purged_floors":[],"is_endless":false,"potions_floor_spawned":[1,8,14,22],"killed_by":"Book of Stabbing","ascension_level":17}