{"gold_per_floor":[119,119,119,269,269,269,304,322,400,424,437,362,362,33,33,33],"floor_reached":16,"playtime":575,"items_purged":["Doubt"],"score":246,"play_id":"79eabab9-2c47-4f16-b6a9-949f8bb66014","local_time":"20190529174408","is_ascension_mode":true,"campfire_choices":[{"floor":6,"key":"REST"},{"data":"Armaments","floor":13,"key":"SMITH"},{"floor":15,"key":"REST"}],"neow_cost":"NONE","seed_source_timestamp":270513281181307,"circlet_count":0,"master_deck":["AscendersBane","Strike_R","Strike_R+1","Strike_R","Strike_R","Strike_R+1","Defend_R","Defend_R","Defend_R","Defend_R","Bash","Disarm","Armaments+1","Havoc","True Grit","Limit Break","Corruption+1","Madness","Body Slam","Spot Weakness"],"relics":["Burning Blood","NeowsBlessing","Frozen Egg 2","The Courier","Golden Idol","Whetstone","Pear"],"potions_floor_usage":[11,16],"damage_taken":[{"damage":0,"enemies":"Small Slimes","floor":1,"turns":1},{"damage":0,"enemies":"Gremlin Nob","floor":7,"turns":1},{"damage":0,"enemies":"2 Louse","floor":8,"turns":1},{"damage":4,"enemies":"Cultist","floor":10,"turns":4},{"damage":34,"enemies":"Large Slime","floor":11,"turns":10},{"damage":85,"enemies":"Slime Boss","floor":16,"turns":8}],"seed_played":"-7584041656384426814","potions_obtained":[{"floor":1,"key":"Regen Potion"},{"floor":7,"key":"EssenceOfSteel"}],"is_trial":false,"path_per_floor":["M","?","?","?","?","R","E","M","T","M","M","?","R","$","R","B"],"character_chosen":"IRONCLAD","items_purchased":["Corruption+1","Madness","Body Slam","Spot Weakness"],"campfire_rested":2,"item_purchase_floors":[14,14,14,14],"current_hp_per_floor":[74,74,56,56,30,52,58,64,74,76,62,62,62,62,85,0],"gold":33,"neow_bonus":"THREE_ENEMY_KILL","is_prod":false,"is_daily":false,"chose_seed":false,"campfire_upgraded":1,"win_rate":0,"timestamp":1559141048,"path_taken":["M","?","?","?","?","R","E","M","T","M","M","?","R","?","R","BOSS"],"build_version":"2019-01-23","purchased_purges":1,"victory":false,"max_hp_per_floor":[75,75,75,75,75,75,75,75,85,85,85,85,85,85,85,85],"card_choices":[{"not_picked":["Power Through","Hemokinesis"],"picked":"Disarm","floor":1},{"not_picked":["Headbutt","Flex"],"picked":"Armaments","floor":7},{"not_picked":["Flex","Twin Strike"],"picked":"Havoc","floor":8},{"not_picked":["Thunderclap","Clash"],"picked":"True Grit","floor":10},{"not_picked":["Wild Strike","Sword Boomerang"],"picked":"Limit Break","floor":11}],"player_experience":1424223,"relics_obtained":[{"floor":7,"key":"Whetstone"},{"floor":9,"key":"Pear"}],"event_choices":[{"damage_healed":0,"gold_gain":0,"player_choice":"Box","damage_taken":0,"relics_obtained":["Frozen Egg 2"],"max_hp_gain":0,"max_hp_loss":0,"event_name":"Big Fish","floor":2,"gold_loss":0,"cards_obtained":["Regret"]},{"damage_healed":0,"gold_gain":0,"player_choice":"Success","damage_taken":18,"relics_obtained":["The Courier"],"max_hp_gain":0,"max_hp_loss":0,"event_name":"Scrap Ooze","floor":3,"gold_loss":0},{"damage_healed":0,"gold_gain":150,"player_choice":"AGREE","damage_taken":0,"max_hp_gain":0,"max_hp_loss":0,"event_name":"Liars Game","floor":4,"gold_loss":0,"cards_obtained":["Doubt"]},{"damage_healed":0,"gold_gain":0,"player_choice":"Take Damage","damage_taken":26,"relics_obtained":["Golden Idol"],"max_hp_gain":0,"max_hp_loss":0,"event_name":"Golden Idol","floor":5,"gold_loss":0},{"cards_removed":["Regret"],"damage_healed":0,"gold_gain":0,"player_choice":"Card Removal","damage_taken":0,"max_hp_gain":0,"max_hp_loss":0,"event_name":"The Cleric","floor":12,"gold_loss":75}],"is_beta":false,"boss_relics":[],"items_purged_floors":[14],"is_endless":false,"potions_floor_spawned":[1,7],"killed_by":"Slime Boss","ascension_level":20}