{"gold_per_floor":[113,126,136,147,163,163,183,215,215,215,229,229,257,257,257,334,334,346,357,375,375,69,69,69,84,107,120,45,60,60,72,72,149,149,161,161,161,181,47,47,0,0,24,24,40,40],"floor_reached":46,"playtime":2925,"items_purged":["Leap"],"score":760,"play_id":"2157a1a3-0926-4cb9-ba0c-3c06f9afe412","local_time":"20181206063255","is_ascension_mode":true,"campfire_choices":[{"data":"Zap","floor":6,"key":"SMITH"},{"data":"Dualcast","floor":10,"key":"SMITH"},{"data":"Conserve Battery","floor":12,"key":"SMITH"},{"data":"Static Discharge","floor":15,"key":"SMITH"},{"floor":23,"key":"REST"},{"data":"Go for the Eyes","floor":30,"key":"SMITH"},{"floor":32,"key":"REST"},{"data":"Capacitor","floor":40,"key":"SMITH"},{"data":"Capacitor","floor":42,"key":"SMITH"},{"floor":44,"key":"REST"}],"neow_cost":"NONE","seed_source_timestamp":193753044926900,"circlet_count":0,"master_deck":["AscendersBane","Zap+1","Dualcast+1","Steam","Conserve Battery+1","Reboot","Self Repair","Static Discharge+1","Thunder Strike","Chill","Gash","Conserve Battery","Cold Snap","Go for the Eyes+1","Glacier","Leap","Ball Lightning","Capacitor+1","Electrodynamics","Hologram","Panache","Ball Lightning+1","Reboot","Capacitor+1","Glacier","Deep Breath","Defragment"],"relics":["FrozenCore","Whetstone","Singing Bowl","Bottled Lightning","Centennial Puzzle","Pandora\u0027s Box","Bag of Preparation","Red Mask","Juzu Bracelet"],"potions_floor_usage":[8,8,16,33,33,45,45,46],"damage_taken":[{"damage":0,"enemies":"Cultist","floor":1,"turns":2},{"damage":2,"enemies":"Jaw Worm","floor":2,"turns":3},{"damage":0,"enemies":"Small Slimes","floor":3,"turns":3},{"damage":8,"enemies":"Exordium Wildlife","floor":4,"turns":7},{"damage":2,"enemies":"Blue Slaver","floor":5,"turns":5},{"damage":1,"enemies":"Looter","floor":7,"turns":4},{"damage":6,"enemies":"Lagavulin","floor":8,"turns":7},{"damage":5,"enemies":"Exordium Wildlife","floor":11,"turns":2},{"damage":11,"enemies":"3 Sentries","floor":13,"turns":8},{"damage":28,"enemies":"Slime Boss","floor":16,"turns":10},{"damage":2,"enemies":"Shell Parasite","floor":18,"turns":6},{"damage":3,"enemies":"Spheric Guardian","floor":19,"turns":5},{"damage":65,"enemies":"Cultist and Chosen","floor":20,"turns":7},{"damage":1,"enemies":"Colosseum Slavers","floor":21,"turns":4},{"damage":2,"enemies":"Centurion and Healer","floor":25,"turns":6},{"damage":3,"enemies":"Chosen and Byrds","floor":27,"turns":4},{"damage":10,"enemies":"Snake Plant","floor":29,"turns":3},{"damage":30,"enemies":"Snecko","floor":31,"turns":5},{"damage":38,"enemies":"Champ","floor":33,"turns":13},{"damage":8,"enemies":"3 Shapes","floor":35,"turns":5},{"damage":23,"enemies":"3 Darklings","floor":38,"turns":3},{"damage":27,"enemies":"Transient","floor":45,"turns":5},{"damage":60,"enemies":"Giant Head","floor":46,"turns":13}],"seed_played":"-8213120496310246375","potions_obtained":[{"floor":3,"key":"FocusPotion"},{"floor":5,"key":"Regen Potion"},{"floor":8,"key":"SteroidPotion"},{"floor":13,"key":"Swift Potion"},{"floor":16,"key":"Dexterity Potion"},{"floor":20,"key":"SpeedPotion"},{"floor":35,"key":"Fire Potion"},{"floor":45,"key":"Block Potion"}],"is_trial":false,"path_per_floor":["M","M","M","M","M","R","M","E","T","R","M","R","E","?","R","B",null,"M","M","M","?","$","R","?","M","T","M","$","M","R","M","R","B",null,"M","?","?","M","$","R","?","R","T","R","M","E"],"character_chosen":"DEFECT","items_purchased":["Electrodynamics","Hologram","Panache","Deep Breath","Energy Potion"],"campfire_rested":3,"item_purchase_floors":[22,22,22,39,39],"current_hp_per_floor":[64,62,62,54,52,52,51,60,60,60,55,55,51,51,51,30,61,68,72,16,22,22,44,44,49,49,55,55,54,54,33,57,26,67,66,66,66,50,50,50,50,50,50,74,54,0],"gold":40,"neow_bonus":"RANDOM_COMMON_RELIC","is_prod":false,"is_daily":false,"chose_seed":false,"campfire_upgraded":7,"win_rate":0,"timestamp":1544045575,"path_taken":["M","?","M","?","M","R","M","E","T","R","M","R","E","?","R","BOSS","M","M","M","?","$","R","?","M","T","M","?","M","R","M","R","BOSS","M","?","?","M","?","R","?","R","T","R","M","E"],"build_version":"2018-12-05","purchased_purges":1,"victory":false,"max_hp_per_floor":[71,71,71,71,71,71,71,71,71,71,71,71,71,71,71,71,71,73,73,75,75,75,75,75,75,75,77,77,79,79,81,81,81,81,81,81,81,81,81,81,81,81,81,81,81,81],"card_choices":[{"not_picked":["Rebound","Chaos","Heatsinks"],"picked":"SKIP","floor":1},{"not_picked":["Stack","Leap"],"picked":"Auto Shields","floor":2},{"not_picked":["Stack","Redo"],"picked":"Steam","floor":3},{"not_picked":["Aggregate","Turbo"],"picked":"Conserve Battery","floor":4},{"not_picked":["Reinforced Body","Self Repair"],"picked":"Reboot","floor":5},{"not_picked":["Auto Shields","Compile Driver","Redo"],"picked":"SKIP","floor":7},{"not_picked":["Barrage","Blizzard"],"picked":"Leap","floor":8},{"not_picked":["Darkness","Scrape"],"picked":"Self Repair","floor":11},{"not_picked":["Fusion","Scrape"],"picked":"Static Discharge","floor":13},{"not_picked":["Amplify","Hyperbeam"],"picked":"Thunder Strike","floor":16},{"not_picked":["Leap","Redo","Go for the Eyes"],"picked":"Singing Bowl","floor":18},{"not_picked":["Ball Lightning","Coolheaded"],"picked":"Capacitor","floor":19},{"not_picked":["Chaos","Rebound","Redo"],"picked":"Singing Bowl","floor":20},{"not_picked":["Streamline","Stack"],"picked":"Ball Lightning+1","floor":25},{"not_picked":["Coolheaded","Go for the Eyes","Heatsinks+1"],"picked":"Singing Bowl","floor":27},{"not_picked":["Lockon","Go for the Eyes","Leap"],"picked":"Singing Bowl","floor":29},{"not_picked":["Coolheaded","Hello World","Ball Lightning"],"picked":"Singing Bowl","floor":31},{"not_picked":["Thunder Strike","Seek"],"picked":"Reboot","floor":33},{"not_picked":["Stack","Gash"],"picked":"Capacitor","floor":35},{"not_picked":["Compile Driver+1","Beam Cell"],"picked":"Glacier","floor":38},{"not_picked":["Rebound+1","Conserve Battery"],"picked":"Defragment","floor":45}],"player_experience":2517221,"relics_obtained":[{"floor":8,"key":"Singing Bowl"},{"floor":9,"key":"Bottled Lightning"},{"floor":13,"key":"Centennial Puzzle"},{"floor":26,"key":"Bag of Preparation"},{"floor":43,"key":"Juzu Bracelet"}],"event_choices":[{"damage_healed":0,"gold_gain":0,"player_choice":"Ignored","damage_taken":0,"max_hp_gain":0,"max_hp_loss":0,"event_name":"Liars Game","floor":14,"gold_loss":0},{"damage_healed":0,"gold_gain":0,"player_choice":"Fight","damage_taken":0,"max_hp_gain":0,"max_hp_loss":0,"event_name":"Colosseum","floor":21,"gold_loss":0},{"damage_healed":0,"gold_gain":0,"player_choice":"Fled From Nobs","damage_taken":0,"max_hp_gain":0,"max_hp_loss":0,"event_name":"Colosseum","floor":21,"gold_loss":0},{"damage_healed":0,"gold_gain":0,"player_choice":"Ignored","damage_taken":0,"max_hp_gain":0,"max_hp_loss":0,"event_name":"The Mausoleum","floor":24,"gold_loss":0},{"cards_removed":["Auto Shields"],"damage_healed":0,"gold_gain":0,"player_choice":"Removed Skill","damage_taken":0,"max_hp_gain":0,"max_hp_loss":0,"event_name":"Falling","floor":36,"gold_loss":0},{"damage_healed":0,"gold_gain":0,"player_choice":"Ignored","damage_taken":0,"max_hp_gain":0,"max_hp_loss":0,"event_name":"Mysterious Sphere","floor":37,"gold_loss":0},{"damage_healed":0,"gold_gain":0,"player_choice":"Paid","damage_taken":0,"relics_obtained":["Red Mask"],"max_hp_gain":0,"max_hp_loss":0,"event_name":"Tomb of Lord Red Mask","floor":41,"gold_loss":47}],"is_beta":true,"boss_relics":[{"not_picked":["Lizard Tail","Calling Bell"],"picked":"Pandora\u0027s Box"},{"not_picked":["Runic Dome","White Beast Statue"],"picked":"FrozenCore"}],"items_purged_floors":[28],"is_endless":false,"potions_floor_spawned":[3,5,8,13,16,20,21,25,31,35,45],"killed_by":"Giant Head","ascension_level":15}