{"gold_per_floor":[118,128,21,40,58,58,88,88,134,134,166,178,194,214,214,288,288,298,6,19,19,19,19,69,84,84,84,100,133,148,173,173,173],"floor_reached":33,"playtime":1951,"items_purged":[],"score":599,"play_id":"111dbb6b-32eb-4ce7-a01b-dfe81b851707","local_time":"20190408104230","is_ascension_mode":true,"campfire_choices":[{"data":"Clothesline","floor":6.0,"key":"SMITH"},{"floor":8.0,"key":"REST"},{"floor":10.0,"key":"REST"},{"floor":15.0,"key":"REST"},{"floor":23.0,"key":"REST"},{"floor":27.0,"key":"REST"},{"floor":32,"key":"REST"}],"neow_cost":"TEN_PERCENT_HP_LOSS","seed_source_timestamp":3404004138500508,"circlet_count":0,"master_deck":["AscendersBane","Strike_R","Strike_R","Strike_R","Strike_R","Strike_R","Defend_R","Defend_R","Defend_R","Defend_R","Bash","Panacea","Purity","Carnage","Discovery","Twin Strike","Clothesline+1","Whirlwind","Demon Form","Heavy Blade","Berserk","Infernal Blade","Barricade","Shrug It Off","Entrench","Clothesline","Juggernaut","Limit Break","Evolve","Demon Form"],"special_seed":0,"relics":["Burning Blood","The Courier","Potion Belt","Lantern","Snecko Eye","Bag of Preparation","Art of War","Shuriken","Omamori","Molten Egg 2"],"potions_floor_usage":[31,31],"damage_taken":[{"damage":5.0,"enemies":"2 Louse","floor":1.0,"turns":4.0},{"damage":38.0,"enemies":"Jaw Worm","floor":2.0,"turns":8.0},{"damage":2.0,"enemies":"Small Slimes","floor":4.0,"turns":6.0},{"damage":13.0,"enemies":"Exordium Thugs","floor":5.0,"turns":4.0},{"damage":30.0,"enemies":"3 Sentries","floor":7.0,"turns":7.0},{"damage":30.0,"enemies":"Lagavulin","floor":11.0,"turns":5.0},{"damage":17.0,"enemies":"Looter","floor":12.0,"turns":4.0},{"damage":6.0,"enemies":"2 Fungi Beasts","floor":13.0,"turns":3.0},{"damage":9.0,"enemies":"Blue Slaver","floor":14.0,"turns":3.0},{"damage":18.0,"enemies":"Slime Boss","floor":16.0,"turns":6.0},{"damage":29.0,"enemies":"Shell Parasite","floor":18.0,"turns":5.0},{"damage":25.0,"enemies":"2 Thieves","floor":20.0,"turns":4.0},{"damage":13.0,"enemies":"Snake Plant","floor":25.0,"turns":4.0},{"damage":3.0,"enemies":"Snecko","floor":28.0,"turns":3.0},{"damage":0.0,"enemies":"Gremlin Leader","floor":29.0,"turns":3.0},{"damage":16.0,"enemies":"Centurion and Healer","floor":30.0,"turns":4.0},{"damage":43,"enemies":"Slavers","floor":31,"turns":4},{"damage":64,"enemies":"Collector","floor":33,"turns":6}],"seed_played":"4291644280233709422","potions_obtained":[{"floor":2.0,"key":"FearPotion"},{"floor":5.0,"key":"PowerPotion"},{"floor":7.0,"key":"Strength Potion"},{"floor":11.0,"key":"Poison Potion"},{"floor":12.0,"key":"SneckoOil"},{"floor":16.0,"key":"LiquidBronze"},{"floor":18.0,"key":"BloodPotion"},{"floor":25.0,"key":"Energy Potion"},{"floor":31,"key":"Poison Potion"}],"is_trial":false,"path_per_floor":["M","M","$","M","M","R","E","R","T","R","E","M","M","M","R","B",null,"M","$","M","?","$","R","?","M","T","R","M","E","M","E","R","B"],"character_chosen":"IRONCLAD","items_purchased":["Discovery","Entrench","Bag of Preparation","Art of War"],"campfire_rested":6,"item_purchase_floors":[3,19,19,19],"current_hp_per_floor":[68,36,36,40,33,33,9,29,29,49,25,14,14,11,31,19,56,33,33,14,14,14,34,34,27,27,47,50,62,52,15,35,0],"gold":173,"neow_bonus":"RANDOM_COLORLESS_2","is_prod":false,"is_daily":false,"chose_seed":false,"campfire_upgraded":1,"win_rate":0,"timestamp":1554687750,"path_taken":["M","M","$","M","M","R","E","R","T","R","E","M","M","M","R","BOSS","M","$","M","?","$","R","?","M","T","R","M","E","M","E","R","BOSS"],"build_version":"2019-04-04","purchased_purges":0,"victory":false,"max_hp_per_floor":[68,68,68,68,68,68,68,68,68,68,68,68,68,68,68,68,68,68,68,68,68,68,68,68,68,68,68,68,68,68,68,68,68],"card_choices":[{"not_picked":["Dual Wield","Rupture","Havoc"],"picked":"SKIP","floor":1.0},{"not_picked":["Iron Wave","Body Slam"],"picked":"Carnage","floor":2.0},{"not_picked":["Pummel","Entrench"],"picked":"Twin Strike","floor":4.0},{"not_picked":["Heavy Blade","Wild Strike"],"picked":"Clothesline","floor":5.0},{"not_picked":["Perfected Strike","Thunderclap"],"picked":"Whirlwind","floor":7.0},{"not_picked":["Havoc","True Grit"],"picked":"Demon Form","floor":11.0},{"not_picked":["Feel No Pain","Havoc"],"picked":"Heavy Blade","floor":12.0},{"not_picked":["Headbutt","True Grit"],"picked":"Berserk","floor":13.0},{"not_picked":["Warcry","Sword Boomerang"],"picked":"Infernal Blade","floor":14.0},{"not_picked":["Bludgeon","Fiend Fire"],"picked":"Barricade","floor":16.0},{"not_picked":["Pommel Strike","Armaments"],"picked":"Shrug It Off","floor":18.0},{"not_picked":["Seeing Red","True Grit"],"picked":"Clothesline","floor":20.0},{"not_picked":["Power Through","Anger","Perfected Strike"],"picked":"SKIP","floor":25.0},{"not_picked":["Blood for Blood","Armaments","True Grit"],"picked":"SKIP","floor":28.0},{"not_picked":["Havoc","Power Through"],"picked":"Limit Break","floor":29.0},{"not_picked":["Power Through","Shrug It Off"],"picked":"Evolve","floor":30.0},{"not_picked":["Warcry","Disarm"],"picked":"Demon Form","floor":31}],"player_experience":2844737,"relics_obtained":[{"floor":7.0,"key":"The Courier"},{"floor":9.0,"key":"Potion Belt"},{"floor":11.0,"key":"Lantern"},{"floor":26.0,"key":"Shuriken"},{"floor":29.0,"key":"Omamori"},{"floor":31,"key":"Molten Egg 2"}],"event_choices":[{"damage_healed":0.0,"max_hp_gain":0.0,"max_hp_loss":0.0,"gold_gain":0.0,"event_name":"The Library","player_choice":"Read","floor":21.0,"gold_loss":0.0,"damage_taken":0.0,"cards_obtained":["Juggernaut"]},{"damage_healed":0.0,"max_hp_gain":0.0,"max_hp_loss":0.0,"gold_gain":50.0,"event_name":"Nest","player_choice":"Stole From Cult","floor":24.0,"gold_loss":0.0,"damage_taken":0.0}],"is_beta":true,"boss_relics":[{"not_picked":["Tiny House","Orrery"],"picked":"Snecko Eye"}],"items_purged_floors":[],"is_endless":false,"potions_floor_spawned":[2,5,7,11,12,16,18,25,28,31],"killed_by":"Collector","ascension_level":17}