{"gold_per_floor":[111,125,36,36,55,55,88,88,88,88,88,88,88,108,108,201,201,226,245,261,275,298,298,321,321,321,321,352,21,21,36,36,132,132,145,145,165,188,36,36,79,79,79,94,94,94,94],"floor_reached":47,"playtime":5031,"items_purged":["Strike_G","Strike_G"],"score":944,"play_id":"6f4240e7-7d48-48dc-b041-51d490935546","local_time":"20181126083008","is_ascension_mode":true,"campfire_choices":[{"data":"Deep Breath","floor":6.0,"key":"SMITH"},{"data":"Neutralize","floor":8.0,"key":"SMITH"},{"data":"Forethought","floor":10.0,"key":"SMITH"},{"floor":13.0,"key":"REST"},{"data":"Backflip","floor":15.0,"key":"SMITH"},{"data":"Footwork","floor":23.0,"key":"SMITH"},{"floor":25.0,"key":"REST"},{"data":"Backflip","floor":27.0,"key":"SMITH"},{"floor":32.0,"key":"REST"},{"data":"Burst","floor":40.0,"key":"SMITH"},{"data":"Concentrate","floor":42.0,"key":"SMITH"},{"data":"Discovery","floor":46.0,"key":"SMITH"}],"neow_cost":"TEN_PERCENT_HP_LOSS","seed_source_timestamp":1001213445334031,"circlet_count":0,"master_deck":["AscendersBane","Defend_G","Defend_G","Defend_G","Defend_G","Defend_G","Strike_G+1","Strike_G","Strike_G","Survivor","Neutralize+1","Sadistic Nature","Forethought+1","Backflip+1","Bouncing Flask","Deep Breath+1","Noxious Fumes+1","Backflip+1","Corpse Explosion","Footwork+1","Backflip","Dodge and Roll","Heel Hook+1","Madness","Master of Strategy","Concentrate+1","Burst+1","Backflip","Discovery+1"],"special_seed":0,"relics":["Ring of the Serpent","Golden Idol","Torii","Bottled Flame","FaceOfCleric","Runic Pyramid","Omamori","Bottled Tornado","StoneCalendar","Blue Candle","Ice Cream"],"potions_floor_usage":[47,47],"damage_taken":[{"damage":0.0,"enemies":"Cultist","floor":1.0,"turns":4.0},{"damage":4.0,"enemies":"Jaw Worm","floor":2.0,"turns":7.0},{"damage":0.0,"enemies":"Small Slimes","floor":5.0,"turns":4.0},{"damage":17.0,"enemies":"3 Sentries","floor":7.0,"turns":8.0},{"damage":11.0,"enemies":"Gremlin Gang","floor":14.0,"turns":9.0},{"damage":28.0,"enemies":"The Guardian","floor":16.0,"turns":9.0},{"damage":1.0,"enemies":"Shell Parasite","floor":18.0,"turns":6.0},{"damage":1.0,"enemies":"3 Byrds","floor":19.0,"turns":4.0},{"damage":6.0,"enemies":"Centurion and Healer","floor":20.0,"turns":6.0},{"damage":2.0,"enemies":"Sentry and Sphere","floor":21.0,"turns":5.0},{"damage":2.0,"enemies":"Snake Plant","floor":22.0,"turns":5.0},{"damage":2.0,"enemies":"Shelled Parasite and Fungi","floor":24.0,"turns":8.0},{"damage":58.0,"enemies":"Slavers","floor":28.0,"turns":6.0},{"damage":0.0,"enemies":"Centurion and Healer","floor":31.0,"turns":5.0},{"damage":1.0,"enemies":"Automaton","floor":33.0,"turns":10.0},{"damage":0.0,"enemies":"Orb Walker","floor":35.0,"turns":5.0},{"damage":14.0,"enemies":"3 Shapes","floor":37.0,"turns":3.0},{"damage":1.0,"enemies":"Maw","floor":38.0,"turns":7.0},{"damage":0.0,"enemies":"Giant Head","floor":41.0,"turns":9.0},{"damage":0.0,"enemies":"Spire Growth","floor":44.0,"turns":6.0},{"damage":54,"enemies":"Reptomancer","floor":47,"turns":5}],"seed_played":"9220038252121460763","potions_obtained":[{"floor":1.0,"key":"Regen Potion"},{"floor":2.0,"key":"SpeedPotion"},{"floor":7.0,"key":"FairyPotion"},{"floor":19.0,"key":"Ancient Potion"},{"floor":33.0,"key":"GhostInAJar"},{"floor":41.0,"key":"LiquidBronze"},{"floor":44.0,"key":"LiquidBronze"}],"is_trial":false,"path_per_floor":["M","M","$","?","M","R","E","R","T","R","?","?","R","M","R","B",null,"M","M","M","M","M","R","M","R","T","R","E","$","?","M","R","B",null,"M","?","M","M","$","R","E","R","T","M","?","R","E"],"character_chosen":"THE_SILENT","items_purchased":["Deep Breath","Madness","Master of Strategy","Backflip"],"campfire_rested":3,"item_purchase_floors":[3,29,29,39],"current_hp_per_floor":[59,55,55,54,54,54,37,37,37,37,21,21,37,42,42,15,46,46,46,41,40,39,39,38,56,56,56,7,7,7,8,27,27,56,57,57,44,44,44,44,45,45,45,46,46,46,0],"gold":94,"neow_bonus":"RANDOM_COLORLESS_2","is_prod":false,"is_daily":false,"chose_seed":false,"campfire_upgraded":9,"win_rate":0,"timestamp":1543188608,"path_taken":["M","M","$","?","M","R","E","R","T","R","?","?","R","M","R","BOSS","M","M","M","?","M","R","M","R","T","R","E","$","?","M","R","BOSS","M","?","?","M","$","R","E","R","T","M","?","R","E"],"build_version":"2018-11-15","purchased_purges":2,"victory":false,"max_hp_per_floor":[60,60,60,54,54,54,54,54,54,54,54,54,54,55,55,56,56,57,58,59,60,61,61,62,62,62,62,63,63,63,64,64,65,65,66,66,67,68,68,68,69,69,69,70,70,70,70],"card_choices":[{"not_picked":["Poisoned Stab","Blade Dance"],"picked":"Backflip","floor":1.0},{"not_picked":["Skewer","Accuracy"],"picked":"Bouncing Flask","floor":2.0},{"not_picked":["Predator","Unload"],"picked":"Noxious Fumes","floor":5.0},{"not_picked":["Poisoned Stab","Riddle With Holes"],"picked":"Backflip","floor":7.0},{"not_picked":["Finisher","Quick Slash","Blade Dance"],"picked":"SKIP","floor":14.0},{"not_picked":["Venomology","Die Die Die"],"picked":"Corpse Explosion","floor":16.0},{"not_picked":["Dodge and Roll","Deadly Poison+1"],"picked":"Footwork","floor":18.0},{"not_picked":["Poisoned Stab","Dagger Spray"],"picked":"Backflip","floor":19.0},{"not_picked":["Poisoned Stab","Blade Dance","Choke+1"],"picked":"SKIP","floor":20.0},{"not_picked":["Blade Dance+1","Poisoned Stab"],"picked":"Dodge and Roll","floor":21.0},{"not_picked":["Slice","Eviscerate","Poisoned Stab+1"],"picked":"SKIP","floor":22.0},{"not_picked":["Flechettes","Unload","Distraction"],"picked":"SKIP","floor":24.0},{"not_picked":["Deflect","PiercingWail"],"picked":"Heel Hook+1","floor":28.0},{"not_picked":["Backflip","Leg Sweep+1"],"picked":"Concentrate","floor":31.0},{"not_picked":["Adrenaline","Unload"],"picked":"Burst","floor":33.0},{"not_picked":["Riddle With Holes","Poisoned Stab","Bouncing Flask"],"picked":"SKIP","floor":35.0},{"not_picked":["Noxious Fumes","Flying Knee","Terror"],"picked":"SKIP","floor":37.0},{"not_picked":["Terror","Distraction","Flying Knee+1"],"picked":"SKIP","floor":38.0},{"not_picked":["Masterful Stab","Poisoned Stab","Blade Dance"],"picked":"SKIP","floor":41.0},{"not_picked":["Dash+1","Poisoned Stab","Cloak And Dagger"],"picked":"SKIP","floor":44.0},{"not_picked":["Enlightenment","Mind Blast"],"picked":"Discovery","floor":45.0}],"player_experience":2447180,"relics_obtained":[{"floor":7.0,"key":"Torii"},{"floor":9.0,"key":"Bottled Flame"},{"floor":26.0,"key":"Omamori"},{"floor":28.0,"key":"Bottled Tornado"},{"floor":41.0,"key":"Blue Candle"},{"floor":43.0,"key":"Ice Cream"}],"event_choices":[{"damage_healed":0.0,"max_hp_gain":0.0,"max_hp_loss":6.0,"gold_gain":0.0,"event_name":"Golden Idol","player_choice":"Lose Max HP","floor":4.0,"gold_loss":0.0,"damage_taken":0.0,"relics_obtained":["Golden Idol"]},{"damage_healed":0.0,"max_hp_gain":0.0,"max_hp_loss":0.0,"gold_gain":0.0,"event_name":"Shining Light","player_choice":"Entered Light","floor":11.0,"gold_loss":0.0,"damage_taken":16.0,"cards_upgraded":["Strike_G","Noxious Fumes"]},{"damage_healed":0.0,"max_hp_gain":0.0,"max_hp_loss":0.0,"gold_gain":0.0,"event_name":"FaceTrader","player_choice":"Trade","floor":12.0,"gold_loss":0.0,"damage_taken":0.0,"relics_obtained":["FaceOfCleric"]},{"damage_healed":0.0,"max_hp_gain":0.0,"max_hp_loss":0.0,"gold_gain":0.0,"event_name":"Beggar","player_choice":"Ignored","floor":30.0,"gold_loss":0.0,"damage_taken":0.0},{"damage_healed":0.0,"max_hp_gain":0.0,"max_hp_loss":0.0,"gold_gain":0.0,"event_name":"WeMeetAgain","player_choice":"Gave Potion","floor":36.0,"gold_loss":0.0,"damage_taken":0.0,"relics_obtained":["StoneCalendar"]},{"damage_healed":0.0,"max_hp_gain":0.0,"max_hp_loss":0.0,"gold_gain":0.0,"event_name":"SensoryStone","player_choice":"Memory 1","floor":45.0,"gold_loss":0.0,"damage_taken":0.0}],"is_beta":true,"boss_relics":[{"not_picked":["Lizard Tail","Astrolabe"],"picked":"Runic Pyramid"},{"not_picked":["Philosopher\u0027s Stone","Orrery"],"picked":"Ring of the Serpent"}],"items_purged_floors":[29,39],"is_endless":false,"potions_floor_spawned":[1,2,7,19,21,33,41,44],"killed_by":"Reptomancer","ascension_level":15}