{"gold_per_floor":[118,118,118,138,161,161,177,177,201,201,222,14,48,66,66,165,165,183,7,57,57,82,82,507,507],"floor_reached":25,"playtime":1574,"items_purged":[],"score":402,"play_id":"7932367f-2e0b-4e12-870c-5f44b6ed883c","local_time":"20190422010451","is_ascension_mode":true,"campfire_choices":[{"data":"Consume","floor":6,"key":"SMITH"},{"floor":8,"key":"REST"},{"data":"Conserve Battery","floor":10,"key":"SMITH"},{"data":"Creative AI","floor":15,"key":"SMITH"},{"data":"Sunder","floor":23,"key":"SMITH"}],"neow_cost":"NONE","seed_source_timestamp":78060499140200,"circlet_count":0,"master_deck":["AscendersBane","Strike_B","Strike_B","Strike_B","Strike_B","Defend_B","Defend_B","Defend_B","Zap","Dualcast","FTL","Consume+1","Consume","Barrage","Conserve Battery+1","Sunder+1","Ball Lightning","Coolheaded","Leap","Creative AI+1","Skim","Rainbow","Hologram","Self Repair","Swift Strike","Stack"],"relics":["Velvet Choker","Golden Idol","Potion Belt","Anchor","Busted Crown","Old Coin","Shuriken"],"potions_floor_usage":[16,16,16,22,24,25],"damage_taken":[{"damage":6,"enemies":"2 Louse","floor":1,"turns":3},{"damage":7,"enemies":"Cultist","floor":4,"turns":4},{"damage":7,"enemies":"Jaw Worm","floor":5,"turns":3},{"damage":27,"enemies":"Exordium Wildlife","floor":7,"turns":5},{"damage":14,"enemies":"3 Louse","floor":11,"turns":6},{"damage":7,"enemies":"Lagavulin","floor":13,"turns":5},{"damage":0,"enemies":"Red Slaver","floor":14,"turns":3},{"damage":11,"enemies":"The Guardian","floor":16,"turns":12},{"damage":8,"enemies":"Chosen","floor":18,"turns":4},{"damage":2,"enemies":"3 Byrds","floor":22,"turns":7},{"damage":12,"enemies":"Colosseum Slavers","floor":24,"turns":7},{"damage":21,"enemies":"Colosseum Nobs","floor":24,"turns":5},{"damage":34,"enemies":"Book of Stabbing","floor":25,"turns":4}],"seed_played":"874075177954920982","potions_obtained":[{"floor":5,"key":"Fire Potion"},{"floor":7,"key":"Regen Potion"},{"floor":11,"key":"FearPotion"},{"floor":14,"key":"FearPotion"},{"floor":18,"key":"Block Potion"},{"floor":21,"key":"Strength Potion"},{"floor":21,"key":"Block Potion"}],"is_trial":false,"path_per_floor":["M","?","?","M","M","R","M","R","T","R","M","$","E","M","R","B",null,"M","$","?","?","M","R","?","E"],"character_chosen":"DEFECT","items_purchased":["Sunder","Ball Lightning","Coolheaded","Leap","Self Repair","Swift Strike"],"campfire_rested":1,"item_purchase_floors":[12,12,12,12,19,19],"current_hp_per_floor":[58,58,58,51,44,44,17,36,36,36,22,22,15,15,15,19,53,45,45,45,45,50,50,31,0],"gold":507,"neow_bonus":"BOSS_RELIC","is_prod":false,"is_daily":false,"chose_seed":false,"campfire_upgraded":4,"win_rate":0,"timestamp":1555862691,"path_taken":["M","?","?","M","M","R","M","R","T","R","M","$","E","M","R","BOSS","M","$","?","?","?","R","?","E"],"build_version":"2019-01-23","purchased_purges":0,"victory":false,"max_hp_per_floor":[71,64,64,64,64,64,64,64,64,64,64,64,64,64,64,64,64,64,64,64,64,64,64,64,64],"card_choices":[{"not_picked":["Streamline","Fusion"],"picked":"FTL","floor":1},{"not_picked":["Blizzard","Defragment"],"picked":"Consume","floor":4},{"not_picked":["Rebound","Stack"],"picked":"Barrage","floor":5},{"not_picked":["Force Field","Gash"],"picked":"Conserve Battery","floor":7},{"not_picked":["Turbo","Beam Cell","Recycle"],"picked":"SKIP","floor":11},{"not_picked":["Darkness","Leap"],"picked":"Creative AI","floor":13},{"not_picked":["Leap","Stack"],"picked":"Skim","floor":14},{"not_picked":["All For One","Machine Learning"],"picked":"Rainbow","floor":16},{"not_picked":[],"picked":"Hologram","floor":18},{"not_picked":["Leap"],"picked":"SKIP","floor":22},{"not_picked":[],"picked":"Stack","floor":24}],"player_experience":4854511,"relics_obtained":[{"floor":9,"key":"Potion Belt"},{"floor":13,"key":"Anchor"},{"floor":24,"key":"Old Coin"},{"floor":24,"key":"Shuriken"}],"event_choices":[{"damage_healed":0,"gold_gain":0,"player_choice":"Lose Max HP","damage_taken":0,"relics_obtained":["Golden Idol"],"max_hp_gain":0,"max_hp_loss":7,"event_name":"Golden Idol","floor":2,"gold_loss":0},{"damage_healed":0,"gold_gain":0,"cards_transformed":["Defend_B"],"player_choice":"Change","damage_taken":0,"max_hp_gain":0,"max_hp_loss":0,"event_name":"Living Wall","floor":3,"gold_loss":0,"cards_obtained":["Consume"]},{"damage_healed":0,"gold_gain":50,"player_choice":"Stole From Cult","damage_taken":0,"max_hp_gain":0,"max_hp_loss":0,"event_name":"Nest","floor":20,"gold_loss":0},{"damage_healed":0,"gold_gain":0,"player_choice":"Got Potions","damage_taken":0,"max_hp_gain":0,"max_hp_loss":0,"event_name":"Lab","floor":21,"gold_loss":0},{"damage_healed":0,"gold_gain":0,"player_choice":"Fight","damage_taken":0,"max_hp_gain":0,"max_hp_loss":0,"event_name":"Colosseum","floor":24,"gold_loss":0},{"damage_healed":0,"gold_gain":0,"player_choice":"Fought Nobs","damage_taken":0,"max_hp_gain":0,"max_hp_loss":0,"event_name":"Colosseum","floor":24,"gold_loss":0}],"is_beta":false,"boss_relics":[{"not_picked":["Empty Cage","Tiny House"],"picked":"Busted Crown"}],"items_purged_floors":[],"is_endless":false,"potions_floor_spawned":[5,7,11,14,18,24],"killed_by":"Book of Stabbing","ascension_level":20}