{"gold_per_floor":[115,42,42,55,28,57,73,50,128,156,156,156,156,156],"floor_reached":14,"playtime":512,"items_purged":[],"score":157,"play_id":"6cbaa0f1-d862-483a-8923-c8313365477c","local_time":"20190108173442","is_ascension_mode":true,"campfire_choices":[{"data":"Zap","floor":13,"key":"SMITH"}],"neow_cost":"NONE","seed_source_timestamp":1455190799653497,"circlet_count":0,"master_deck":["Strike_B","Strike_B","Strike_B","Strike_B","Defend_B","Defend_B","Defend_B","Defend_B","Zap+1","Dualcast","Redo","Meteor Strike","Auto Shields","Coolheaded","Sweeping Beam","Turbo","Conserve Battery","Recycle+1","Parasite"],"relics":["Cracked Core","NeowsBlessing","Blood Vial","Dream Catcher","Toxic Egg 2","Anchor"],"potions_floor_usage":[10,10],"damage_taken":[{"damage":0,"enemies":"Jaw Worm","floor":1,"turns":1},{"damage":0,"enemies":"2 Louse","floor":4,"turns":1},{"damage":0,"enemies":"Lagavulin","floor":6,"turns":1},{"damage":4,"enemies":"Cultist","floor":7,"turns":3},{"damage":53,"enemies":"3 Sentries","floor":10,"turns":13},{"damage":59,"enemies":"Gremlin Nob","floor":14,"turns":4}],"seed_played":"703212039205381623","potions_obtained":[{"floor":4,"key":"Weak Potion"},{"floor":7,"key":"Weak Potion"}],"is_trial":false,"path_per_floor":["M","$","?","M","$","E","M","$","T","E","?","?","R","E"],"character_chosen":"DEFECT","items_purchased":["Meteor Strike","Coolheaded","Conserve Battery"],"campfire_rested":0,"item_purchase_floors":[2,5,8],"current_hp_per_floor":[68,68,65,67,67,69,67,67,67,16,16,34,34,0],"gold":156,"neow_bonus":"THREE_ENEMY_KILL","is_prod":false,"is_daily":false,"chose_seed":false,"campfire_upgraded":1,"win_rate":0,"timestamp":1546936482,"path_taken":["M","$","?","M","$","E","M","$","T","E","?","?","R","E"],"build_version":"2019-01-03v4","purchased_purges":0,"victory":false,"max_hp_per_floor":[75,75,75,75,75,75,75,75,75,75,75,75,75,75],"card_choices":[{"not_picked":["Streamline","Hologram"],"picked":"Redo","floor":1},{"not_picked":["Conserve Battery","Steam"],"picked":"Auto Shields","floor":4},{"not_picked":["Doom and Gloom","Stack"],"picked":"Sweeping Beam","floor":6},{"not_picked":["Redo","Self Repair"],"picked":"Turbo","floor":7},{"not_picked":["Machine Learning","Melter"],"picked":"Recycle+1","floor":10}],"player_experience":325694,"relics_obtained":[{"floor":6,"key":"Dream Catcher"},{"floor":9,"key":"Toxic Egg 2"},{"floor":10,"key":"Anchor"}],"event_choices":[{"damage_healed":0,"gold_gain":0,"player_choice":"Success","damage_taken":3,"relics_obtained":["Blood Vial"],"max_hp_gain":0,"max_hp_loss":0,"event_name":"Scrap Ooze","floor":3,"gold_loss":0},{"damage_healed":0,"gold_gain":0,"player_choice":"Ignored","damage_taken":0,"max_hp_gain":0,"max_hp_loss":0,"event_name":"Shining Light","floor":11,"gold_loss":0},{"damage_healed":18,"gold_gain":0,"player_choice":"Healed and dodged fight","damage_taken":0,"max_hp_gain":0,"max_hp_loss":0,"event_name":"Mushrooms","floor":12,"gold_loss":0,"cards_obtained":["Parasite"]}],"is_beta":false,"boss_relics":[],"items_purged_floors":[],"is_endless":false,"potions_floor_spawned":[4,7],"killed_by":"Gremlin Nob","ascension_level":6}