{"gold_per_floor":[110,110,127,146,71,101,116,116,163,192,192,1,1,13,13,117,117,134,134,122,51,66,66,101,101,101,101,133,146,146,8,8,106,106,119,78,78,0,19,346,346,366,366,366,378,378,398,415,415,415],"floor_reached":51,"playtime":4323,"items_purged":["Strike_B","Strike_B","Strike_B"],"score":1160,"play_id":"fd680d7b-31dc-451f-bc6f-44d4f1430b30","local_time":"20190205185347","is_ascension_mode":true,"campfire_choices":[{"floor":8.0,"key":"REST"},{"data":"Dualcast","floor":11.0,"key":"SMITH"},{"data":"Biased Cognition","floor":15.0,"key":"SMITH"},{"data":"Coolheaded","floor":23.0,"key":"SMITH"},{"floor":27.0,"key":"REST"},{"data":"Creative AI","floor":30.0,"key":"SMITH"},{"data":"Machine Learning","floor":32.0,"key":"SMITH"},{"data":"Lockon","floor":41,"key":"SMITH"},{"data":"Seek","floor":46,"key":"SMITH"},{"data":"Impatience","floor":49,"key":"SMITH"}],"neow_cost":"NONE","seed_source_timestamp":2257224132033844,"circlet_count":0,"master_deck":["AscendersBane","Defend_B","Defend_B","Defend_B","Defend_B","Zap+1","Dualcast+1","Gash+1","Biased Cognition+1","Chill","Consume","Core Surge","Self Repair","Leap","FTL","Machine Learning+1","Cold Snap","Undo","Coolheaded+1","Gash","Self Repair+1","Creative AI+1","Seek+1","Lockon+1","Impatience+1","Core Surge+1"],"special_seed":0,"relics":["Cracked Core","Bottled Flame","Lantern","Centennial Puzzle","Runic Dome","Incense Burner","Mummified Hand","The Courier","Prayer Wheel","Busted Crown","Red Mask","Old Coin","Molten Egg 2"],"potions_floor_usage":[40,50,50],"damage_taken":[{"damage":2.0,"enemies":"Jaw Worm","floor":1.0,"turns":3.0},{"damage":0.0,"enemies":"Cultist","floor":3.0,"turns":3.0},{"damage":12.0,"enemies":"Small Slimes","floor":4.0,"turns":3.0},{"damage":20.0,"enemies":"Lagavulin","floor":6.0,"turns":8.0},{"damage":18.0,"enemies":"Gremlin Gang","floor":7.0,"turns":5.0},{"damage":16.0,"enemies":"3 Sentries","floor":10.0,"turns":11.0},{"damage":13.0,"enemies":"Exordium Thugs","floor":14.0,"turns":4.0},{"damage":7.0,"enemies":"Hexaghost","floor":16.0,"turns":10.0},{"damage":15.0,"enemies":"Spheric Guardian","floor":18.0,"turns":5.0},{"damage":18.0,"enemies":"2 Thieves","floor":20.0,"turns":4.0},{"damage":5.0,"enemies":"Centurion and Healer","floor":22.0,"turns":11.0},{"damage":8.0,"enemies":"Slavers","floor":24.0,"turns":5.0},{"damage":14.0,"enemies":"Book of Stabbing","floor":28.0,"turns":7.0},{"damage":13.0,"enemies":"Cultist and Chosen","floor":29.0,"turns":9.0},{"damage":0.0,"enemies":"Automaton","floor":33.0,"turns":10.0},{"damage":8.0,"enemies":"3 Darklings","floor":35.0,"turns":2.0},{"damage":14,"enemies":"3 Shapes","floor":39,"turns":6},{"damage":31,"enemies":"Nemesis","floor":40,"turns":7},{"damage":0,"enemies":"Maw","floor":42,"turns":8},{"damage":10,"enemies":"Writhing Mass","floor":45,"turns":4},{"damage":0,"enemies":"4 Shapes","floor":47,"turns":7},{"damage":6,"enemies":"Transient","floor":48,"turns":5},{"damage":37,"enemies":"Donu and Deca","floor":50,"turns":9}],"seed_played":"-6844054224017679855","potions_obtained":[{"floor":7.0,"key":"FocusPotion"},{"floor":14.0,"key":"Fire Potion"},{"floor":16.0,"key":"SpeedPotion"},{"floor":22.0,"key":"LiquidBronze"},{"floor":28.0,"key":"SneckoOil"},{"floor":29.0,"key":"Fire Potion"},{"floor":33.0,"key":"SkillPotion"},{"floor":40,"key":"PowerPotion"},{"floor":42,"key":"FocusPotion"}],"is_trial":false,"path_per_floor":["M","?","M","M","$","E","M","R","T","E","R","$","?","M","R","B",null,"M","T","M","$","M","R","E","?","T","R","E","M","R","$","R","B",null,"M","$","?","?","M","E","R","M","T","?","M","R","M","M","R","B",null],"character_chosen":"DEFECT","items_purchased":["Self Repair","Leap","Coolheaded","Gash","SpeedPotion","PowerPotion"],"campfire_rested":2,"item_purchase_floors":[12,12,21,21,31,36],"current_hp_per_floor":[66,66,66,54,54,34,16,38,38,22,22,22,22,16,16,16,60,52,52,41,41,43,43,42,42,42,64,67,71,71,71,71,75,75,67,67,67,67,70,56,56,73,73,73,75,75,75,75,75,55],"gold":415,"neow_bonus":"UPGRADE_CARD","is_prod":false,"is_daily":false,"chose_seed":false,"campfire_upgraded":8,"win_rate":0,"timestamp":1549360427,"path_taken":["M","?","M","M","$","E","?","R","T","E","R","$","?","M","R","BOSS","M","?","M","?","M","R","E","?","T","R","E","?","R","$","R","BOSS","M","$","?","?","M","E","R","M","T","?","M","R","?","M","R","BOSS"],"build_version":"2019-01-23","purchased_purges":3,"victory":true,"max_hp_per_floor":[75,75,75,75,75,75,75,75,75,75,75,75,75,75,75,75,75,75,75,75,75,75,75,75,75,75,75,75,75,75,75,75,75,75,75,75,75,75,75,75,75,75,75,75,75,75,75,75,75,75],"card_choices":[{"not_picked":["Go for the Eyes","Capacitor"],"picked":"Gash","floor":1.0},{"not_picked":["Go for the Eyes","Cold Snap"],"picked":"Biased Cognition","floor":3.0},{"not_picked":["Hologram","Conserve Battery"],"picked":"Chill","floor":4.0},{"not_picked":["Force Field","Steam"],"picked":"Consume","floor":6.0},{"not_picked":["Storm","Steam","Hologram"],"picked":"SKIP","floor":7.0},{"not_picked":["Rip and Tear","Conserve Battery"],"picked":"Core Surge","floor":10.0},{"not_picked":["Loop","Darkness"],"picked":"FTL","floor":14.0},{"not_picked":["Echo Form","Buffer"],"picked":"Machine Learning","floor":16.0},{"not_picked":["Steam+1","Gash"],"picked":"Cold Snap","floor":18.0},{"not_picked":["Stack","Cold Snap"],"picked":"Undo","floor":20.0},{"not_picked":["Darkness","Stack","Sweeping Beam"],"picked":"SKIP","floor":22.0},{"not_picked":["Go for the Eyes","Aggregate"],"picked":"Self Repair+1","floor":24.0},{"not_picked":["Barrage+1","Rebound","Heatsinks"],"picked":"SKIP","floor":28.0},{"not_picked":["Compile Driver","Leap"],"picked":"Creative AI","floor":29.0},{"not_picked":["Stack","Barrage+1","Streamline"],"picked":"SKIP","floor":29.0},{"not_picked":["Fission","Meteor Strike"],"picked":"Seek","floor":33.0},{"not_picked":["Steam"],"picked":"SKIP","floor":35},{"not_picked":["Rip and Tear"],"picked":"SKIP","floor":35},{"not_picked":[],"picked":"Lockon","floor":39},{"not_picked":["Gash"],"picked":"SKIP","floor":39},{"not_picked":["Auto Shields+1"],"picked":"SKIP","floor":40},{"not_picked":["Cold Snap"],"picked":"SKIP","floor":42},{"not_picked":["Cold Snap"],"picked":"SKIP","floor":42},{"not_picked":["Sunder+1"],"picked":"SKIP","floor":45},{"not_picked":["Static Discharge"],"picked":"SKIP","floor":45},{"not_picked":["Melter+1"],"picked":"SKIP","floor":47},{"not_picked":["Scrape+1"],"picked":"SKIP","floor":47},{"not_picked":["Stack"],"picked":"SKIP","floor":48},{"not_picked":["Barrage+1"],"picked":"SKIP","floor":48}],"player_experience":532980,"relics_obtained":[{"floor":6.0,"key":"Bottled Flame"},{"floor":9.0,"key":"Lantern"},{"floor":10.0,"key":"Centennial Puzzle"},{"floor":19.0,"key":"Incense Burner"},{"floor":24.0,"key":"Mummified Hand"},{"floor":26.0,"key":"The Courier"},{"floor":28.0,"key":"Prayer Wheel"},{"floor":40,"key":"Old Coin"},{"floor":43,"key":"Molten Egg 2"}],"event_choices":[{"damage_healed":0.0,"max_hp_gain":0.0,"max_hp_loss":0.0,"gold_gain":0.0,"event_name":"Accursed Blacksmith","player_choice":"Forge","floor":2.0,"gold_loss":0.0,"damage_taken":0.0,"cards_upgraded":["Gash"]},{"cards_removed":["Strike_B"],"damage_healed":0.0,"max_hp_gain":0.0,"max_hp_loss":0.0,"gold_gain":0.0,"event_name":"Wheel of Change","player_choice":"Card Removal","floor":13.0,"gold_loss":0.0,"damage_taken":0.0},{"damage_healed":0.0,"max_hp_gain":0.0,"max_hp_loss":0.0,"gold_gain":0.0,"event_name":"N\u0027loth","player_choice":"Ignored","floor":25.0,"gold_loss":0.0,"damage_taken":0.0},{"damage_healed":0,"gold_gain":0,"player_choice":"Memory 1","damage_taken":0,"max_hp_gain":0,"max_hp_loss":0,"event_name":"SensoryStone","floor":37,"gold_loss":0},{"damage_healed":0,"gold_gain":0,"player_choice":"Paid","damage_taken":0,"relics_obtained":["Red Mask"],"max_hp_gain":0,"max_hp_loss":0,"event_name":"Tomb of Lord Red Mask","floor":38,"gold_loss":78},{"damage_healed":0,"gold_gain":0,"player_choice":"2 cards matched","damage_taken":0,"max_hp_gain":0,"max_hp_loss":0,"event_name":"Match and Keep!","floor":44,"gold_loss":0,"cards_obtained":["Impatience","Core Surge"]}],"is_beta":false,"boss_relics":[{"not_picked":["Black Star","Philosopher\u0027s Stone"],"picked":"Runic Dome"},{"not_picked":["Nuclear Battery","Fusion Hammer"],"picked":"Busted Crown"}],"items_purged_floors":[5,12,31],"is_endless":false,"potions_floor_spawned":[7,14,16,22,28,29,33,40,42,47],"ascension_level":12}