{"gold_per_floor":[109,109,109,124,143,143,293,321,344,344,344,344,216,231,231,310,310,328,289,305,305,317,317,89,104,104,104,116,116,149,149,149,221,221,234,246,246],"floor_reached":37,"playtime":2416,"items_purged":["Doubt"],"score":716,"play_id":"e8b3717b-1cc6-47f4-8292-c824dfa47f8a","local_time":"20190413100740","is_ascension_mode":true,"campfire_choices":[{"data":"Zap","floor":6,"key":"SMITH"},{"data":"Self Repair","floor":10,"key":"SMITH"},{"data":"Dualcast","floor":15,"key":"SMITH"},{"data":"Capacitor","floor":23,"key":"SMITH"},{"data":"Reinforced Body","floor":27,"key":"SMITH"},{"data":"Barrage","floor":29,"key":"SMITH"},{"floor":32,"key":"REST"}],"neow_cost":"NONE","seed_source_timestamp":63730385083457,"circlet_count":0,"master_deck":["AscendersBane","Strike_B+1","Strike_B+1","Defend_B+1","Defend_B+1","Defend_B+1","Defend_B+1","Zap+1","Dualcast+1","Auto Shields","White Noise","Self Repair+1","Cold Snap","Coolheaded","Echo Form","Redo+1","Capacitor+1","Reinforced Body+1","Barrage+1","Buffer","Thunder Strike","Conserve Battery","Skim+1"],"relics":["FrozenCore","Bronze Scales","OrangePellets","Pear","Meat on the Bone","Sozu"],"potions_floor_usage":[8,16,16,30],"damage_taken":[{"damage":7,"enemies":"2 Louse","floor":1,"turns":3},{"damage":0,"enemies":"Jaw Worm","floor":4,"turns":4},{"damage":0,"enemies":"Small Slimes","floor":5,"turns":3},{"damage":12,"enemies":"Lagavulin","floor":8,"turns":8},{"damage":6,"enemies":"Blue Slaver","floor":14,"turns":5},{"damage":4,"enemies":"The Guardian","floor":16,"turns":12},{"damage":0,"enemies":"3 Byrds","floor":18,"turns":2},{"damage":14,"enemies":"Chosen","floor":20,"turns":11},{"damage":15,"enemies":"Snake Plant","floor":22,"turns":7},{"damage":38,"enemies":"3 Cultists","floor":25,"turns":6},{"damage":21,"enemies":"Sentry and Sphere","floor":28,"turns":11},{"damage":64,"enemies":"Slavers","floor":30,"turns":11},{"damage":26,"enemies":"Automaton","floor":33,"turns":15},{"damage":14,"enemies":"3 Shapes","floor":35,"turns":8},{"damage":37,"enemies":"3 Darklings","floor":36,"turns":10},{"damage":71,"enemies":"Jaw Worm Horde","floor":37,"turns":3}],"seed_played":"-2255545204293645877","potions_obtained":[{"floor":1,"key":"SkillPotion"},{"floor":5,"key":"SteroidPotion"},{"floor":14,"key":"Fire Potion"},{"floor":20,"key":"FocusPotion"},{"floor":25,"key":"SteroidPotion"},{"floor":33,"key":"FearPotion"}],"is_trial":false,"path_per_floor":["M","?","?","M","M","R","?","E","T","R","$","T","$","M","R","B",null,"M","$","M","?","M","R","$","M","T","R","M","R","E","?","R","B",null,"M","M","M"],"character_chosen":"DEFECT","items_purchased":["PowerPotion","Capacitor","OrangePellets"],"campfire_rested":1,"item_purchase_floors":[13,19,24],"current_hp_per_floor":[64,41,41,41,41,41,41,36,36,36,36,36,36,40,40,46,70,78,78,78,78,78,78,78,60,70,70,69,69,15,15,41,47,78,84,67,0],"gold":246,"neow_bonus":"TEN_PERCENT_HP_BONUS","is_prod":false,"is_daily":false,"chose_seed":false,"campfire_upgraded":6,"win_rate":0,"timestamp":1555117660,"path_taken":["M","?","?","M","M","R","?","E","T","R","$","?","$","M","R","BOSS","M","$","M","?","M","R","$","M","T","R","M","R","E","?","R","BOSS","M","?","M"],"build_version":"2019-04-04","purchased_purges":1,"victory":false,"max_hp_per_floor":[78,78,78,78,78,78,78,78,78,78,78,78,78,78,78,78,78,78,78,78,78,78,78,78,78,88,88,88,88,88,88,88,88,88,88,88,88],"card_choices":[{"not_picked":["Rip and Tear","Turbo"],"picked":"Auto Shields","floor":1},{"not_picked":["Fusion","Cold Snap"],"picked":"White Noise","floor":4},{"not_picked":["BootSequence","Blizzard"],"picked":"Self Repair","floor":5},{"not_picked":["Stack","Turbo"],"picked":"Cold Snap","floor":8},{"not_picked":["Compile Driver","Gash"],"picked":"Coolheaded","floor":14},{"not_picked":["Meteor Strike","Biased Cognition"],"picked":"Echo Form","floor":16},{"not_picked":["Heatsinks","Rebound"],"picked":"Redo+1","floor":18},{"not_picked":["Lockon","Cold Snap"],"picked":"Reinforced Body","floor":20},{"not_picked":["Beam Cell","Sweeping Beam","Gash"],"picked":"SKIP","floor":22},{"not_picked":["Aggregate","Rebound","Beam Cell"],"picked":"SKIP","floor":25},{"not_picked":["Gash","Force Field"],"picked":"Barrage","floor":28},{"not_picked":["Machine Learning","Redo"],"picked":"Buffer","floor":30},{"not_picked":["All For One","Meteor Strike"],"picked":"Thunder Strike","floor":33},{"not_picked":["Coolheaded","Redo"],"picked":"Conserve Battery","floor":35},{"not_picked":["Coolheaded","Redo"],"picked":"Skim+1","floor":36}],"player_experience":2921852,"relics_obtained":[{"floor":8,"key":"Bronze Scales"},{"floor":26,"key":"Pear"},{"floor":30,"key":"Meat on the Bone"}],"event_choices":[{"damage_healed":0,"gold_gain":0,"player_choice":"Entered Light","damage_taken":23,"max_hp_gain":0,"max_hp_loss":0,"event_name":"Shining Light","floor":2,"gold_loss":0,"cards_upgraded":["Strike_B","Strike_B"]},{"cards_removed":["Strike_B"],"damage_healed":0,"gold_gain":0,"player_choice":"Forget","damage_taken":0,"max_hp_gain":0,"max_hp_loss":0,"event_name":"Living Wall","floor":3,"gold_loss":0},{"damage_healed":0,"gold_gain":150,"player_choice":"AGREE","damage_taken":0,"max_hp_gain":0,"max_hp_loss":0,"event_name":"Liars Game","floor":7,"gold_loss":0,"cards_obtained":["Doubt"]},{"damage_healed":0,"gold_gain":0,"player_choice":"Simplicity","damage_taken":0,"max_hp_gain":0,"max_hp_loss":0,"event_name":"Back to Basics","floor":21,"gold_loss":0,"cards_upgraded":["Strike_B","Defend_B","Defend_B","Defend_B","Defend_B"]},{"cards_removed":["Strike_B"],"damage_healed":0,"gold_gain":0,"player_choice":"Purged","damage_taken":0,"max_hp_gain":0,"max_hp_loss":0,"event_name":"Purifier","floor":31,"gold_loss":0}],"is_beta":true,"boss_relics":[{"not_picked":["Runic Dome","Eternal Feather"],"picked":"FrozenCore"},{"not_picked":["Tiny House","Velvet Choker"],"picked":"Sozu"}],"items_purged_floors":[13],"is_endless":false,"potions_floor_spawned":[1,5,14,20,25,33,36],"killed_by":"Jaw Worm Horde","ascension_level":17}