{"gold_per_floor":[113,127,139,159,172,172,203,220,220,220,250,250,94,121,121,196,196,216,175,175,175],"floor_reached":21,"playtime":1617,"items_purged":["Strike_B"],"score":368,"play_id":"51861c98-a61f-4628-8d34-84a6df64ab20","local_time":"20190415190751","is_ascension_mode":true,"campfire_choices":[{"data":"Chaos","floor":6,"key":"SMITH"},{"floor":10,"key":"REST"},{"floor":12,"key":"REST"},{"data":"Dualcast","floor":15,"key":"SMITH"}],"neow_cost":"TEN_PERCENT_HP_LOSS","seed_source_timestamp":269739870050882,"circlet_count":0,"master_deck":["AscendersBane","Strike_B+1","Strike_B+1","Defend_B","Defend_B","Zap","Dualcast+1","Good Instincts","Panacea","BootSequence","Chill","Chaos+1","Loop","White Noise","Ball Lightning","Core Surge","Capacitor","Compile Driver","Electrodynamics","Gash+1","Tempest+1","Lockon+1","Loop"],"relics":["Cracked Core","Whetstone","Orichalcum","Mummified Hand","Astrolabe"],"potions_floor_usage":[16],"damage_taken":[{"damage":7,"enemies":"Small Slimes","floor":1,"turns":4},{"damage":0,"enemies":"2 Louse","floor":2,"turns":2},{"damage":5,"enemies":"Jaw Worm","floor":3,"turns":4},{"damage":10,"enemies":"Exordium Wildlife","floor":4,"turns":7},{"damage":4,"enemies":"2 Fungi Beasts","floor":5,"turns":5},{"damage":16,"enemies":"Lagavulin","floor":7,"turns":6},{"damage":5,"enemies":"3 Louse","floor":8,"turns":4},{"damage":8,"enemies":"3 Sentries","floor":11,"turns":8},{"damage":5,"enemies":"Lagavulin","floor":14,"turns":7},{"damage":19,"enemies":"Slime Boss","floor":16,"turns":8},{"damage":25,"enemies":"3 Byrds","floor":18,"turns":4},{"damage":24,"enemies":"Colosseum Slavers","floor":21,"turns":2}],"seed_played":"8686397760078932903","potions_obtained":[{"floor":3,"key":"FairyPotion"},{"floor":5,"key":"FearPotion"},{"floor":7,"key":"Weak Potion"},{"floor":18,"key":"SteroidPotion"}],"is_trial":false,"path_per_floor":["M","M","M","M","M","R","E","M","T","R","E","R","$","E","R","B",null,"M","$","?","?"],"character_chosen":"DEFECT","items_purchased":["Capacitor","Loop"],"campfire_rested":2,"item_purchase_floors":[13,19],"current_hp_per_floor":[57,57,52,42,38,38,22,17,17,36,28,47,47,42,42,23,54,29,29,12,0],"gold":175,"neow_bonus":"RANDOM_COLORLESS_2","is_prod":false,"is_daily":false,"chose_seed":false,"campfire_upgraded":2,"win_rate":0,"timestamp":1555322871,"path_taken":["M","M","M","M","M","R","E","M","T","R","E","R","$","E","R","BOSS","M","$","?","?"],"build_version":"2019-04-04","purchased_purges":1,"victory":false,"max_hp_per_floor":[64,64,64,64,64,64,64,64,64,64,64,64,64,64,64,64,64,64,64,69,69],"card_choices":[{"not_picked":["Conserve Battery","Steam"],"picked":"BootSequence","floor":1},{"not_picked":["Hologram","Coolheaded"],"picked":"Chill","floor":2},{"not_picked":["Redo","Lockon"],"picked":"Chaos","floor":3},{"not_picked":["Steam Power","Static Discharge"],"picked":"Loop","floor":4},{"not_picked":["Blizzard","Stack","Storm"],"picked":"SKIP","floor":5},{"not_picked":["Doom and Gloom","Static Discharge"],"picked":"White Noise","floor":7},{"not_picked":["Redo","Coolheaded"],"picked":"Ball Lightning","floor":8},{"not_picked":["Turbo","Chill"],"picked":"Core Surge","floor":11},{"not_picked":["Rebound","Gash"],"picked":"Compile Driver","floor":14},{"not_picked":["Core Surge","Buffer"],"picked":"Electrodynamics","floor":16},{"not_picked":["Chaos","Rebound","Go for the Eyes"],"picked":"SKIP","floor":18}],"player_experience":2948363,"relics_obtained":[{"floor":7,"key":"Whetstone"},{"floor":11,"key":"Orichalcum"},{"floor":14,"key":"Mummified Hand"}],"event_choices":[{"damage_healed":0,"gold_gain":0,"player_choice":"Shed Blood","damage_taken":22,"max_hp_gain":5,"max_hp_loss":0,"event_name":"Forgotten Altar","floor":20,"gold_loss":0},{"damage_healed":0,"gold_gain":0,"player_choice":"Fight","damage_taken":0,"max_hp_gain":0,"max_hp_loss":0,"event_name":"Colosseum","floor":21,"gold_loss":0}],"is_beta":true,"boss_relics":[{"not_picked":["Black Star","Calling Bell"],"picked":"Astrolabe"}],"items_purged_floors":[13],"is_endless":false,"potions_floor_spawned":[3,5,7,18],"killed_by":"Colosseum Slavers","ascension_level":17}