{"gold_per_floor":[116,127,146,52,71,133,133,133,133,152,152,164,197,210,210,309,309,329,344,344,59,112,112,140,150,176,176,194,194,194,194,194,292,292,312,56,75,75,95,95,95,95,95,95,114,132,132,144,144,144],"floor_reached":50,"playtime":5416,"items_purged":["Defend_G","Defend_G"],"score":571,"play_id":"adacd006-67d7-4c77-afd9-ba6c7f7e8630","local_time":"20181226234030","is_ascension_mode":true,"campfire_choices":[{"data":"Prepared","floor":8.0,"key":"SMITH"},{"floor":11.0,"key":"REST"},{"floor":15.0,"key":"REST"},{"data":"Tactician","floor":23.0,"key":"SMITH"},{"floor":27.0,"key":"REST"},{"floor":30.0,"key":"REST"},{"floor":32.0,"key":"REST"},{"floor":40.0,"key":"REST"},{"data":"Survivor","floor":42.0,"key":"SMITH"},{"data":"Calculated Gamble","floor":44.0,"key":"SMITH"},{"data":"Backflip","floor":47.0,"key":"SMITH"},{"floor":49,"key":"REST"}],"neow_cost":"NONE","seed_source_timestamp":348055590498637,"circlet_count":0,"master_deck":["Defend_G","Defend_G","Survivor+1","Neutralize","Underhanded Strike","PiercingWail","Reflex","Finesse","Prepared+1","Tactician+1","Prepared","Bouncing Flask","Terror","Calculated Gamble+1","Night Terror","Backstab+1","Riddle With Holes+1","Noxious Fumes+1","Well Laid Plans","Bite","Bite","Bite","Bite","Bite","Backflip+1","Distraction+1","PiercingWail","After Image","Tactician+1","Acrobatics+1","PiercingWail+1","Outmaneuver+1","Sadistic Nature","Regret","Backflip+1","Tactician+1"],"special_seed":0,"relics":["Ring of the Snake","NeowsBlessing","Tiny Chest","Unceasing Top","Ninja Scroll","Sundial","Astrolabe","Lantern","Boot","Ancient Tea Set","Dream Catcher","Dodecahedron","Cursed Key","Snake Skull","Bottled Lightning"],"potions_floor_usage":[48,50],"damage_taken":[{"damage":0.0,"enemies":"Small Slimes","floor":1.0,"turns":1.0},{"damage":0.0,"enemies":"2 Louse","floor":2.0,"turns":1.0},{"damage":0.0,"enemies":"Jaw Worm","floor":3.0,"turns":1.0},{"damage":7.0,"enemies":"3 Louse","floor":5.0,"turns":4.0},{"damage":8.0,"enemies":"3 Sentries","floor":6.0,"turns":5.0},{"damage":26.0,"enemies":"Large Slime","floor":10.0,"turns":8.0},{"damage":0.0,"enemies":"2 Fungi Beasts","floor":12.0,"turns":3.0},{"damage":2.0,"enemies":"Lagavulin","floor":13.0,"turns":5.0},{"damage":1.0,"enemies":"Looter","floor":14.0,"turns":3.0},{"damage":21.0,"enemies":"The Guardian","floor":16.0,"turns":14.0},{"damage":8.0,"enemies":"2 Thieves","floor":18.0,"turns":5.0},{"damage":5.0,"enemies":"Chosen","floor":19.0,"turns":4.0},{"damage":25.0,"enemies":"Slavers","floor":24.0,"turns":4.0},{"damage":23.0,"enemies":"Snecko","floor":25.0,"turns":5.0},{"damage":30.0,"enemies":"Chosen and Byrds","floor":28.0,"turns":5.0},{"damage":63.0,"enemies":"Collector","floor":33.0,"turns":13.0},{"damage":13.0,"enemies":"3 Darklings","floor":35.0,"turns":8.0},{"damage":15.0,"enemies":"3 Shapes","floor":37.0,"turns":7.0},{"damage":23.0,"enemies":"Maw","floor":39.0,"turns":6.0},{"damage":7.0,"enemies":"4 Shapes","floor":45.0,"turns":6.0},{"damage":9.0,"enemies":"Sphere and 2 Shapes","floor":46.0,"turns":5.0},{"damage":23,"enemies":"Transient","floor":48,"turns":5},{"damage":75,"enemies":"Time Eater","floor":50,"turns":12}],"seed_played":"7673750313596560638","potions_obtained":[{"floor":2.0,"key":"AttackPotion"},{"floor":3.0,"key":"Strength Potion"},{"floor":5.0,"key":"Poison Potion"},{"floor":6.0,"key":"Energy Potion"},{"floor":14.0,"key":"SkillPotion"},{"floor":18.0,"key":"Energy Potion"},{"floor":25.0,"key":"LiquidBronze"},{"floor":35.0,"key":"Weak Potion"},{"floor":39.0,"key":"Fire Potion"},{"floor":48,"key":"EssenceOfSteel"}],"is_trial":false,"path_per_floor":["M","M","M","$","M","E","?","R","T","M","R","M","E","M","R","B",null,"M","M","?","$","T","R","E","M","T","R","M","?","R","T","R","B",null,"M","$","M","?","M","R","?","R","T","R","M","M","R","M","R","B"],"character_chosen":"THE_SILENT","items_purchased":["Finesse","Lantern","Backflip","Snake Skull"],"campfire_rested":7,"item_purchase_floors":[4,21,21,36],"current_hp_per_floor":[70,70,70,70,63,55,43,43,43,17,38,38,36,35,56,35,70,62,57,49,49,49,49,34,25,25,39,19,12,28,28,44,7,54,51,51,41,41,28,44,44,44,44,44,41,40,40,27,43,0],"gold":144,"neow_bonus":"THREE_ENEMY_KILL","is_prod":false,"is_daily":false,"chose_seed":false,"campfire_upgraded":5,"win_rate":0,"timestamp":1545835230,"path_taken":["M","M","M","$","M","E","?","R","T","M","R","M","E","M","R","BOSS","M","M","?","$","?","R","E","M","T","R","M","?","R","?","R","BOSS","M","$","M","?","M","R","?","R","T","R","M","M","R","M","R","BOSS"],"build_version":"2018-12-20","purchased_purges":2,"victory":false,"max_hp_per_floor":[70,70,70,70,70,70,70,70,70,70,70,70,70,70,70,70,70,70,70,49,49,49,49,49,49,49,49,49,54,54,54,54,54,54,54,54,54,54,54,54,54,54,54,54,54,54,54,54,54,54],"card_choices":[{"not_picked":["Bane","Endless Agony"],"picked":"Underhanded Strike","floor":1.0},{"not_picked":["Deflect","Choke"],"picked":"PiercingWail","floor":2.0},{"not_picked":["Slice","PiercingWail"],"picked":"Reflex","floor":3.0},{"not_picked":["Skewer","Riddle With Holes"],"picked":"Prepared","floor":5.0},{"not_picked":["Concentrate","Prepared"],"picked":"Tactician","floor":6.0},{"not_picked":["Flying Knee","Slice"],"picked":"Prepared","floor":10.0},{"not_picked":["Phantasmal Killer","Sucker Punch"],"picked":"Bouncing Flask","floor":12.0},{"not_picked":["Skewer","Crippling Poison"],"picked":"Terror","floor":13.0},{"not_picked":["Slice","Distraction"],"picked":"Calculated Gamble","floor":14.0},{"not_picked":["Doppelganger","Wraith Form v2"],"picked":"Night Terror","floor":16.0},{"not_picked":["Acrobatics+1","Dagger Throw"],"picked":"Well Laid Plans","floor":18.0},{"not_picked":["Blade Dance+1","Prepared","Sucker Punch+1"],"picked":"SKIP","floor":19.0},{"not_picked":["Masterful Stab","Dagger Spray","Wraith Form v2"],"picked":"SKIP","floor":24.0},{"not_picked":["Well Laid Plans","Flying Knee+1"],"picked":"Distraction+1","floor":25.0},{"not_picked":["Predator","Underhanded Strike","Blade Dance"],"picked":"SKIP","floor":28.0},{"not_picked":["Prepared","Outmaneuver"],"picked":"PiercingWail","floor":32.0},{"not_picked":["Phantasmal Killer","Malaise"],"picked":"After Image","floor":33.0},{"not_picked":["Dodge and Roll+1","Catalyst"],"picked":"Tactician+1","floor":35.0},{"not_picked":["Prepared","Cloak And Dagger+1"],"picked":"Acrobatics+1","floor":37.0},{"not_picked":["Well Laid Plans+1","Bane"],"picked":"PiercingWail+1","floor":39.0},{"not_picked":["Bane+1","PiercingWail"],"picked":"Outmaneuver+1","floor":40.0},{"not_picked":["Mind Blast","Discovery"],"picked":"Sadistic Nature","floor":41.0},{"not_picked":["Eviscerate","Bane"],"picked":"Backflip+1","floor":45.0},{"not_picked":["Quick Slash","Slice"],"picked":"Tactician+1","floor":46.0},{"not_picked":["Deadly Poison","Dodge and Roll","Infinite Blades"],"picked":"SKIP","floor":48}],"player_experience":219791,"relics_obtained":[{"floor":6.0,"key":"Tiny Chest"},{"floor":9.0,"key":"Ninja Scroll"},{"floor":13.0,"key":"Sundial"},{"floor":22.0,"key":"Boot"},{"floor":24.0,"key":"Ancient Tea Set"},{"floor":26.0,"key":"Dream Catcher"},{"floor":31.0,"key":"Dodecahedron"},{"floor":43.0,"key":"Bottled Lightning"}],"event_choices":[{"damage_healed":0.0,"max_hp_gain":0.0,"max_hp_loss":0.0,"gold_gain":0.0,"event_name":"Scrap Ooze","player_choice":"Success","floor":7.0,"gold_loss":0.0,"damage_taken":12.0,"relics_obtained":["Unceasing Top"]},{"damage_healed":0.0,"max_hp_gain":0.0,"max_hp_loss":21.0,"gold_gain":0.0,"event_name":"Vampires","player_choice":"Became a vampire","floor":20.0,"gold_loss":0.0,"damage_taken":0.0,"cards_obtained":["Bite","Bite","Bite","Bite","Bite"]},{"damage_healed":0.0,"max_hp_gain":5.0,"max_hp_loss":0.0,"gold_gain":0.0,"event_name":"Forgotten Altar","player_choice":"Shed Blood","floor":29.0,"gold_loss":0.0,"damage_taken":12.0},{"damage_healed":0.0,"max_hp_gain":0.0,"max_hp_loss":0.0,"gold_gain":0.0,"event_name":"Mysterious Sphere","player_choice":"Ignored","floor":38.0,"gold_loss":0.0,"damage_taken":0.0},{"damage_healed":0.0,"max_hp_gain":0.0,"max_hp_loss":0.0,"gold_gain":0.0,"event_name":"SensoryStone","player_choice":"Memory 1","floor":41.0,"gold_loss":0.0,"damage_taken":0.0}],"is_beta":false,"boss_relics":[{"not_picked":["HoveringKite","White Beast Statue"],"picked":"Astrolabe"},{"not_picked":["Empty Cage","Velvet Choker"],"picked":"Cursed Key"}],"items_purged_floors":[21,36],"is_endless":false,"potions_floor_spawned":[2,3,5,6,14,18,25,35,39,48],"killed_by":"Time Eater","ascension_level":2}