{"gold_per_floor":[113,42,117,117,117,145,11,36,36,36,36,53,53,70,70,145,195,208,208,45,44,63,63,92,92,119,151,178,206,216,236,236,312,312,328,328,342,357,357,385,397,33,33,33,47,47,1,18,18,18],"floor_reached":50,"playtime":3067,"items_purged":["Regret","Pain"],"score":1098,"play_id":"0e4c206b-f276-44a5-9c2d-8d4c54871f7d","local_time":"20190512123952","is_ascension_mode":true,"campfire_choices":[{"data":"Dark Embrace","floor":11.0,"key":"SMITH"},{"data":"Warcry","floor":13.0,"key":"SMITH"},{"data":"Seeing Red","floor":15.0,"key":"SMITH"},{"floor":23.0,"key":"REST"},{"floor":25.0,"key":"REST"},{"floor":32,"key":"REST"},{"floor":44,"key":"REST"},{"floor":46,"key":"REST"},{"floor":49,"key":"REST"}],"neow_cost":"NONE","seed_source_timestamp":2658299673042058,"circlet_count":0,"master_deck":["AscendersBane","Strike_R+1","Strike_R+1","Strike_R+1","Strike_R+1","Strike_R+1","Defend_R+1","Defend_R+1","Defend_R+1","Defend_R+1","Bash+1","Shrug It Off","Seeing Red+1","Infernal Blade","Infernal Blade","Dark Embrace+1","Warcry+1","Flex","Limit Break","Havoc","Armaments","Corruption","Finesse","Ghostly Armor+1","Limit Break","Pommel Strike+1","Havoc","Seeing Red","Flex","Reckless Charge+1","Exhume","Corruption","Havoc","Infernal Blade","Flex","Dual Wield","Feel No Pain","Master of Strategy","Flame Barrier+1","Clash"],"special_seed":0,"relics":["Burning Blood","NeowsBlessing","Self Forming Clay","Happy Flower","MawBank","Shuriken","Kunai","Tiny House","Sundial","Anchor","Bag of Marbles","Red Mask","PreservedInsect","Runic Cube","WarpedTongs","Whetstone","Lantern"],"potions_floor_usage":[28,30,38,50,50],"damage_taken":[{"damage":0.0,"enemies":"Jaw Worm","floor":1.0,"turns":1.0},{"damage":3.0,"enemies":"3 Sentries","floor":6.0,"turns":2.0},{"damage":0.0,"enemies":"Gremlin Nob","floor":8.0,"turns":1.0},{"damage":4.0,"enemies":"2 Louse","floor":12.0,"turns":3.0},{"damage":3.0,"enemies":"Small Slimes","floor":14.0,"turns":2.0},{"damage":36.0,"enemies":"Slime Boss","floor":16.0,"turns":8.0},{"damage":16.0,"enemies":"Spheric Guardian","floor":18.0,"turns":4.0},{"damage":25.0,"enemies":"2 Thieves","floor":21.0,"turns":4.0},{"damage":0.0,"enemies":"Snecko","floor":22.0,"turns":3.0},{"damage":40.0,"enemies":"Gremlin Leader","floor":24.0,"turns":5.0},{"damage":4.0,"enemies":"Book of Stabbing","floor":27.0,"turns":4.0},{"damage":19,"enemies":"Masked Bandits","floor":28,"turns":4},{"damage":42,"enemies":"Gremlin Leader","floor":29,"turns":3},{"damage":5,"enemies":"Snake Plant","floor":30,"turns":3},{"damage":0,"enemies":"3 Cultists","floor":31,"turns":4},{"damage":26,"enemies":"Collector","floor":33,"turns":4},{"damage":0,"enemies":"Orb Walker","floor":35,"turns":3},{"damage":0,"enemies":"3 Shapes","floor":37,"turns":3},{"damage":15,"enemies":"Jaw Worm Horde","floor":38,"turns":3},{"damage":42,"enemies":"Nemesis","floor":40,"turns":5},{"damage":19,"enemies":"Sphere and 2 Shapes","floor":41,"turns":4},{"damage":21,"enemies":"Spire Growth","floor":45,"turns":4},{"damage":33,"enemies":"Maw","floor":48,"turns":5},{"damage":64,"enemies":"Awakened One","floor":50,"turns":6}],"seed_played":"-5011005096705362771","potions_obtained":[{"floor":1.0,"key":"SneckoOil"},{"floor":14.0,"key":"Energy Potion"},{"floor":17.0,"key":"Dexterity Potion"},{"floor":18.0,"key":"Ancient Potion"},{"floor":27.0,"key":"Regen Potion"},{"floor":28,"key":"EssenceOfSteel"},{"floor":35,"key":"SkillPotion"},{"floor":45,"key":"Poison Potion"},{"floor":48,"key":"Explosive Potion"}],"is_trial":false,"path_per_floor":["M","$","?","?","?","E","$","E","T","$","R","M","R","M","R","B",null,"M","?","$","M","M","R","E","R","T","E","?","E","M","M","R","B",null,"M","?","M","M","?","E","M","$","T","R","M","R","$","M","R","B"],"character_chosen":"IRONCLAD","items_purchased":["Seeing Red","Infernal Blade","Corruption","Finesse","Feel No Pain","Master of Strategy","Clash"],"campfire_rested":6,"item_purchase_floors":[2,7,20,20,42,42,47],"current_hp_per_floor":[74,74,63,63,52,55,55,61,61,61,61,63,63,66,66,36,70,60,60,60,41,47,71,37,61,61,63,62,26,27,33,57,37,69,75,63,69,60,60,24,11,11,11,35,20,44,44,17,41,0],"gold":18,"neow_bonus":"THREE_ENEMY_KILL","is_prod":false,"is_daily":false,"chose_seed":false,"campfire_upgraded":3,"win_rate":0,"timestamp":1557653992,"path_taken":["M","$","?","?","?","E","$","E","T","$","R","M","R","M","R","BOSS","M","?","$","M","M","R","E","R","T","E","?","E","M","M","R","BOSS","M","?","?","M","?","E","?","$","T","R","M","R","$","?","R","BOSS"],"build_version":"2019-01-23","purchased_purges":2,"victory":false,"max_hp_per_floor":[75,75,75,75,75,75,75,75,75,75,75,75,75,75,75,75,80,80,80,80,80,80,80,80,80,80,80,80,80,80,80,80,80,80,80,80,80,80,80,80,80,80,80,80,80,80,80,80,80,80],"card_choices":[{"not_picked":["Hemokinesis","Wild Strike"],"picked":"Shrug It Off","floor":1.0},{"not_picked":["Evolve","Iron Wave"],"picked":"Infernal Blade","floor":6.0},{"not_picked":["Cleave","Dual Wield"],"picked":"Dark Embrace","floor":8.0},{"not_picked":["Wild Strike","Rupture"],"picked":"Warcry","floor":12.0},{"not_picked":["Power Through","Iron Wave"],"picked":"Flex","floor":14.0},{"not_picked":["Dark Embrace","Fiend Fire"],"picked":"Limit Break","floor":16.0},{"not_picked":["Clothesline","Body Slam"],"picked":"Havoc","floor":17.0},{"not_picked":["Wild Strike","Headbutt"],"picked":"Armaments","floor":18.0},{"not_picked":["Anger","Thunderclap"],"picked":"Ghostly Armor+1","floor":21.0},{"not_picked":["Combust+1","Armaments"],"picked":"Limit Break","floor":22.0},{"not_picked":["Heavy Blade","Anger"],"picked":"Pommel Strike","floor":24.0},{"not_picked":["Reaper","Metallicize"],"picked":"Havoc","floor":27.0},{"not_picked":["True Grit","Armaments"],"picked":"Seeing Red","floor":28},{"not_picked":["Clash+1","Wild Strike"],"picked":"Flex","floor":29},{"not_picked":["Dropkick","Heavy Blade","Headbutt"],"picked":"SKIP","floor":30},{"not_picked":["Rupture+1","Hemokinesis"],"picked":"Reckless Charge+1","floor":31},{"not_picked":["Berserk","Double Tap"],"picked":"Exhume","floor":33},{"not_picked":["Hemokinesis","Clash"],"picked":"Corruption","floor":35},{"not_picked":["Hemokinesis","Clash+1"],"picked":"Havoc","floor":37},{"not_picked":["Armaments","True Grit"],"picked":"Infernal Blade","floor":38},{"not_picked":["Sever Soul","Wild Strike"],"picked":"Flex","floor":40},{"not_picked":["Cleave","Inflame"],"picked":"Dual Wield","floor":41},{"not_picked":["Inflame","Rampage"],"picked":"Flame Barrier+1","floor":45},{"not_picked":["Twin Strike","Iron Wave","Demon Form"],"picked":"SKIP","floor":48}],"player_experience":1337061,"relics_obtained":[{"floor":6.0,"key":"MawBank"},{"floor":8.0,"key":"Shuriken"},{"floor":9.0,"key":"Kunai"},{"floor":24.0,"key":"Sundial"},{"floor":26.0,"key":"Anchor"},{"floor":27.0,"key":"Bag of Marbles"},{"floor":28,"key":"Red Mask"},{"floor":29,"key":"PreservedInsect"},{"floor":40,"key":"Whetstone"},{"floor":43,"key":"Lantern"}],"event_choices":[{"damage_healed":0.0,"max_hp_gain":0.0,"max_hp_loss":0.0,"gold_gain":75.0,"event_name":"World of Goop","player_choice":"Gather Gold","floor":3.0,"gold_loss":0.0,"damage_taken":11.0},{"damage_healed":0.0,"max_hp_gain":0.0,"max_hp_loss":0.0,"gold_gain":0.0,"event_name":"Big Fish","player_choice":"Box","floor":4.0,"gold_loss":0.0,"damage_taken":0.0,"relics_obtained":["Self Forming Clay"],"cards_obtained":["Regret"]},{"damage_healed":0.0,"max_hp_gain":0.0,"max_hp_loss":0.0,"gold_gain":0.0,"event_name":"Scrap Ooze","player_choice":"Success","floor":5.0,"gold_loss":0.0,"damage_taken":11.0,"relics_obtained":["Happy Flower"]},{"damage_healed":0.0,"max_hp_gain":0.0,"max_hp_loss":0.0,"gold_gain":0.0,"event_name":"Back to Basics","player_choice":"Simplicity","floor":19.0,"gold_loss":0.0,"damage_taken":0.0,"cards_upgraded":["Strike_R","Strike_R","Strike_R","Strike_R","Defend_R","Defend_R","Defend_R","Defend_R"]},{"damage_healed":0,"gold_gain":0,"player_choice":"Fought Bandits","damage_taken":0,"max_hp_gain":0,"max_hp_loss":0,"event_name":"Masked Bandits","floor":28,"gold_loss":0},{"damage_healed":0,"gold_gain":0,"player_choice":"Damaged","damage_taken":12,"max_hp_gain":0,"max_hp_loss":0,"event_name":"Wheel of Change","floor":36,"gold_loss":0},{"damage_healed":0,"gold_gain":0,"player_choice":"Rummage","damage_taken":0,"relics_obtained":["WarpedTongs"],"max_hp_gain":0,"max_hp_loss":0,"event_name":"Accursed Blacksmith","floor":39,"gold_loss":0,"cards_obtained":["Pain"]}],"is_beta":false,"boss_relics":[{"not_picked":["Astrolabe","Snecko Eye"],"picked":"Tiny House"},{"not_picked":["Black Blood","Coffee Dripper"],"picked":"Runic Cube"}],"items_purged_floors":[7,42],"is_endless":false,"potions_floor_spawned":[1,14,18,21,27,28,35,45,48],"killed_by":"Awakened One","ascension_level":15}