{"gold_per_floor":[112,131,142,158,178,178,212,137,137,137,15,15,15,28,28,102,102,119,119],"floor_reached":19,"playtime":559,"items_purged":[],"score":304,"play_id":"4221b2f7-5a42-44b8-a102-2f9f9579a870","local_time":"20190216113243","is_ascension_mode":true,"campfire_choices":[{"data":"Streamline","floor":6.0,"key":"SMITH"},{"data":"Zap","floor":10.0,"key":"SMITH"},{"data":"White Noise","floor":12.0,"key":"SMITH"},{"floor":15.0,"key":"REST"}],"neow_cost":"PERCENT_DAMAGE","seed_source_timestamp":10297812841302,"circlet_count":0,"master_deck":["AscendersBane","Strike_B","Strike_B","Strike_B","Defend_B","Defend_B","Defend_B","Defend_B","Zap+1","Dualcast","Sweeping Beam","Auto Shields","Streamline+1","Core Surge","Conserve Battery","Redo","Defragment","White Noise+1","Creative AI","Machine Learning","Conserve Battery"],"special_seed":0,"relics":["Cracked Core","Emotion Chip","Blood Vial","Shuriken","Mummified Hand","Inserter"],"potions_floor_usage":[19],"damage_taken":[{"damage":0.0,"enemies":"2 Louse","floor":1.0,"turns":2.0},{"damage":0.0,"enemies":"Small Slimes","floor":2.0,"turns":3.0},{"damage":1.0,"enemies":"Jaw Worm","floor":3.0,"turns":4.0},{"damage":1.0,"enemies":"Exordium Wildlife","floor":4.0,"turns":3.0},{"damage":0.0,"enemies":"Large Slime","floor":5.0,"turns":5.0},{"damage":10.0,"enemies":"3 Sentries","floor":7.0,"turns":7.0},{"damage":6.0,"enemies":"Looter","floor":14.0,"turns":3.0},{"damage":15.0,"enemies":"The Guardian","floor":16.0,"turns":8.0},{"damage":40.0,"enemies":"2 Thieves","floor":18.0,"turns":3.0},{"damage":28,"enemies":"Colosseum Slavers","floor":19,"turns":3}],"seed_played":"-3425945538209021793","potions_obtained":[{"floor":1.0,"key":"Regen Potion"},{"floor":7.0,"key":"Explosive Potion"},{"floor":14.0,"key":"FocusPotion"}],"is_trial":false,"path_per_floor":["M","M","M","M","M","R","E","?","T","R","$","R","?","M","R","B",null,"M","?"],"character_chosen":"DEFECT","items_purchased":["Defragment","White Noise"],"campfire_rested":1,"item_purchase_floors":[11,11],"current_hp_per_floor":[46,46,45,44,44,44,49,49,49,49,49,49,14,10,31,18,58,20,0],"gold":119,"neow_bonus":"ONE_RARE_RELIC","is_prod":false,"is_daily":false,"chose_seed":false,"campfire_upgraded":3,"win_rate":0,"timestamp":1550284363,"path_taken":["M","M","M","M","M","R","E","?","T","R","$","R","?","M","R","BOSS","M","?"],"build_version":"2019-01-23","purchased_purges":0,"victory":false,"max_hp_per_floor":[71,71,71,71,71,71,71,71,71,71,71,71,71,71,71,71,71,71,71],"card_choices":[{"not_picked":["Darkness","Rip and Tear"],"picked":"Sweeping Beam","floor":1.0},{"not_picked":["Chaos","Hologram"],"picked":"Auto Shields","floor":2.0},{"not_picked":["BootSequence","Coolheaded"],"picked":"Streamline","floor":3.0},{"not_picked":["Rebound","Coolheaded"],"picked":"Core Surge","floor":4.0},{"not_picked":["Compile Driver","Leap"],"picked":"Conserve Battery","floor":5.0},{"not_picked":["Gash","Barrage"],"picked":"Redo","floor":7.0},{"not_picked":["Loop","Chill"],"picked":"Creative AI","floor":14.0},{"not_picked":["Creative AI","All For One"],"picked":"Machine Learning","floor":16.0},{"not_picked":["Fusion","Redo"],"picked":"Conserve Battery","floor":18.0}],"player_experience":637187,"relics_obtained":[{"floor":7.0,"key":"Blood Vial"},{"floor":9.0,"key":"Shuriken"}],"event_choices":[{"cards_removed":["Strike_B"],"damage_healed":0.0,"max_hp_gain":0.0,"max_hp_loss":0.0,"gold_gain":0.0,"event_name":"The Cleric","player_choice":"Card Removal","floor":8.0,"gold_loss":75.0,"damage_taken":0.0},{"damage_healed":0.0,"max_hp_gain":0.0,"max_hp_loss":0.0,"gold_gain":0.0,"event_name":"Scrap Ooze","player_choice":"Success","floor":13.0,"gold_loss":0.0,"damage_taken":35.0,"relics_obtained":["Mummified Hand"]},{"damage_healed":0,"gold_gain":0,"player_choice":"Fight","damage_taken":0,"max_hp_gain":0,"max_hp_loss":0,"event_name":"Colosseum","floor":19,"gold_loss":0}],"is_beta":false,"boss_relics":[{"not_picked":["Lizard Tail","FrozenCore"],"picked":"Inserter"}],"items_purged_floors":[],"is_endless":false,"potions_floor_spawned":[1,7,14],"killed_by":"Colosseum Slavers","ascension_level":16}