{"gold_per_floor":[116,134,134,134,144,144,155,155,155,155,169,169,230,241,241,241],"floor_reached":16,"playtime":839,"items_purged":[],"score":189,"play_id":"bd567c66-ac92-4176-a529-d6f38142a94b","local_time":"20190408201051","is_ascension_mode":true,"campfire_choices":[{"data":"Neutralize","floor":10,"key":"SMITH"},{"data":"Dagger Spray","floor":12,"key":"SMITH"},{"data":"Forethought","floor":15,"key":"SMITH"}],"neow_cost":"PERCENT_DAMAGE","seed_source_timestamp":3439342329586079,"circlet_count":0,"master_deck":["AscendersBane","Defend_G","Defend_G","Defend_G","Defend_G+1","Defend_G","Strike_G","Strike_G","Strike_G","Strike_G","Strike_G","Survivor+1","Neutralize+1","Violence","Forethought+1","PiercingWail","Cloak And Dagger","Dagger Spray+1","Cloak And Dagger","Calculated Gamble","Burst","Backflip"],"relics":["Ring of the Snake","Oddly Smooth Stone","Mercury Hourglass","Tiny Chest"],"potions_floor_usage":[13,16],"damage_taken":[{"damage":0,"enemies":"Cultist","floor":1,"turns":4},{"damage":4,"enemies":"Small Slimes","floor":2,"turns":4},{"damage":0,"enemies":"2 Louse","floor":5,"turns":4},{"damage":0,"enemies":"Blue Slaver","floor":7,"turns":7},{"damage":0,"enemies":"Looter","floor":11,"turns":5},{"damage":9,"enemies":"Gremlin Nob","floor":13,"turns":3},{"damage":0,"enemies":"Exordium Wildlife","floor":14,"turns":2},{"damage":36,"enemies":"Hexaghost","floor":16,"turns":14}],"seed_played":"-1964286325820263140","potions_obtained":[{"floor":5,"key":"FearPotion"},{"floor":11,"key":"FearPotion"}],"is_trial":false,"path_per_floor":["M","M","T","?","M","?","M","$","T","R","M","R","E","M","R","B"],"character_chosen":"THE_SILENT","items_purchased":[],"campfire_rested":0,"item_purchase_floors":[],"current_hp_per_floor":[44,40,40,20,20,42,42,42,42,42,42,42,33,33,33,0],"gold":241,"neow_bonus":"RANDOM_COLORLESS_2","is_prod":false,"is_daily":false,"chose_seed":false,"campfire_upgraded":3,"win_rate":0,"timestamp":1554721851,"path_taken":["M","M","?","?","M","?","M","$","T","R","M","R","E","?","R","BOSS"],"build_version":"2019-04-04","purchased_purges":0,"victory":false,"max_hp_per_floor":[66,66,66,66,66,66,66,66,66,66,66,66,66,66,66,66],"card_choices":[{"not_picked":["Deflect","Sucker Punch"],"picked":"PiercingWail","floor":1},{"not_picked":["Escape Plan","Sucker Punch"],"picked":"Cloak And Dagger","floor":2},{"not_picked":["Slice","Backflip"],"picked":"Dagger Spray","floor":5},{"not_picked":["Sucker Punch","Quick Slash"],"picked":"Cloak And Dagger","floor":7},{"not_picked":["Leg Sweep","Deflect"],"picked":"Calculated Gamble","floor":11},{"not_picked":["Acrobatics","Backstab"],"picked":"Burst","floor":13},{"not_picked":["Bane","Leg Sweep"],"picked":"Backflip","floor":14}],"player_experience":2852675,"relics_obtained":[{"floor":3,"key":"Oddly Smooth Stone"},{"floor":9,"key":"Mercury Hourglass"},{"floor":13,"key":"Tiny Chest"}],"event_choices":[{"damage_healed":0,"gold_gain":0,"player_choice":"Entered Light","damage_taken":20,"max_hp_gain":0,"max_hp_loss":0,"event_name":"Shining Light","floor":4,"gold_loss":0,"cards_upgraded":["Survivor","Defend_G"]},{"damage_healed":22,"gold_gain":0,"player_choice":"Banana","damage_taken":0,"max_hp_gain":0,"max_hp_loss":0,"event_name":"Big Fish","floor":6,"gold_loss":0}],"is_beta":true,"boss_relics":[],"items_purged_floors":[],"is_endless":false,"potions_floor_spawned":[5,11],"killed_by":"Hexaghost","ascension_level":17}