{"gold_per_floor":[111,111,71,81,31,31,58,76,76,76,89,122,122,122,122,218,218,228,248,248,263,280,280,48,48,73,88,88,104,104,154,154,252,252,272,286,9,21,71,71,221,221,221,221,96,146,156,170,170,170],"floor_reached":50,"playtime":2823,"items_purged":["Strike_G","Strike_G","Parasite"],"score":760,"play_id":"fe17b03d-b669-4979-b5c7-377cce60da42","local_time":"20190124220742","is_ascension_mode":true,"campfire_choices":[{"data":"Crippling Poison","floor":6.0,"key":"SMITH"},{"data":"1","floor":10.0,"key":"LIFT"},{"data":"Bouncing Flask","floor":13.0,"key":"SMITH"},{"data":"2","floor":15.0,"key":"LIFT"},{"floor":23.0,"key":"REST"},{"data":"Venomology","floor":25.0,"key":"SMITH"},{"floor":30,"key":"REST"},{"data":"3","floor":32,"key":"LIFT"},{"data":"Catalyst","floor":40,"key":"SMITH"},{"data":"Noxious Fumes","floor":42,"key":"SMITH"},{"data":"Dodge and Roll","floor":44,"key":"SMITH"},{"floor":49,"key":"REST"}],"neow_cost":"NONE","seed_source_timestamp":0,"circlet_count":0,"master_deck":["AscendersBane","Defend_G","Defend_G","Defend_G","Defend_G","Defend_G","Strike_G","Strike_G","Survivor","Neutralize+1","Crippling Poison+1","Well Laid Plans","Dagger Spray","Escape Plan","Flying Knee","Bouncing Flask+1","Prepared","Dodge and Roll+1","Venomology+1","Escape Plan","Noxious Fumes+1","Acrobatics+1","Blur","Adrenaline","Calculated Gamble","Dagger Spray+1","PiercingWail","Corpse Explosion","Catalyst+1","Dodge and Roll+1","Backflip","Swift Strike+1","Deadly Poison+1"],"special_seed":0,"relics":["Ring of the Snake","NeowsBlessing","Girya","Prayer Wheel","Gremlin Horn","White Beast Statue","Juzu Bracelet","Happy Flower","Art of War","SsserpentHead","Cursed Key","Lantern","The Specimen","Molten Egg 2"],"potions_floor_usage":[29,33,33,35,36,36,38,38,41,41,41,41,47,48,50,50,50],"damage_taken":[{"damage":0.0,"enemies":"Small Slimes","floor":1.0,"turns":1.0},{"damage":0.0,"enemies":"Cultist","floor":4.0,"turns":1.0},{"damage":0.0,"enemies":"Lagavulin","floor":7.0,"turns":1.0},{"damage":1.0,"enemies":"2 Louse","floor":8.0,"turns":3.0},{"damage":7.0,"enemies":"2 Fungi Beasts","floor":11.0,"turns":3.0},{"damage":14.0,"enemies":"3 Sentries","floor":12.0,"turns":8.0},{"damage":25.0,"enemies":"The Guardian","floor":16.0,"turns":10.0},{"damage":23.0,"enemies":"2 Thieves","floor":18.0,"turns":4.0},{"damage":0.0,"enemies":"3 Byrds","floor":19.0,"turns":3.0},{"damage":19.0,"enemies":"Centurion and Healer","floor":21.0,"turns":7.0},{"damage":3.0,"enemies":"Cultist and Chosen","floor":22.0,"turns":8.0},{"damage":16.0,"enemies":"Snake Plant","floor":27.0,"turns":4.0},{"damage":7,"enemies":"Centurion and Healer","floor":29,"turns":5},{"damage":19,"enemies":"Collector","floor":33,"turns":8},{"damage":0,"enemies":"Orb Walker","floor":35,"turns":3},{"damage":0,"enemies":"3 Darklings","floor":36,"turns":2},{"damage":11,"enemies":"Sphere and 2 Shapes","floor":38,"turns":5},{"damage":5,"enemies":"Mind Bloom Boss Battle","floor":41,"turns":6},{"damage":2,"enemies":"4 Shapes","floor":47,"turns":1},{"damage":10,"enemies":"Writhing Mass","floor":48,"turns":5},{"damage":51,"enemies":"Donu and Deca","floor":50,"turns":4}],"seed_played":"-2668169863980904072","potions_obtained":[{"floor":1.0,"key":"Fire Potion"},{"floor":4.0,"key":"SpeedPotion"},{"floor":12.0,"key":"EssenceOfSteel"},{"floor":18.0,"key":"Swift Potion"},{"floor":19.0,"key":"PowerPotion"},{"floor":22.0,"key":"Strength Potion"},{"floor":27,"key":"Regen Potion"},{"floor":29,"key":"Block Potion"},{"floor":33,"key":"Fire Potion"},{"floor":36,"key":"EssenceOfSteel"},{"floor":38,"key":"FearPotion"},{"floor":39,"key":"EntropicBrew"},{"floor":41,"key":"EssenceOfSteel"},{"floor":48,"key":"Weak Potion"}],"is_trial":false,"path_per_floor":["M","?","$","M","?","R","E","M","T","R","M","E","R","?","R","B",null,"M","M","?","M","M","R","$","R","T","M","?","M","R","?","R","B",null,"M","M","$","M","?","R","?","R","T","R","$","?","M","M","R","B"],"character_chosen":"THE_SILENT","items_purchased":["Well Laid Plans","Happy Flower","Lantern","Backflip"],"campfire_rested":3,"item_purchase_floors":[3,24,37,37],"current_hp_per_floor":[63,63,63,63,63,63,63,62,62,62,55,41,41,41,41,16,57,34,34,34,15,12,33,33,33,33,17,17,24,45,45,45,26,59,59,59,59,48,48,48,43,43,43,43,43,43,41,31,51,0],"gold":170,"neow_bonus":"THREE_ENEMY_KILL","is_prod":false,"is_daily":false,"chose_seed":false,"campfire_upgraded":6,"win_rate":0,"timestamp":1548335262,"path_taken":["M","?","?","M","?","R","E","M","T","R","M","E","R","?","R","BOSS","M","M","?","M","M","R","?","R","T","M","?","M","R","?","R","BOSS","M","M","$","M","?","R","?","R","T","R","$","?","M","M","R","BOSS"],"build_version":"2019-01-23","purchased_purges":3,"victory":false,"max_hp_per_floor":[70,70,70,70,70,70,70,70,70,70,70,70,70,70,70,70,70,70,70,70,70,70,70,70,70,70,70,70,70,70,70,70,70,70,70,70,70,70,70,70,70,70,70,70,67,67,67,67,67,67],"card_choices":[{"not_picked":["PiercingWail","Blade Dance"],"picked":"Crippling Poison","floor":1.0},{"not_picked":["PiercingWail","Well Laid Plans"],"picked":"Dagger Spray","floor":4.0},{"not_picked":["Choke","All Out Attack"],"picked":"Escape Plan","floor":7.0},{"not_picked":["Prepared","Concentrate"],"picked":"Flying Knee","floor":8.0},{"not_picked":["Underhanded Strike","Skewer"],"picked":"Bouncing Flask","floor":11.0},{"not_picked":["Cloak And Dagger","Flying Knee"],"picked":"Prepared","floor":11.0},{"not_picked":["Concentrate","Choke"],"picked":"Dodge and Roll","floor":12.0},{"not_picked":["Bullet Time","Doppelganger"],"picked":"Venomology","floor":16.0},{"not_picked":["Sucker Punch","Quick Slash"],"picked":"Escape Plan","floor":18.0},{"not_picked":["Prepared","Slice","Flechettes"],"picked":"SKIP","floor":18.0},{"not_picked":["Predator","Acrobatics"],"picked":"Noxious Fumes","floor":19.0},{"not_picked":["Flechettes","Predator"],"picked":"Acrobatics+1","floor":19.0},{"not_picked":["Setup","Distraction"],"picked":"Blur","floor":21.0},{"not_picked":["Deadly Poison","Deflect"],"picked":"Adrenaline","floor":21.0},{"not_picked":["Endless Agony","Doppelganger"],"picked":"Calculated Gamble","floor":22.0},{"not_picked":["Bane","Prepared","Poisoned Stab"],"picked":"SKIP","floor":22.0},{"not_picked":["Sucker Punch","Deadly Poison"],"picked":"Dagger Spray+1","floor":27},{"not_picked":["Acrobatics","Concentrate","Quick Slash"],"picked":"SKIP","floor":27},{"not_picked":["Prepared","Dagger Throw+1"],"picked":"PiercingWail","floor":29},{"not_picked":["After Image","Deflect","Bouncing Flask"],"picked":"SKIP","floor":29},{"not_picked":["Bullet Time","Unload"],"picked":"Corpse Explosion","floor":33},{"not_picked":["Dodge and Roll","Flying Knee"],"picked":"Catalyst","floor":35},{"not_picked":["Outmaneuver","Deflect","Poisoned Stab"],"picked":"SKIP","floor":35},{"not_picked":["Underhanded Strike+1","Prepared+1"],"picked":"Dodge and Roll+1","floor":36},{"not_picked":["Outmaneuver","Predator+1","Blade Dance"],"picked":"SKIP","floor":36},{"not_picked":["Heel Hook+1","Dodge and Roll","Acrobatics"],"picked":"SKIP","floor":38},{"not_picked":["Backstab","PiercingWail","Catalyst"],"picked":"SKIP","floor":38},{"not_picked":["Enlightenment","Mayhem"],"picked":"Swift Strike+1","floor":46},{"not_picked":["Outmaneuver","Deflect","Dagger Spray+1"],"picked":"SKIP","floor":47},{"not_picked":["Dagger Spray+1","Outmaneuver","Eviscerate+1"],"picked":"SKIP","floor":47},{"not_picked":["Poisoned Stab+1","Doppelganger"],"picked":"Deadly Poison+1","floor":48},{"not_picked":["Blade Dance","Backstab+1","Concentrate"],"picked":"SKIP","floor":48}],"player_experience":437802,"relics_obtained":[{"floor":7.0,"key":"Girya"},{"floor":9.0,"key":"Prayer Wheel"},{"floor":12.0,"key":"Gremlin Horn"},{"floor":26.0,"key":"Art of War"},{"floor":41,"key":"The Specimen"},{"floor":43,"key":"Molten Egg 2"}],"event_choices":[{"damage_healed":0.0,"max_hp_gain":0.0,"max_hp_loss":0.0,"gold_gain":0.0,"event_name":"Upgrade Shrine","player_choice":"Upgraded","floor":2.0,"gold_loss":0.0,"damage_taken":0.0,"cards_upgraded":["Neutralize"]},{"cards_removed":["Strike_G"],"damage_healed":0.0,"max_hp_gain":0.0,"max_hp_loss":0.0,"gold_gain":0.0,"event_name":"The Cleric","player_choice":"Card Removal","floor":5.0,"gold_loss":50.0,"damage_taken":0.0},{"damage_healed":0.0,"max_hp_gain":0.0,"max_hp_loss":0.0,"gold_gain":0.0,"event_name":"Liars Game","player_choice":"Ignored","floor":14.0,"gold_loss":0.0,"damage_taken":0.0},{"damage_healed":0.0,"max_hp_gain":0.0,"max_hp_loss":0.0,"gold_gain":0.0,"event_name":"WeMeetAgain","player_choice":"Gave Potion","floor":20.0,"gold_loss":0.0,"damage_taken":0.0,"relics_obtained":["Juzu Bracelet"]},{"damage_healed":0,"gold_gain":0,"player_choice":"Trade","damage_taken":0,"relics_obtained":["SsserpentHead"],"max_hp_gain":0,"max_hp_loss":0,"event_name":"FaceTrader","floor":28,"gold_loss":0},{"damage_healed":0,"gold_gain":0,"player_choice":"Ignored","damage_taken":0,"max_hp_gain":0,"max_hp_loss":0,"event_name":"Cursed Tome","floor":31,"gold_loss":0},{"damage_healed":0,"gold_gain":0,"player_choice":"Got Potions","damage_taken":0,"max_hp_gain":0,"max_hp_loss":0,"event_name":"Lab","floor":39,"gold_loss":0},{"damage_healed":0,"gold_gain":0,"player_choice":"Fight","damage_taken":0,"max_hp_gain":0,"max_hp_loss":0,"event_name":"MindBloom","floor":41,"gold_loss":0},{"damage_healed":0,"gold_gain":0,"player_choice":"Memory 1","damage_taken":0,"max_hp_gain":0,"max_hp_loss":0,"event_name":"SensoryStone","floor":46,"gold_loss":0}],"is_beta":false,"boss_relics":[{"not_picked":["Fusion Hammer","HoveringKite"],"picked":"White Beast Statue"},{"not_picked":["Calling Bell","Orrery"],"picked":"Cursed Key"}],"items_purged_floors":[24,37,45],"is_endless":false,"potions_floor_spawned":[1,4,12,16,18,19,21,22,27,29,33,35,36,38,41,47,48],"killed_by":"Donu and Deca","ascension_level":12}