{"gold_per_floor":[364,364,287,299,366,399,414,428,428,428,428,457,477,244,244,319,319,331,331],"floor_reached":19,"playtime":1041,"items_purged":[],"score":310,"play_id":"cf84e814-8f6f-4038-8893-65fb7a8e6191","local_time":"20190512164556","is_ascension_mode":true,"campfire_choices":[{"floor":11,"key":"REST"},{"floor":15,"key":"REST"}],"neow_cost":"TEN_PERCENT_HP_LOSS","seed_source_timestamp":2675115949577637,"circlet_count":0,"master_deck":["AscendersBane","Strike_R","Strike_R","Strike_R","Strike_R","Strike_R","Defend_R","Defend_R","Defend_R","Defend_R","Bash","Pommel Strike","Warcry","Pommel Strike","Carnage","Headbutt","Corruption+1","Spot Weakness","Spot Weakness","Havoc","Ghostly Armor","Apotheosis","Warcry","Limit Break","Rage","Flame Barrier"],"relics":["Burning Blood","Unceasing Top","Prayer Wheel","Darkstone Periapt","Black Star"],"potions_floor_usage":[6,8,18],"damage_taken":[{"damage":11,"enemies":"Jaw Worm","floor":1,"turns":4},{"damage":8,"enemies":"Small Slimes","floor":4,"turns":4},{"damage":48,"enemies":"Lagavulin","floor":6,"turns":7},{"damage":1,"enemies":"Cultist","floor":7,"turns":3},{"damage":0,"enemies":"Large Slime","floor":8,"turns":4},{"damage":25,"enemies":"3 Sentries","floor":12,"turns":6},{"damage":11,"enemies":"Blue Slaver","floor":13,"turns":3},{"damage":11,"enemies":"The Guardian","floor":16,"turns":9},{"damage":34,"enemies":"2 Thieves","floor":18,"turns":4},{"damage":0,"enemies":"3 Byrds","floor":19,"turns":2}],"seed_played":"-3080666374020068050","potions_obtained":[{"floor":1,"key":"Poison Potion"},{"floor":7,"key":"SteroidPotion"},{"floor":8,"key":"Dexterity Potion"},{"floor":12,"key":"FearPotion"}],"is_trial":false,"path_per_floor":["M","?","$","M","?","E","M","M","T","?","R","E","M","$","R","B",null,"M","M"],"character_chosen":"IRONCLAD","items_purchased":["Warcry","Pommel Strike","Apotheosis","Warcry"],"campfire_rested":2,"item_purchase_floors":[3,3,14,14],"current_hp_per_floor":[63,63,63,61,61,19,24,30,30,30,50,31,26,26,46,41,61,33,33],"gold":331,"neow_bonus":"TWO_FIFTY_GOLD","is_prod":false,"is_daily":false,"chose_seed":false,"campfire_upgraded":0,"win_rate":0,"timestamp":1557668756,"path_taken":["M","?","$","M","?","E","M","M","T","?","R","E","M","$","R","BOSS","M","M"],"build_version":"2019-01-23","purchased_purges":0,"victory":false,"max_hp_per_floor":[68,68,68,68,68,68,68,68,68,68,68,68,68,68,68,68,68,68,68],"card_choices":[{"not_picked":["Metallicize","True Grit"],"picked":"Pommel Strike","floor":1},{"not_picked":["Hemokinesis","Cleave"],"picked":"Carnage","floor":4},{"not_picked":["Thunderclap","Body Slam"],"picked":"Headbutt","floor":6},{"not_picked":["Clothesline","Searing Blow"],"picked":"Corruption","floor":7},{"not_picked":["Clothesline","Wild Strike"],"picked":"Spot Weakness","floor":8},{"not_picked":["Dual Wield","Havoc"],"picked":"Spot Weakness","floor":12},{"not_picked":["Anger","Bloodletting"],"picked":"Havoc","floor":13},{"not_picked":["True Grit","Bloodletting"],"picked":"Ghostly Armor","floor":13},{"not_picked":["Barricade","Impervious"],"picked":"Limit Break","floor":16},{"not_picked":["Heavy Blade","Uppercut+1"],"picked":"Rage","floor":18},{"not_picked":["Flex+1","True Grit"],"picked":"Flame Barrier","floor":18}],"player_experience":1346521,"relics_obtained":[{"floor":6,"key":"Unceasing Top"},{"floor":9,"key":"Prayer Wheel"},{"floor":12,"key":"Darkstone Periapt"}],"event_choices":[{"damage_healed":0,"gold_gain":0,"player_choice":"Leave","damage_taken":0,"max_hp_gain":0,"max_hp_loss":0,"event_name":"The Cleric","floor":2,"gold_loss":0},{"damage_healed":0,"gold_gain":67,"player_choice":"Gained Gold","damage_taken":0,"max_hp_gain":0,"max_hp_loss":0,"event_name":"Golden Wing","floor":5,"gold_loss":0},{"damage_healed":0,"gold_gain":0,"player_choice":"Grow","damage_taken":0,"max_hp_gain":0,"max_hp_loss":0,"event_name":"Living Wall","floor":10,"gold_loss":0,"cards_upgraded":["Corruption"]}],"is_beta":false,"boss_relics":[{"not_picked":["Cursed Key","Velvet Choker"],"picked":"Black Star"}],"items_purged_floors":[],"is_endless":false,"potions_floor_spawned":[1,7,8,12],"killed_by":"3 Byrds","ascension_level":15}