{"gold_per_floor":[112,187,187,31,31,31,47,13,13,13,49,49,49,74,74,204,204,227,251,7,31,50,50,83,83,137,151,191,210,309,330,330,330],"floor_reached":33,"playtime":2202,"items_purged":["Strike_R"],"score":318,"play_id":"f5c25627-de42-4052-a4ac-3694a2e587bd","local_time":"20181231012954","is_ascension_mode":true,"campfire_choices":[{"data":"Bash","floor":6,"key":"SMITH"},{"data":"True Grit","floor":10,"key":"SMITH"},{"floor":13,"key":"REST"},{"data":"Inflame","floor":15,"key":"SMITH"},{"data":"Armaments","floor":23,"key":"SMITH"},{"data":"Shockwave","floor":32,"key":"SMITH"}],"neow_cost":"NONE","seed_source_timestamp":704401800663113,"circlet_count":0,"master_deck":["Strike_R","Strike_R","Strike_R","Strike_R","Defend_R","Defend_R","Defend_R","Defend_R","Bash+1","True Grit+1","Metallicize","Spot Weakness","Inflame+1","Shrug It Off","Impervious","Juggernaut","Armaments+1","Shockwave+1","Fire Breathing+1","Flex+1","Infernal Blade+1"],"relics":["Burning Blood","Regal Pillow","Golden Idol","Red Skull","Mercury Hourglass","Happy Flower","Runic Pyramid","Toxic Egg 2","Gremlin Horn","Red Mask"],"potions_floor_usage":[19,22,24,24,24,27,27,28,33],"damage_taken":[{"damage":10,"enemies":"Small Slimes","floor":1,"turns":3},{"damage":4,"enemies":"Jaw Worm","floor":7,"turns":4},{"damage":26,"enemies":"Gremlin Nob","floor":11,"turns":4},{"damage":1,"enemies":"Cultist","floor":14,"turns":3},{"damage":64,"enemies":"Slime Boss","floor":16,"turns":13},{"damage":16,"enemies":"Shell Parasite","floor":18,"turns":6},{"damage":10,"enemies":"2 Thieves","floor":19,"turns":5},{"damage":11,"enemies":"Snake Plant","floor":21,"turns":6},{"damage":19,"enemies":"3 Cultists","floor":22,"turns":6},{"damage":3,"enemies":"Gremlin Leader","floor":24,"turns":6},{"damage":7,"enemies":"Centurion and Healer","floor":27,"turns":6},{"damage":20,"enemies":"Masked Bandits","floor":28,"turns":6},{"damage":9,"enemies":"Snecko","floor":29,"turns":6},{"damage":12,"enemies":"3 Cultists","floor":31,"turns":5},{"damage":44,"enemies":"Collector","floor":33,"turns":7}],"seed_played":"808716952449079885","potions_obtained":[{"floor":11,"key":"SteroidPotion"},{"floor":16,"key":"Swift Potion"},{"floor":18,"key":"PowerPotion"},{"floor":21,"key":"Fire Potion"},{"floor":22,"key":"Strength Potion"},{"floor":25,"key":"Regen Potion"},{"floor":25,"key":"EssenceOfSteel"},{"floor":27,"key":"FearPotion"},{"floor":31,"key":"PowerPotion"}],"is_trial":false,"path_per_floor":["M","?","?","$","?","R","M","$","T","R","E","?","R","M","R","B",null,"M","M","$","M","M","R","E","?","T","M","?","M","?","M","R","B"],"character_chosen":"IRONCLAD","items_purchased":["Metallicize","Inflame","Toxic Egg 2"],"campfire_rested":1,"item_purchase_floors":[4,8,20],"current_hp_per_floor":[76,65,45,45,42,42,44,44,44,44,24,24,63,68,68,10,80,70,66,66,61,48,48,51,51,51,65,51,48,48,42,42,0],"gold":330,"neow_bonus":"RANDOM_COMMON_RELIC","is_prod":false,"is_daily":false,"chose_seed":false,"campfire_upgraded":5,"win_rate":0,"timestamp":1546187394,"path_taken":["M","?","?","$","?","R","M","?","T","R","E","?","R","M","R","BOSS","M","M","$","M","M","R","E","?","T","?","?","M","?","M","R","BOSS"],"build_version":"2018-12-20","purchased_purges":1,"victory":false,"max_hp_per_floor":[80,80,80,80,80,80,80,80,80,80,80,80,80,80,80,80,80,80,80,80,80,80,80,80,80,80,80,80,80,80,80,80,80],"card_choices":[{"not_picked":["Twin Strike","Shrug It Off"],"picked":"True Grit","floor":1},{"not_picked":["Warcry","Sentinel"],"picked":"Spot Weakness","floor":7},{"not_picked":["Intimidate","Whirlwind"],"picked":"Shrug It Off","floor":11},{"not_picked":["Warcry","Flex"],"picked":"Impervious","floor":14},{"not_picked":["Immolate","Dark Embrace"],"picked":"Juggernaut","floor":16},{"not_picked":["Anger","Clothesline"],"picked":"Armaments","floor":18},{"not_picked":["Wild Strike","Rampage"],"picked":"Shockwave","floor":19},{"not_picked":["Rampage","Power Through+1"],"picked":"Fire Breathing+1","floor":21},{"not_picked":["Clash","Sword Boomerang"],"picked":"Flex+1","floor":22},{"not_picked":["Anger","Sever Soul","Twin Strike"],"picked":"SKIP","floor":24},{"not_picked":["Clash","Bloodletting+1"],"picked":"Infernal Blade+1","floor":27},{"not_picked":["Inflame","Pummel","Heavy Blade"],"picked":"SKIP","floor":29},{"not_picked":["Bludgeon","Corruption+1","Iron Wave"],"picked":"SKIP","floor":31}],"player_experience":288556,"relics_obtained":[{"floor":9,"key":"Mercury Hourglass"},{"floor":11,"key":"Happy Flower"},{"floor":24,"key":"Gremlin Horn"},{"floor":28,"key":"Red Mask"}],"event_choices":[{"damage_healed":0,"gold_gain":75,"player_choice":"Gather Gold","damage_taken":11,"max_hp_gain":0,"max_hp_loss":0,"event_name":"World of Goop","floor":2,"gold_loss":0},{"damage_healed":0,"gold_gain":0,"player_choice":"Take Damage","damage_taken":20,"relics_obtained":["Golden Idol"],"max_hp_gain":0,"max_hp_loss":0,"event_name":"Golden Idol","floor":3,"gold_loss":0},{"damage_healed":0,"gold_gain":0,"player_choice":"Success","damage_taken":3,"relics_obtained":["Red Skull"],"max_hp_gain":0,"max_hp_loss":0,"event_name":"Scrap Ooze","floor":5,"gold_loss":0},{"damage_healed":0,"gold_gain":0,"player_choice":"Searched \u00271\u0027 times","damage_taken":0,"max_hp_gain":0,"max_hp_loss":0,"event_name":"Dead Adventurer","floor":12,"gold_loss":0},{"damage_healed":0,"gold_gain":0,"player_choice":"Got Potions","damage_taken":0,"max_hp_gain":0,"max_hp_loss":0,"event_name":"Lab","floor":25,"gold_loss":0},{"damage_healed":0,"gold_gain":0,"player_choice":"Fought Bandits","damage_taken":0,"max_hp_gain":0,"max_hp_loss":0,"event_name":"Masked Bandits","floor":28,"gold_loss":0},{"damage_healed":0,"gold_gain":99,"player_choice":"Stole From Cult","damage_taken":0,"max_hp_gain":0,"max_hp_loss":0,"event_name":"Nest","floor":30,"gold_loss":0}],"is_beta":false,"boss_relics":[{"not_picked":["White Beast Statue","Black Blood"],"picked":"Runic Pyramid"}],"items_purged_floors":[4],"is_endless":false,"potions_floor_spawned":[11,16,18,21,22,27,31],"killed_by":"Collector","ascension_level":4}