{"gold_per_floor":[110,110,110,128,128,128,189,189,236,264,283,296,296,315,315,390,390,405,295,308,308,318,318,318],"floor_reached":24,"playtime":1010,"items_purged":[],"score":431,"play_id":"e4ff120c-117f-48c7-9cbc-5e3a36e073c9","local_time":"20190415192452","is_ascension_mode":true,"campfire_choices":[{"data":"Go for the Eyes","floor":6,"key":"SMITH"},{"data":"Thunder Strike","floor":13,"key":"SMITH"},{"floor":15,"key":"REST"},{"floor":23,"key":"REST"}],"neow_cost":"NONE","seed_source_timestamp":271369578250909,"circlet_count":0,"master_deck":["AscendersBane","Defend_B","Defend_B","Defend_B","Zap+1","Dualcast","Go for the Eyes+1","Cold Snap","Steam","Steam+1","Go for the Eyes","Thunder Strike+1","Ball Lightning","Thunder Strike","Reinforced Body+1","Ball Lightning+1","Reinforced Body+1","Skim","Capacitor+1"],"relics":["Cracked Core","NeowsBlessing","Tiny Chest","Nunchaku","DataDisk","Potion Belt","Astrolabe"],"potions_floor_usage":[18,21],"damage_taken":[{"damage":0,"enemies":"Cultist","floor":1,"turns":1},{"damage":0,"enemies":"2 Louse","floor":4,"turns":1},{"damage":0,"enemies":"Gremlin Nob","floor":7,"turns":1},{"damage":9,"enemies":"Lagavulin","floor":10,"turns":8},{"damage":0,"enemies":"Small Slimes","floor":11,"turns":3},{"damage":0,"enemies":"Looter","floor":12,"turns":3},{"damage":5,"enemies":"Red Slaver","floor":14,"turns":3},{"damage":30,"enemies":"The Guardian","floor":16,"turns":9},{"damage":4,"enemies":"Chosen","floor":18,"turns":5},{"damage":0,"enemies":"Shell Parasite","floor":20,"turns":6},{"damage":0,"enemies":"Snecko","floor":21,"turns":3},{"damage":25,"enemies":"Cultist and Chosen","floor":22,"turns":6},{"damage":53,"enemies":"3 Cultists","floor":24,"turns":5}],"seed_played":"6526188572938294227","potions_obtained":[{"floor":1,"key":"SmokeBomb"},{"floor":4,"key":"Ancient Potion"},{"floor":14,"key":"LiquidBronze"}],"is_trial":false,"path_per_floor":["M","$","?","M","?","R","E","?","T","E","M","M","R","M","R","B",null,"M","?","M","M","M","R","M"],"character_chosen":"DEFECT","items_purchased":[],"campfire_rested":2,"item_purchase_floors":[],"current_hp_per_floor":[64,64,64,64,57,57,57,39,39,30,30,30,30,25,46,16,57,53,53,53,53,28,49,0],"gold":318,"neow_bonus":"THREE_ENEMY_KILL","is_prod":false,"is_daily":false,"chose_seed":false,"campfire_upgraded":2,"win_rate":0,"timestamp":1555323892,"path_taken":["M","$","?","?","?","R","E","?","T","E","M","M","R","M","R","BOSS","M","?","?","M","M","R","M"],"build_version":"2019-04-04","purchased_purges":0,"victory":false,"max_hp_per_floor":[71,71,71,71,71,71,71,71,71,71,71,71,71,71,71,71,71,71,71,71,71,71,71,71],"card_choices":[{"not_picked":["Hello World","Rip and Tear"],"picked":"Go for the Eyes","floor":1},{"not_picked":["Go for the Eyes","Doom and Gloom"],"picked":"Cold Snap","floor":4},{"not_picked":["Force Field","Gash"],"picked":"Steam","floor":7},{"not_picked":["Redo","Sweeping Beam"],"picked":"Steam","floor":10},{"not_picked":["Rebound","Stack"],"picked":"Go for the Eyes","floor":11},{"not_picked":["Sweeping Beam","Static Discharge"],"picked":"Thunder Strike","floor":12},{"not_picked":["Go for the Eyes","Melter"],"picked":"Ball Lightning","floor":14},{"not_picked":["Amplify","Hyperbeam"],"picked":"Thunder Strike","floor":16},{"not_picked":["Sweeping Beam","Cold Snap"],"picked":"Skim","floor":18},{"not_picked":["Static Discharge","Gash"],"picked":"Capacitor+1","floor":20},{"not_picked":["Streamline","Rip and Tear","Reprogram"],"picked":"SKIP","floor":22}],"player_experience":2949980,"relics_obtained":[{"floor":7,"key":"Tiny Chest"},{"floor":9,"key":"DataDisk"},{"floor":10,"key":"Potion Belt"}],"event_choices":[{"damage_healed":0,"gold_gain":0,"player_choice":"Upgraded","damage_taken":0,"max_hp_gain":0,"max_hp_loss":0,"event_name":"Upgrade Shrine","floor":3,"gold_loss":0,"cards_upgraded":["Zap"]},{"cards_removed":["Strike_B"],"damage_healed":0,"gold_gain":0,"player_choice":"Card Removal","damage_taken":7,"max_hp_gain":0,"max_hp_loss":0,"event_name":"Golden Wing","floor":5,"gold_loss":0},{"damage_healed":0,"gold_gain":0,"player_choice":"Success","damage_taken":18,"relics_obtained":["Nunchaku"],"max_hp_gain":0,"max_hp_loss":0,"event_name":"Scrap Ooze","floor":8,"gold_loss":0},{"cards_removed":["Defend_B"],"damage_healed":0,"gold_gain":0,"player_choice":"Upgrade and Remove","damage_taken":0,"max_hp_gain":0,"max_hp_loss":0,"event_name":"Designer","floor":19,"gold_loss":110,"cards_upgraded":["Steam"]}],"is_beta":true,"boss_relics":[{"not_picked":["Runic Dome","Coffee Dripper"],"picked":"Astrolabe"}],"items_purged_floors":[],"is_endless":false,"potions_floor_spawned":[1,4,14,21],"killed_by":"3 Cultists","ascension_level":17}