{"gold_per_floor":[117,136,151,151,151,151,185,205,205,205,225,18,39,62,62,153,153,168,186,186,225,225,260,260,303,303,303,328,328,105,144,144,240,240,255,57,78,78,99,138,138,159,159,159,179,203,203,237,237,237],"floor_reached":51,"playtime":3738,"items_purged":[],"score":1224,"play_id":"63dc7d9f-2af9-4e10-8e43-d154ad7fc56f","local_time":"20190512131803","is_ascension_mode":true,"campfire_choices":[{"data":"Neutralize","floor":6,"key":"SMITH"},{"data":"Footwork","floor":15,"key":"SMITH"},{"data":"Caltrops","floor":24,"key":"SMITH"},{"data":"Corpse Explosion","floor":29,"key":"SMITH"},{"floor":32,"key":"REST"},{"floor":41,"key":"REST"},{"floor":44,"key":"RECALL"},{"floor":47,"key":"REST"},{"floor":49,"key":"REST"}],"neow_cost":"NONE","seed_source_timestamp":1355781873492966,"circlet_count":0,"master_deck":["AscendersBane","Defend_G","Defend_G+1","Defend_G","Defend_G","Defend_G+1","Strike_G+1","Survivor","Neutralize+1","PiercingWail+1","Flying Knee","Bouncing Flask+1","Backflip","Backstab+1","Corpse Explosion+1","Footwork+1","Dodge and Roll","Footwork+1","Flechettes+1","PiercingWail+1","Cloak And Dagger+1","Deflect","Escape Plan","Caltrops+1","Die Die Die","Escape Plan","Deflect+1","Apotheosis+1","Deflect","PiercingWail+1","Calculated Gamble","Backflip+1","Adrenaline"],"relics":["Ring of the Snake","Golden Idol","War Paint","Whetstone","Astrolabe","Red Mask","Bottled Lightning","Du-Vu Doll","Snake Skull","Pen Nib","Cursed Key","Lee\u0027s Waffle","Shuriken","Oddly Smooth Stone"],"potions_floor_usage":[7,16,21,31,50],"damage_taken":[{"damage":0,"enemies":"2 Louse","floor":1,"turns":2},{"damage":4,"enemies":"Small Slimes","floor":2,"turns":5},{"damage":1,"enemies":"Cultist","floor":3,"turns":4},{"damage":13,"enemies":"Gremlin Nob","floor":7,"turns":4},{"damage":1,"enemies":"Exordium Wildlife","floor":8,"turns":4},{"damage":0,"enemies":"Blue Slaver","floor":11,"turns":3},{"damage":0,"enemies":"Large Slime","floor":13,"turns":5},{"damage":3,"enemies":"Looter","floor":14,"turns":2},{"damage":27,"enemies":"The Guardian","floor":16,"turns":9},{"damage":3,"enemies":"3 Byrds","floor":18,"turns":4},{"damage":0,"enemies":"Spheric Guardian","floor":19,"turns":4},{"damage":4,"enemies":"Masked Bandits","floor":21,"turns":2},{"damage":3,"enemies":"Slavers","floor":23,"turns":5},{"damage":7,"enemies":"Book of Stabbing","floor":25,"turns":8},{"damage":0,"enemies":"Shelled Parasite and Fungi","floor":28,"turns":5},{"damage":16,"enemies":"Gremlin Leader","floor":31,"turns":8},{"damage":22,"enemies":"Collector","floor":33,"turns":11},{"damage":13,"enemies":"3 Darklings","floor":35,"turns":5},{"damage":3,"enemies":"Orb Walker","floor":37,"turns":4},{"damage":0,"enemies":"Maw","floor":39,"turns":8},{"damage":21,"enemies":"Nemesis","floor":40,"turns":9},{"damage":19,"enemies":"Jaw Worm Horde","floor":42,"turns":8},{"damage":0,"enemies":"4 Shapes","floor":45,"turns":6},{"damage":0,"enemies":"3 Darklings","floor":46,"turns":2},{"damage":29,"enemies":"Giant Head","floor":48,"turns":11},{"damage":22,"enemies":"Donu and Deca","floor":50,"turns":11}],"seed_played":"6423370787733912452","potions_obtained":[{"floor":3,"key":"AttackPotion"},{"floor":8,"key":"GamblersBrew"},{"floor":11,"key":"Weak Potion"},{"floor":18,"key":"Explosive Potion"},{"floor":23,"key":"Strength Potion"},{"floor":33,"key":"Energy Potion"},{"floor":40,"key":"Ancient Potion"}],"is_trial":false,"path_per_floor":["M","M","M","?","?","R","E","M","T","?","M","$","M","M","R","B",null,"M","M","?","?","?","E","R","E","T","?","M","R","$","E","R","B",null,"M","$","M","?","M","E","R","M","T","R","M","M","R","E","R","B",null],"character_chosen":"THE_SILENT","items_purchased":["Corpse Explosion","Footwork","Apotheosis","Deflect","Lee\u0027s Waffle"],"campfire_rested":4,"item_purchase_floors":[12,12,30,30,36],"current_hp_per_floor":[70,66,65,50,50,50,37,36,36,36,36,36,36,33,33,6,55,52,52,52,48,48,45,45,38,38,38,38,38,38,22,43,21,59,46,78,75,75,75,54,77,58,58,58,58,58,78,49,72,50],"gold":237,"neow_bonus":"TEN_PERCENT_HP_BONUS","is_prod":false,"is_daily":false,"chose_seed":false,"campfire_upgraded":4,"win_rate":0,"timestamp":1557659883,"path_taken":["M","M","M","?","?","R","E","M","T","?","M","$","M","M","R","BOSS","M","?","?","?","?","E","R","E","T","?","M","R","?","E","R","BOSS","M","$","M","?","?","E","R","M","T","R","M","M","R","E","R","BOSS"],"build_version":"2019-01-23","purchased_purges":0,"victory":true,"max_hp_per_floor":[77,77,77,77,71,71,71,71,71,71,71,71,71,71,71,71,71,71,71,71,71,71,71,71,71,71,71,71,71,71,71,71,71,71,71,78,78,78,78,78,78,78,78,78,78,78,78,78,78,78],"card_choices":[{"not_picked":["Catalyst","Distraction"],"picked":"PiercingWail","floor":1},{"not_picked":["Deflect","Concentrate"],"picked":"Flying Knee","floor":2},{"not_picked":["Footwork","Heel Hook"],"picked":"Bouncing Flask","floor":3},{"not_picked":["Outmaneuver","Dagger Spray"],"picked":"Backflip","floor":7},{"not_picked":["Dagger Throw","Malaise"],"picked":"Backstab","floor":8},{"not_picked":["Underhanded Strike","Slice","Sucker Punch"],"picked":"SKIP","floor":11},{"not_picked":["Expertise","Deflect"],"picked":"Flechettes","floor":13},{"not_picked":["Blade Dance","Flying Knee"],"picked":"Dodge and Roll","floor":14},{"not_picked":["Concentrate","Quick Slash"],"picked":"Cloak And Dagger+1","floor":18},{"not_picked":["Underhanded Strike","Poisoned Stab"],"picked":"Deflect","floor":19},{"not_picked":["Prepared","Distraction"],"picked":"Escape Plan","floor":21},{"not_picked":["Cloak And Dagger","Prepared"],"picked":"Caltrops","floor":23},{"not_picked":["Blade Dance","Accuracy","Skewer"],"picked":"SKIP","floor":25},{"not_picked":["Unload","Leg Sweep"],"picked":"Deflect+1","floor":28},{"not_picked":["Endless Agony+1","Deflect","Outmaneuver"],"picked":"SKIP","floor":31},{"not_picked":["Distraction","Sucker Punch","Eviscerate"],"picked":"SKIP","floor":35},{"not_picked":["Bouncing Flask","Eviscerate+1"],"picked":"PiercingWail+1","floor":37},{"not_picked":["Bane+1","Dagger Throw+1","Expertise"],"picked":"SKIP","floor":39},{"not_picked":["Die Die Die","Escape Plan","Reflex"],"picked":"SKIP","floor":40},{"not_picked":["Finisher","PiercingWail","Caltrops+1"],"picked":"SKIP","floor":42},{"not_picked":["Reflex+1","Tactician"],"picked":"Calculated Gamble","floor":45},{"not_picked":["Dagger Throw","Prepared+1"],"picked":"Backflip+1","floor":46},{"not_picked":["Prepared","Predator"],"picked":"Adrenaline","floor":48}],"player_experience":573316,"relics_obtained":[{"floor":7,"key":"War Paint"},{"floor":9,"key":"Whetstone"},{"floor":21,"key":"Red Mask"},{"floor":23,"key":"Bottled Lightning"},{"floor":25,"key":"Du-Vu Doll"},{"floor":26,"key":"Snake Skull"},{"floor":31,"key":"Pen Nib"},{"floor":40,"key":"Shuriken"},{"floor":48,"key":"Oddly Smooth Stone"}],"event_choices":[{"damage_healed":0,"gold_gain":0,"player_choice":"Entered Light","damage_taken":15,"max_hp_gain":0,"max_hp_loss":0,"event_name":"Shining Light","floor":4,"gold_loss":0,"cards_upgraded":["Bouncing Flask","Defend_G"]},{"damage_healed":0,"gold_gain":0,"player_choice":"Lose Max HP","damage_taken":0,"relics_obtained":["Golden Idol"],"max_hp_gain":0,"max_hp_loss":6,"event_name":"Golden Idol","floor":5,"gold_loss":0},{"damage_healed":0,"gold_gain":0,"player_choice":"0 cards matched","damage_taken":0,"max_hp_gain":0,"max_hp_loss":0,"event_name":"Match and Keep!","floor":10,"gold_loss":0,"cards_obtained":[]},{"damage_healed":0,"gold_gain":0,"player_choice":"Ignored","damage_taken":0,"max_hp_gain":0,"max_hp_loss":0,"event_name":"Vampires","floor":20,"gold_loss":0},{"damage_healed":0,"gold_gain":0,"player_choice":"Fought Bandits","damage_taken":0,"max_hp_gain":0,"max_hp_loss":0,"event_name":"Masked Bandits","floor":21,"gold_loss":0},{"damage_healed":0,"gold_gain":0,"player_choice":"Ignored","damage_taken":0,"max_hp_gain":0,"max_hp_loss":0,"event_name":"Ghosts","floor":22,"gold_loss":0},{"damage_healed":0,"gold_gain":0,"cards_transformed":["Flechettes","Strike_G"],"player_choice":"Became Test Subject","damage_taken":0,"max_hp_gain":0,"max_hp_loss":0,"event_name":"Drug Dealer","floor":27,"gold_loss":0,"cards_obtained":["Die Die Die","Escape Plan"]},{"damage_healed":0,"gold_gain":0,"player_choice":"Forge","damage_taken":0,"max_hp_gain":0,"max_hp_loss":0,"event_name":"Accursed Blacksmith","floor":38,"gold_loss":0,"cards_upgraded":["Apotheosis"]}],"is_beta":false,"boss_relics":[{"not_picked":["Runic Dome","Calling Bell"],"picked":"Astrolabe"},{"not_picked":["Coffee Dripper","Ring of the Serpent"],"picked":"Cursed Key"}],"items_purged_floors":[],"is_endless":false,"potions_floor_spawned":[3,8,11,18,23,33,37,40,45,46],"ascension_level":13}