{"gold_per_floor":[111,131,131,144,27,27,55,55,55,81,81,81,92,143,143,218,218,233,233],"floor_reached":19,"playtime":726,"items_purged":[],"score":298,"play_id":"e289ffb1-87fe-41ca-b1b7-1afba339e283","local_time":"20190514200239","is_ascension_mode":true,"campfire_choices":[{"data":"Noxious Fumes","floor":6,"key":"SMITH"},{"data":"Dodge and Roll","floor":8,"key":"SMITH"},{"floor":11,"key":"REST"},{"data":"Cloak And Dagger","floor":15,"key":"SMITH"}],"neow_cost":"NONE","seed_source_timestamp":1555888502267245,"circlet_count":0,"master_deck":["AscendersBane","Defend_G","Defend_G","Defend_G","Defend_G","Defend_G","Strike_G","Strike_G","Strike_G","Strike_G","Survivor","Neutralize+1","Well Laid Plans","Cloak And Dagger+1","Flying Knee","Noxious Fumes+1","Deadly Poison","Dodge and Roll+1","Deadly Poison","Backflip","Envenom","Poisoned Stab"],"relics":["Ring of the Snake","NeowsBlessing","Darkstone Periapt","Snake Skull","Art of War","Oddly Smooth Stone","Sozu"],"potions_floor_usage":[7,16,19],"damage_taken":[{"damage":0,"enemies":"Cultist","floor":1,"turns":1},{"damage":0,"enemies":"2 Louse","floor":2,"turns":1},{"damage":0,"enemies":"Jaw Worm","floor":4,"turns":1},{"damage":11,"enemies":"Lagavulin","floor":7,"turns":6},{"damage":22,"enemies":"Gremlin Nob","floor":10,"turns":5},{"damage":11,"enemies":"Exordium Wildlife","floor":13,"turns":4},{"damage":24,"enemies":"The Guardian","floor":16,"turns":9},{"damage":0,"enemies":"Chosen","floor":18,"turns":4},{"damage":54,"enemies":"Masked Bandits","floor":19,"turns":5}],"seed_played":"9209957261788542513","potions_obtained":[{"floor":4,"key":"SkillPotion"},{"floor":7,"key":"Strength Potion"},{"floor":10,"key":"SpeedPotion"}],"is_trial":false,"path_per_floor":["M","M","?","M","$","R","E","R","T","E","R","?","M","T","R","B",null,"M","?"],"character_chosen":"THE_SILENT","items_purchased":["Noxious Fumes","Deadly Poison"],"campfire_rested":1,"item_purchase_floors":[5,5],"current_hp_per_floor":[59,59,59,59,59,59,48,48,48,26,45,45,34,34,34,10,52,52,0],"gold":233,"neow_bonus":"THREE_ENEMY_KILL","is_prod":false,"is_daily":false,"chose_seed":false,"campfire_upgraded":3,"win_rate":0,"timestamp":1557856959,"path_taken":["M","?","?","M","$","R","E","R","T","E","R","?","?","?","R","BOSS","M","?"],"build_version":"2019-01-23","purchased_purges":0,"victory":false,"max_hp_per_floor":[66,66,66,66,66,66,66,66,66,66,66,66,66,66,66,66,66,66,66],"card_choices":[{"not_picked":["Dagger Throw","Deflect"],"picked":"Well Laid Plans","floor":1},{"not_picked":["Expertise","Blur"],"picked":"Cloak And Dagger","floor":2},{"not_picked":["Backstab","Cloak And Dagger"],"picked":"Flying Knee","floor":4},{"not_picked":["Phantasmal Killer","Acrobatics"],"picked":"Dodge and Roll","floor":7},{"not_picked":["Terror","Dodge and Roll"],"picked":"Deadly Poison","floor":10},{"not_picked":["Underhanded Strike","Cloak And Dagger"],"picked":"Backflip","floor":13},{"not_picked":["Malaise","Unload"],"picked":"Envenom","floor":16},{"not_picked":["Sucker Punch","Infinite Blades"],"picked":"Poisoned Stab","floor":18}],"player_experience":588523,"relics_obtained":[{"floor":7,"key":"Darkstone Periapt"},{"floor":9,"key":"Snake Skull"},{"floor":10,"key":"Art of War"},{"floor":14,"key":"Oddly Smooth Stone"}],"event_choices":[{"damage_healed":0,"gold_gain":0,"player_choice":"Grow","damage_taken":0,"max_hp_gain":0,"max_hp_loss":0,"event_name":"Living Wall","floor":3,"gold_loss":0,"cards_upgraded":["Neutralize"]},{"cards_removed":["Strike_G"],"damage_healed":0,"gold_gain":0,"player_choice":"Purged","damage_taken":0,"max_hp_gain":0,"max_hp_loss":0,"event_name":"Purifier","floor":12,"gold_loss":0},{"damage_healed":0,"gold_gain":0,"player_choice":"Fought Bandits","damage_taken":0,"max_hp_gain":0,"max_hp_loss":0,"event_name":"Masked Bandits","floor":19,"gold_loss":0}],"is_beta":false,"boss_relics":[{"not_picked":["Ectoplasm","Philosopher\u0027s Stone"],"picked":"Sozu"}],"items_purged_floors":[],"is_endless":false,"potions_floor_spawned":[4,7,10],"killed_by":"Masked Bandits","ascension_level":14}