{"gold_per_floor":[114,114,129,39,39,39,53,91,144,69,69,84,84,103,103,103],"floor_reached":16,"playtime":639,"items_purged":[],"score":175,"play_id":"af4c336f-f8dc-4cde-99d8-8bb7854b84da","local_time":"20181203211245","is_ascension_mode":true,"campfire_choices":[{"data":"Malaise","floor":6,"key":"SMITH"},{"data":"Terror","floor":11,"key":"SMITH"},{"data":"Neutralize","floor":13,"key":"SMITH"},{"data":"Madness","floor":15,"key":"SMITH"}],"neow_cost":"TEN_PERCENT_HP_LOSS","seed_source_timestamp":38885632343199,"circlet_count":0,"master_deck":["AscendersBane","Defend_G","Defend_G","Defend_G","Defend_G","Defend_G","Strike_G","Strike_G","Strike_G","Survivor","Neutralize+1","Malaise+1","Predator","Dash","Madness+1","Terror+1","Deflect","PiercingWail","Corpse Explosion"],"relics":["Ring of the Snake","Golden Idol","Lantern","Dream Catcher"],"potions_floor_usage":[16],"damage_taken":[{"damage":0,"enemies":"Cultist","floor":1,"turns":5},{"damage":2,"enemies":"2 Louse","floor":3,"turns":2},{"damage":5,"enemies":"Jaw Worm","floor":7,"turns":6},{"damage":7,"enemies":"Gremlin Nob","floor":8,"turns":4},{"damage":1,"enemies":"Exordium Wildlife","floor":12,"turns":6},{"damage":0,"enemies":"Gremlin Gang","floor":14,"turns":6},{"damage":34,"enemies":"Slime Boss","floor":16,"turns":8}],"seed_played":"2790900001536323458","potions_obtained":[{"floor":7,"key":"Fire Potion"},{"floor":12,"key":"LiquidBronze"}],"is_trial":false,"path_per_floor":["M","?","M","$","?","R","M","E","T","?","R","M","R","M","R","B"],"character_chosen":"THE_SILENT","items_purchased":["Madness"],"campfire_rested":0,"item_purchase_floors":[4],"current_hp_per_floor":[59,54,52,52,45,45,40,33,33,33,33,32,32,32,32,0],"gold":103,"neow_bonus":"THREE_RARE_CARDS","is_prod":false,"is_daily":false,"chose_seed":false,"campfire_upgraded":4,"win_rate":0,"timestamp":1543839165,"path_taken":["M","?","M","$","?","R","M","E","T","?","R","?","R","?","R","BOSS"],"build_version":"2018-11-15","purchased_purges":0,"victory":false,"max_hp_per_floor":[60,54,54,54,54,54,54,54,54,54,54,54,54,54,54,54],"card_choices":[{"not_picked":["Die Die Die","Storm of Steel"],"picked":"Malaise","floor":0},{"not_picked":["Outmaneuver","Acrobatics"],"picked":"Predator","floor":1},{"not_picked":["Endless Agony","Prepared"],"picked":"Dash","floor":3},{"not_picked":["Dagger Throw","Endless Agony"],"picked":"Terror","floor":7},{"not_picked":["Distraction","Prepared"],"picked":"Deflect","floor":8},{"not_picked":["Bane","Dodge and Roll"],"picked":"PiercingWail","floor":12},{"not_picked":["Bane","Choke"],"picked":"Corpse Explosion","floor":14}],"player_experience":2497079,"relics_obtained":[{"floor":8,"key":"Lantern"},{"floor":9,"key":"Dream Catcher"}],"event_choices":[{"damage_healed":0,"gold_gain":0,"player_choice":"Lose Max HP","damage_taken":0,"relics_obtained":["Golden Idol"],"max_hp_gain":0,"max_hp_loss":6,"event_name":"Golden Idol","floor":2,"gold_loss":0},{"cards_removed":["Strike_G"],"damage_healed":0,"gold_gain":0,"player_choice":"Card Removal","damage_taken":7,"max_hp_gain":0,"max_hp_loss":0,"event_name":"Golden Wing","floor":5,"gold_loss":0},{"cards_removed":["Strike_G"],"damage_healed":0,"gold_gain":0,"player_choice":"Card Removal","damage_taken":0,"max_hp_gain":0,"max_hp_loss":0,"event_name":"The Cleric","floor":10,"gold_loss":75}],"is_beta":true,"boss_relics":[],"items_purged_floors":[],"is_endless":false,"potions_floor_spawned":[7,12],"killed_by":"Slime Boss","ascension_level":15}