{"gold_per_floor":[112,112,387,400,400,434,434,449,449,473,473,473,493,511,511,605,605,625,423,448,471,471],"floor_reached":22,"playtime":1134,"items_purged":[],"score":426,"play_id":"03bf377c-b879-44e5-ab78-493042b36cf4","local_time":"20190601105444","is_ascension_mode":true,"campfire_choices":[{"data":"Flame Barrier","floor":7,"key":"SMITH"},{"floor":11,"key":"REST"},{"data":"Flame Barrier","floor":15,"key":"SMITH"}],"neow_cost":"NONE","seed_source_timestamp":504584553234973,"circlet_count":0,"master_deck":["AscendersBane","Strike_R","Strike_R","Strike_R","Strike_R","Strike_R","Defend_R","Defend_R","Defend_R","Defend_R","Bash","Inflame","Warcry","Flame Barrier+1","Sever Soul","Anger","Parasite","Headbutt","Flame Barrier+1","Fiend Fire","Intimidate","Jack Of All Trades","Battle Trance","Burning Pact","Shrug It Off","Burning Pact"],"relics":["Black Blood","NeowsBlessing","Golden Idol","The Courier","Anchor"],"potions_floor_usage":[13,16,21,22],"damage_taken":[{"damage":0,"enemies":"Cultist","floor":1,"turns":1},{"damage":0,"enemies":"2 Louse","floor":4,"turns":1},{"damage":0,"enemies":"3 Sentries","floor":6,"turns":2},{"damage":15,"enemies":"Small Slimes","floor":8,"turns":5},{"damage":10,"enemies":"Blue Slaver","floor":10,"turns":5},{"damage":4,"enemies":"Lots of Slimes","floor":13,"turns":3},{"damage":0,"enemies":"2 Fungi Beasts","floor":14,"turns":3},{"damage":36,"enemies":"The Guardian","floor":16,"turns":12},{"damage":3,"enemies":"3 Byrds","floor":18,"turns":3},{"damage":29,"enemies":"Spheric Guardian","floor":20,"turns":6},{"damage":46,"enemies":"Shelled Parasite and Fungi","floor":21,"turns":6},{"damage":25,"enemies":"Snake Plant","floor":22,"turns":4}],"seed_played":"2372146761676117547","potions_obtained":[{"floor":4,"key":"Explosive Potion"},{"floor":13,"key":"SkillPotion"},{"floor":16,"key":"AttackPotion"},{"floor":21,"key":"EssenceOfSteel"}],"is_trial":false,"path_per_floor":["M","?","?","M","?","E","R","M","T","M","R","?","M","M","R","B",null,"M","$","M","M","M"],"character_chosen":"IRONCLAD","items_purchased":["Jack Of All Trades","Battle Trance","Burning Pact"],"campfire_rested":1,"item_purchase_floors":[19,19,19],"current_hp_per_floor":[74,74,74,75,49,55,55,46,46,42,64,64,66,72,72,42,67,74,74,55,19,0],"gold":471,"neow_bonus":"THREE_ENEMY_KILL","is_prod":false,"is_daily":false,"chose_seed":false,"campfire_upgraded":2,"win_rate":0,"timestamp":1559375684,"path_taken":["M","?","?","?","?","E","R","M","T","M","R","?","?","M","R","BOSS","M","$","M","M","M"],"build_version":"2019-01-23","purchased_purges":0,"victory":false,"max_hp_per_floor":[75,75,75,75,75,75,75,75,75,75,75,75,75,75,75,75,75,75,75,75,75,75],"card_choices":[{"not_picked":["Perfected Strike","Rampage"],"picked":"Inflame","floor":1},{"not_picked":["Clothesline","Evolve"],"picked":"Warcry","floor":4},{"not_picked":["Bloodletting","Twin Strike"],"picked":"Flame Barrier","floor":6},{"not_picked":["Whirlwind","Clothesline"],"picked":"Sever Soul","floor":8},{"not_picked":["Iron Wave","Sword Boomerang"],"picked":"Anger","floor":10},{"not_picked":["Heavy Blade","Perfected Strike"],"picked":"Headbutt","floor":13},{"not_picked":["Clothesline","Hemokinesis"],"picked":"Flame Barrier","floor":14},{"not_picked":["Bludgeon","Limit Break"],"picked":"Fiend Fire","floor":16},{"not_picked":["Armaments","Anger"],"picked":"Intimidate","floor":18},{"not_picked":["Perfected Strike","Bloodletting"],"picked":"Shrug It Off","floor":20},{"not_picked":["Perfected Strike","Iron Wave"],"picked":"Burning Pact","floor":21}],"player_experience":1430933,"relics_obtained":[{"floor":6,"key":"The Courier"},{"floor":9,"key":"Anchor"}],"event_choices":[{"damage_healed":0,"gold_gain":0,"player_choice":"Ignored","damage_taken":0,"max_hp_gain":0,"max_hp_loss":0,"event_name":"Golden Wing","floor":2,"gold_loss":0},{"damage_healed":0,"gold_gain":275,"player_choice":"Desecrate","damage_taken":0,"max_hp_gain":0,"max_hp_loss":0,"event_name":"Golden Shrine","floor":3,"gold_loss":0,"cards_obtained":["Regret"]},{"damage_healed":0,"gold_gain":0,"player_choice":"Take Damage","damage_taken":26,"relics_obtained":["Golden Idol"],"max_hp_gain":0,"max_hp_loss":0,"event_name":"Golden Idol","floor":5,"gold_loss":0},{"damage_healed":0,"gold_gain":0,"cards_transformed":["Regret"],"player_choice":"Transformed","damage_taken":0,"max_hp_gain":0,"max_hp_loss":0,"event_name":"Transmorgrifier","floor":12,"gold_loss":0,"cards_obtained":["Parasite"]}],"is_beta":false,"boss_relics":[{"not_picked":["Mark of Pain","Coffee Dripper"],"picked":"Black Blood"}],"items_purged_floors":[],"is_endless":false,"potions_floor_spawned":[4,13,16,21],"killed_by":"Snake Plant","ascension_level":20}