{"gold_per_floor":[119,35,53,53,63,63,63,73,73,73,87,31,31,31,31,102,102,115,115,115,29,29,42,42,42,42,52,52,52,65,82,82,156,156,168,168,188,188,200,226,226,65,88,98,98,198,228,0,0,0],"floor_reached":51,"playtime":3791,"items_purged":[],"score":1351,"play_id":"3fa92655-fa7c-4614-b814-5223a86d9b79","local_time":"20190304215455","is_ascension_mode":true,"campfire_choices":[{"floor":7,"key":"REST"},{"data":"Defragment","floor":10,"key":"SMITH"},{"data":"Buffer","floor":13,"key":"SMITH"},{"data":"Sunder","floor":15,"key":"SMITH"},{"data":"Creative AI","floor":25,"key":"SMITH"},{"data":"Seek","floor":28,"key":"SMITH"},{"floor":32,"key":"REST"},{"data":"Glacier","floor":41,"key":"SMITH"},{"floor":45,"key":"REST"},{"data":"Force Field","floor":49,"key":"SMITH"}],"neow_cost":"NONE","seed_source_timestamp":127441284842596,"circlet_count":0,"master_deck":["AscendersBane","Zap+1","Dualcast","Sunder+1","Loop","Compile Driver","Buffer+1","FTL","Static Discharge+1","Seek+1","Stack","Leap","Cold Snap","Ball Lightning","Defragment+1","Auto Shields","Cold Snap","Coolheaded+1","Creative AI+1","Turbo+1","Glacier+1","Conserve Battery","Loop+1","Self Repair","Seek","Force Field+1","Stack","Conserve Battery+1","White Noise+1"],"relics":["Pandora\u0027s Box","Bottled Tornado","Sozu","Bottled Lightning","Nuclear Battery","Bottled Flame","PreservedInsect","War Paint","StoneCalendar","Dream Catcher","Red Mask"],"potions_floor_usage":[22],"damage_taken":[{"damage":10,"enemies":"Small Slimes","floor":1,"turns":3},{"damage":0,"enemies":"2 Louse","floor":3,"turns":2},{"damage":5,"enemies":"Jaw Worm","floor":5,"turns":3},{"damage":0,"enemies":"Looter","floor":8,"turns":3},{"damage":0,"enemies":"Blue Slaver","floor":11,"turns":5},{"damage":8,"enemies":"Slime Boss","floor":16,"turns":8},{"damage":7,"enemies":"2 Thieves","floor":18,"turns":4},{"damage":9,"enemies":"Colosseum Slavers","floor":22,"turns":4},{"damage":0,"enemies":"Spheric Guardian","floor":23,"turns":8},{"damage":0,"enemies":"Snake Plant","floor":27,"turns":6},{"damage":0,"enemies":"Shelled Parasite and Fungi","floor":30,"turns":7},{"damage":1,"enemies":"Centurion and Healer","floor":31,"turns":7},{"damage":39,"enemies":"Collector","floor":33,"turns":8},{"damage":0,"enemies":"Orb Walker","floor":35,"turns":4},{"damage":0,"enemies":"3 Shapes","floor":37,"turns":7},{"damage":0,"enemies":"Sphere and 2 Shapes","floor":39,"turns":7},{"damage":0,"enemies":"Giant Head","floor":40,"turns":15},{"damage":22,"enemies":"Jaw Worm Horde","floor":44,"turns":7},{"damage":12,"enemies":"Mind Bloom Boss Battle","floor":46,"turns":11},{"damage":0,"enemies":"Nemesis","floor":47,"turns":9},{"damage":36,"enemies":"Time Eater","floor":50,"turns":15}],"seed_played":"5826976700900579613","potions_obtained":[{"floor":5,"key":"LiquidBronze"},{"floor":8,"key":"Fire Potion"}],"is_trial":false,"path_per_floor":["M","$","M","?","M","?","R","M","T","R","M","$","R","$","R","B",null,"M","?","?","$","?","M","$","R","T","M","R","?","M","M","R","B",null,"M","?","M","$","M","E","R","$","T","M","R","?","E","?","R","B",null],"character_chosen":"DEFECT","items_purchased":["Leap","Cold Snap","Coolheaded","Glacier","PreservedInsect"],"campfire_rested":3,"item_purchase_floors":[2,2,12,21,42],"current_hp_per_floor":[54,54,54,33,28,28,49,49,49,49,49,49,49,49,49,41,64,57,57,57,57,48,48,48,48,48,48,48,48,48,47,68,36,62,62,62,69,69,71,71,71,71,71,56,71,66,71,71,71,42],"gold":0,"neow_bonus":"BOSS_RELIC","is_prod":false,"is_daily":false,"chose_seed":false,"campfire_upgraded":7,"win_rate":0,"timestamp":1551704095,"path_taken":["M","$","M","?","M","?","R","M","T","R","M","$","R","?","R","BOSS","M","?","?","$","?","M","?","R","T","?","R","?","M","M","R","BOSS","M","?","M","$","?","E","R","$","T","M","R","?","E","?","R","BOSS"],"build_version":"2019-01-23","purchased_purges":0,"victory":true,"max_hp_per_floor":[71,71,71,71,71,71,71,71,71,71,71,71,71,71,71,71,71,71,71,71,71,71,71,71,71,71,71,71,71,71,71,71,71,71,71,71,71,71,71,71,71,71,71,71,71,71,71,71,71,71],"card_choices":[{"not_picked":["Barrage","Steam Power"],"picked":"Stack","floor":1},{"not_picked":["Self Repair","Recycle"],"picked":"Ball Lightning","floor":3},{"not_picked":["Redo","Seek"],"picked":"Defragment","floor":5},{"not_picked":["Rebound","Redo"],"picked":"Auto Shields","floor":8},{"not_picked":["Compile Driver","Ball Lightning"],"picked":"Cold Snap","floor":11},{"not_picked":["Seek","Buffer"],"picked":"Creative AI","floor":16},{"not_picked":["Beam Cell","Lockon"],"picked":"Turbo","floor":18},{"not_picked":["Hologram","Reprogram"],"picked":"Conserve Battery","floor":23},{"not_picked":["Gash","Turbo"],"picked":"Loop+1","floor":27},{"not_picked":["Ball Lightning","Sweeping Beam","Recycle"],"picked":"SKIP","floor":30},{"not_picked":["Hello World","Genetic Algorithm"],"picked":"Self Repair","floor":31},{"not_picked":["Multi-Cast","All For One"],"picked":"Seek","floor":33},{"not_picked":["Undo","Rip and Tear"],"picked":"Force Field","floor":35},{"not_picked":["Melter","Conserve Battery","Beam Cell"],"picked":"SKIP","floor":37},{"not_picked":["Hello World","Gash"],"picked":"Conserve Battery+1","floor":39},{"not_picked":["Compile Driver","Conserve Battery","Redo"],"picked":"SKIP","floor":40},{"not_picked":["Hologram","Steam","Rebound"],"picked":"SKIP","floor":44},{"not_picked":["Capacitor","Turbo"],"picked":"White Noise+1","floor":47}],"player_experience":722970,"relics_obtained":[{"floor":9,"key":"Bottled Tornado"},{"floor":26,"key":"Bottled Lightning"},{"floor":40,"key":"Bottled Flame"},{"floor":43,"key":"War Paint"},{"floor":46,"key":"StoneCalendar"},{"floor":47,"key":"Dream Catcher"}],"event_choices":[{"damage_healed":0,"gold_gain":0,"player_choice":"Entered Light","damage_taken":21,"max_hp_gain":0,"max_hp_loss":0,"event_name":"Shining Light","floor":4,"gold_loss":0,"cards_upgraded":["Static Discharge","Zap"]},{"damage_healed":0,"gold_gain":0,"player_choice":"Ignored","damage_taken":0,"max_hp_gain":0,"max_hp_loss":0,"event_name":"Golden Idol","floor":6,"gold_loss":0},{"damage_healed":0,"gold_gain":0,"player_choice":"Ignored","damage_taken":0,"max_hp_gain":0,"max_hp_loss":0,"event_name":"The Mausoleum","floor":19,"gold_loss":0},{"damage_healed":0,"gold_gain":0,"player_choice":"Ignored","damage_taken":0,"max_hp_gain":0,"max_hp_loss":0,"event_name":"Ghosts","floor":20,"gold_loss":0},{"damage_healed":0,"gold_gain":0,"player_choice":"Fight","damage_taken":0,"max_hp_gain":0,"max_hp_loss":0,"event_name":"Colosseum","floor":22,"gold_loss":0},{"damage_healed":0,"gold_gain":0,"player_choice":"Fled From Nobs","damage_taken":0,"max_hp_gain":0,"max_hp_loss":0,"event_name":"Colosseum","floor":22,"gold_loss":0},{"damage_healed":0,"gold_gain":0,"player_choice":"Ignored","damage_taken":0,"max_hp_gain":0,"max_hp_loss":0,"event_name":"Cursed Tome","floor":29,"gold_loss":0},{"damage_healed":0,"gold_gain":0,"cards_transformed":["Darkness"],"player_choice":"Transformed","damage_taken":0,"max_hp_gain":0,"max_hp_loss":0,"event_name":"Transmorgrifier","floor":36,"gold_loss":0,"cards_obtained":["Stack"]},{"damage_healed":0,"gold_gain":0,"player_choice":"Fight","damage_taken":0,"max_hp_gain":0,"max_hp_loss":0,"event_name":"MindBloom","floor":46,"gold_loss":0},{"damage_healed":0,"gold_gain":0,"player_choice":"Paid","damage_taken":0,"relics_obtained":["Red Mask"],"max_hp_gain":0,"max_hp_loss":0,"event_name":"Tomb of Lord Red Mask","floor":48,"gold_loss":228}],"is_beta":false,"boss_relics":[{"not_picked":["Empty Cage","Orrery"],"picked":"Sozu"},{"not_picked":["Runic Dome","Snecko Eye"],"picked":"Nuclear Battery"}],"items_purged_floors":[],"is_endless":false,"potions_floor_spawned":[5,8,16,23,27,31,37,40,46,47],"ascension_level":19}