{"gold_per_floor":[11,22,22,39,56,84,84,115,115,125,125],"floor_reached":11,"playtime":1102,"items_purged":[],"score":136,"play_id":"61b86bea-af5a-4d20-98d5-609b23844e1a","local_time":"20190501113837","is_ascension_mode":true,"campfire_choices":[{"floor":7,"key":"REST"}],"neow_cost":"NO_GOLD","seed_source_timestamp":1706233304565913,"circlet_count":0,"master_deck":["AscendersBane","Strike_R","Strike_R","Strike_R","Defend_R","Defend_R","Defend_R","Bash","Clothesline","Battle Trance","Warcry","Second Wind","Havoc","Flex","Infernal Blade"],"relics":["Burning Blood","Bag of Preparation","Pear","The Courier"],"potions_floor_usage":[10],"damage_taken":[{"damage":5,"enemies":"Small Slimes","floor":1,"turns":3},{"damage":0,"enemies":"Cultist","floor":2,"turns":3},{"damage":4,"enemies":"Jaw Worm","floor":4,"turns":3},{"damage":6,"enemies":"3 Louse","floor":5,"turns":4},{"damage":42,"enemies":"3 Sentries","floor":6,"turns":11},{"damage":53,"enemies":"Gremlin Nob","floor":8,"turns":6},{"damage":8,"enemies":"Exordium Wildlife","floor":10,"turns":2},{"damage":7,"enemies":"Large Slime","floor":11,"turns":3}],"seed_played":"7598951546075746580","potions_obtained":[{"floor":2,"key":"LiquidBronze"},{"floor":4,"key":"Energy Potion"},{"floor":6,"key":"SkillPotion"},{"floor":10,"key":"GamblersBrew"}],"is_trial":false,"path_per_floor":["M","M","?","M","M","E","R","E","T","M","M"],"character_chosen":"IRONCLAD","items_purchased":[],"campfire_rested":1,"item_purchase_floors":[],"current_hp_per_floor":[73,79,79,80,80,44,68,31,31,29,22],"gold":125,"neow_bonus":"TRANSFORM_TWO_CARDS","is_prod":false,"is_daily":false,"chose_seed":false,"campfire_upgraded":0,"win_rate":0,"timestamp":1556699917,"path_taken":["M","M","?","M","?","E","R","E","T","M","?"],"build_version":"2019-01-23","purchased_purges":0,"victory":false,"max_hp_per_floor":[80,80,80,80,80,80,80,90,90,90,90],"card_choices":[{"not_picked":["Perfected Strike","Clash"],"picked":"Warcry","floor":1},{"not_picked":["Armaments","Cleave"],"picked":"Second Wind","floor":2},{"not_picked":["Twin Strike","Headbutt"],"picked":"Havoc","floor":4},{"not_picked":["Headbutt","Shrug It Off"],"picked":"Flex","floor":5},{"not_picked":["Juggernaut","Evolve","Shrug It Off"],"picked":"SKIP","floor":6},{"not_picked":["Sword Boomerang","Wild Strike"],"picked":"Infernal Blade","floor":8},{"not_picked":["Bloodletting","Blood for Blood","Pommel Strike"],"picked":"SKIP","floor":10}],"player_experience":1286442,"relics_obtained":[{"floor":6,"key":"Bag of Preparation"},{"floor":8,"key":"Pear"},{"floor":9,"key":"The Courier"}],"event_choices":[{"cards_removed":["Strike_R"],"damage_healed":0,"gold_gain":0,"player_choice":"Offered Basic","damage_taken":0,"max_hp_gain":0,"max_hp_loss":0,"event_name":"Bonfire Elementals","floor":3,"gold_loss":0}],"is_beta":false,"boss_relics":[],"items_purged_floors":[],"is_endless":false,"potions_floor_spawned":[2,4,6,10],"killed_by":"Large Slime","ascension_level":12}