{"gold_per_floor":[109,124,199,32,32,32,32,32,59,88,105,26,61,80,80,80],"floor_reached":16,"playtime":636,"items_purged":[],"score":113,"play_id":"b1a452a9-e514-4127-97b2-75bac3bbd7fa","local_time":"20181029095255","is_ascension_mode":true,"campfire_choices":[{"data":"Glacier","floor":6.0,"key":"SMITH"},{"data":"Hyperbeam","floor":8.0,"key":"SMITH"},{"floor":15,"key":"REST"}],"neow_cost":"NONE","seed_source_timestamp":73758152353570,"circlet_count":0,"master_deck":["Strike_B","Strike_B","Strike_B","Strike_B","Defend_B","Defend_B","Defend_B","Defend_B","Zap","Dualcast","Amplify","Glacier+1","Coolheaded","Cold Snap","Hyperbeam+1","Chaos","Turbo","Sweeping Beam","Coolheaded","Electrodynamics","Fusion"],"special_seed":0,"relics":["Cracked Core","Ancient Tea Set","Blood Vial","Bag of Preparation","Darkstone Periapt"],"potions_floor_usage":[14,16,16],"damage_taken":[{"damage":6.0,"enemies":"Cultist","floor":1.0,"turns":3.0},{"damage":3.0,"enemies":"Jaw Worm","floor":2.0,"turns":4.0},{"damage":37.0,"enemies":"Lagavulin","floor":10.0,"turns":10.0},{"damage":0.0,"enemies":"Small Slimes","floor":11.0,"turns":3.0},{"damage":7,"enemies":"3 Sentries","floor":13,"turns":2},{"damage":0,"enemies":"2 Fungi Beasts","floor":14,"turns":3},{"damage":50,"enemies":"Hexaghost","floor":16,"turns":14}],"seed_played":"1613113358167806382","potions_obtained":[{"floor":10.0,"key":"FearPotion"},{"floor":11.0,"key":"Ancient Potion"},{"floor":13,"key":"Explosive Potion"}],"is_trial":false,"path_per_floor":["M","M","?","$","?","R","?","R","T","E","M","$","E","M","R"],"character_chosen":"DEFECT","items_purchased":["Ancient Tea Set","Cold Snap","Sweeping Beam","Coolheaded"],"campfire_rested":1,"item_purchase_floors":[4,4,12,12],"current_hp_per_floor":[69,66,55,55,55,55,55,55,55,20,22,22,17,19,41,0],"gold":80,"neow_bonus":"ONE_RANDOM_RARE_CARD","is_prod":false,"is_daily":false,"chose_seed":false,"campfire_upgraded":2,"win_rate":0,"timestamp":1540824775,"path_taken":["M","M","?","?","?","R","?","R","T","E","?","$","E","M","R","BOSS"],"build_version":"2018-10-18","purchased_purges":0,"victory":false,"max_hp_per_floor":[75,75,75,75,75,75,75,75,75,75,75,75,75,75,75,75],"card_choices":[{"not_picked":["Stack","Rebound"],"picked":"Glacier","floor":1.0},{"not_picked":["Leap","Stack"],"picked":"Coolheaded","floor":2.0},{"not_picked":["Leap","Compile Driver"],"picked":"Chaos","floor":10.0},{"not_picked":["Ball Lightning","Go for the Eyes"],"picked":"Turbo","floor":11.0},{"not_picked":["Hologram","Leap"],"picked":"Electrodynamics","floor":13},{"not_picked":["Storm","Beam Cell"],"picked":"Fusion","floor":14}],"player_experience":378239,"relics_obtained":[{"floor":9.0,"key":"Blood Vial"},{"floor":10.0,"key":"Bag of Preparation"},{"floor":13,"key":"Darkstone Periapt"}],"event_choices":[{"damage_healed":0.0,"max_hp_gain":0.0,"max_hp_loss":0.0,"gold_gain":75.0,"event_name":"World of Goop","player_choice":"Gather Gold","floor":3.0,"gold_loss":0.0,"damage_taken":11.0},{"damage_healed":0.0,"max_hp_gain":0.0,"max_hp_loss":0.0,"gold_gain":0.0,"event_name":"Golden Wing","player_choice":"Ignored","floor":5.0,"gold_loss":0.0,"damage_taken":0.0},{"damage_healed":0.0,"max_hp_gain":0.0,"max_hp_loss":0.0,"gold_gain":0.0,"event_name":"Match and Keep!","player_choice":"1 cards matched","floor":7.0,"gold_loss":0.0,"damage_taken":0.0,"cards_obtained":["Hyperbeam"]}],"is_beta":false,"boss_relics":[],"items_purged_floors":[],"is_endless":false,"potions_floor_spawned":[10,11,13],"killed_by":"Hexaghost","ascension_level":1}