{"gold_per_floor":[113,38,62,72,72,106,106,106,180,192,192,219,219,235,235,307,307,322,322,341,29,29],"floor_reached":22,"playtime":971,"items_purged":["Strike_R"],"score":355,"play_id":"aeadbe42-0d49-4c00-9e53-c7ce892e4e15","local_time":"20190325203828","is_ascension_mode":true,"campfire_choices":[{"data":"Demon Form","floor":7,"key":"SMITH"},{"data":"Heavy Blade","floor":11,"key":"SMITH"},{"data":"Strike_R","floor":13,"key":"PURGE"},{"data":"Strike_R","floor":15,"key":"PURGE"}],"neow_cost":"PERCENT_DAMAGE","seed_source_timestamp":2231288444964353,"circlet_count":0,"master_deck":["AscendersBane","Strike_R","Strike_R","Defend_R","Defend_R","Defend_R","Defend_R","Bash","Demon Form+1","Headbutt","Cleave","Heavy Blade+1","Cleave","Clash","Thunderclap","Brutality","True Grit+1","RitualDagger","Impervious"],"relics":["Burning Blood","Strawberry","Kunai","Bottled Tornado","Peace Pipe","Runic Cube","Oddly Smooth Stone"],"potions_floor_usage":[22,22],"damage_taken":[{"damage":1,"enemies":"Cultist","floor":1,"turns":3},{"damage":5,"enemies":"2 Louse","floor":4,"turns":5},{"damage":20,"enemies":"Lagavulin","floor":6,"turns":7},{"damage":4,"enemies":"Jaw Worm","floor":10,"turns":4},{"damage":30,"enemies":"3 Sentries","floor":12,"turns":5},{"damage":7,"enemies":"2 Fungi Beasts","floor":14,"turns":2},{"damage":19,"enemies":"Hexaghost","floor":16,"turns":7},{"damage":44,"enemies":"3 Byrds","floor":18,"turns":5},{"damage":20,"enemies":"Spheric Guardian","floor":20,"turns":4},{"damage":2,"enemies":"Shelled Parasite and Fungi","floor":22,"turns":3}],"seed_played":"-4683701447607179760","potions_obtained":[{"floor":1,"key":"SpeedPotion"},{"floor":10,"key":"SteroidPotion"},{"floor":16,"key":"FearPotion"}],"is_trial":false,"path_per_floor":["M","$","T","M","$","E","R","?","T","M","R","E","R","M","R","B",null,"M","?","M","$","M"],"character_chosen":"IRONCLAD","items_purchased":["Oddly Smooth Stone","Impervious"],"campfire_rested":0,"item_purchase_floors":[21,21],"current_hp_per_floor":[55,55,62,63,63,49,49,54,54,56,56,32,32,31,31,18,70,32,26,12,12,10],"gold":29,"neow_bonus":"THREE_RARE_CARDS","is_prod":false,"is_daily":false,"chose_seed":false,"campfire_upgraded":2,"win_rate":0,"timestamp":1553513908,"path_taken":["M","?","?","M","$","E","R","?","T","?","R","E","R","M","R","BOSS","M","?","M","$","M"],"build_version":"2019-03-15","purchased_purges":1,"victory":false,"max_hp_per_floor":[75,75,82,82,82,82,82,87,87,87,87,87,87,87,87,87,87,87,87,87,87,87],"card_choices":[{"not_picked":["Double Tap","Juggernaut"],"picked":"Demon Form","floor":0},{"not_picked":["Burning Pact","Hemokinesis"],"picked":"Headbutt","floor":1},{"not_picked":["Perfected Strike","Clothesline"],"picked":"Cleave","floor":4},{"not_picked":["Shrug It Off","Dark Embrace"],"picked":"Heavy Blade","floor":6},{"not_picked":["Hemokinesis","Body Slam"],"picked":"Cleave","floor":10},{"not_picked":["Combust","Infernal Blade"],"picked":"Clash","floor":12},{"not_picked":["Uppercut","Headbutt"],"picked":"Thunderclap","floor":14},{"not_picked":["Bludgeon","Juggernaut"],"picked":"Brutality","floor":16},{"not_picked":["Searing Blow","Pummel"],"picked":"True Grit+1","floor":18},{"not_picked":["Havoc","Iron Wave","Clash"],"picked":"SKIP","floor":20}],"player_experience":2728942,"relics_obtained":[{"floor":3,"key":"Strawberry"},{"floor":6,"key":"Kunai"},{"floor":9,"key":"Bottled Tornado"},{"floor":12,"key":"Peace Pipe"}],"event_choices":[{"damage_healed":0,"gold_gain":0,"player_choice":"Donut","damage_taken":0,"max_hp_gain":5,"max_hp_loss":0,"event_name":"Big Fish","floor":8,"gold_loss":0},{"damage_healed":0,"gold_gain":0,"player_choice":"Joined the Cult","damage_taken":6,"max_hp_gain":0,"max_hp_loss":0,"event_name":"Nest","floor":19,"gold_loss":0,"cards_obtained":["RitualDagger"]}],"is_beta":true,"boss_relics":[{"not_picked":["White Beast Statue","Coffee Dripper"],"picked":"Runic Cube"}],"items_purged_floors":[2],"is_endless":false,"potions_floor_spawned":[1,10,16],"killed_by":"Shelled Parasite and Fungi","ascension_level":17}