{"gold_per_floor":[111,130,130,146,159,159,174,199,199,211,211,242,242,242,242,319,319,339,339,289,204,154,154,173,173,200,200],"floor_reached":27,"playtime":1115,"items_purged":["Anger","Strike_R+1"],"score":409,"play_id":"c542f74a-ce2f-4af3-bc3f-c3be532e5f66","local_time":"20190504064710","is_ascension_mode":true,"campfire_choices":[{"data":"Uppercut","floor":6.0,"key":"SMITH"},{"floor":11.0,"key":"REST"},{"data":"Double Tap","floor":15.0,"key":"SMITH"},{"data":"Entrench","floor":23,"key":"SMITH"},{"floor":25,"key":"REST"}],"neow_cost":"NONE","seed_source_timestamp":654383893127393,"circlet_count":0,"master_deck":["AscendersBane","Strike_R+1","Strike_R+1","Strike_R+1","Defend_R+1","Defend_R+1","Defend_R+1","Defend_R+1","Bash","Uppercut+1","Reckless Charge","Iron Wave","Pommel Strike","Double Tap+1","Disarm+1","Entrench+1","Demon Form","Heavy Blade+1","Shrug It Off"],"special_seed":0,"relics":["Black Blood","Calipers","Pear","Smiling Mask","StoneCalendar","Juzu Bracelet"],"potions_floor_usage":[18,24,27,27],"damage_taken":[{"damage":5.0,"enemies":"Small Slimes","floor":1.0,"turns":5.0},{"damage":2.0,"enemies":"2 Louse","floor":2.0,"turns":3.0},{"damage":12.0,"enemies":"Jaw Worm","floor":4.0,"turns":2.0},{"damage":25.0,"enemies":"Large Slime","floor":5.0,"turns":7.0},{"damage":9.0,"enemies":"2 Fungi Beasts","floor":7.0,"turns":3.0},{"damage":25.0,"enemies":"Lagavulin","floor":8.0,"turns":4.0},{"damage":9.0,"enemies":"3 Louse","floor":10.0,"turns":4.0},{"damage":24.0,"enemies":"Gremlin Nob","floor":12.0,"turns":4.0},{"damage":25.0,"enemies":"Hexaghost","floor":16.0,"turns":12.0},{"damage":40,"enemies":"3 Byrds","floor":18,"turns":8},{"damage":21,"enemies":"Shell Parasite","floor":24,"turns":7},{"damage":63,"enemies":"Slavers","floor":27,"turns":4}],"seed_played":"-8368454200509080370","potions_obtained":[{"floor":2.0,"key":"Strength Potion"},{"floor":4.0,"key":"SpeedPotion"},{"floor":8.0,"key":"Dexterity Potion"},{"floor":16.0,"key":"AttackPotion"},{"floor":18,"key":"BloodPotion"},{"floor":24,"key":"Energy Potion"}],"is_trial":false,"path_per_floor":["M","M","$","M","M","R","M","E","T","M","R","E","?","?","R","B",null,"M","?","$","?","$","R","M","R","T","E"],"character_chosen":"IRONCLAD","items_purchased":[],"campfire_rested":2,"item_purchase_floors":[],"current_hp_per_floor":[69,73,73,67,48,48,45,26,36,33,58,40,40,40,40,21,69,39,39,39,39,39,39,36,61,61,0],"gold":200,"neow_bonus":"REMOVE_CARD","is_prod":false,"is_daily":false,"chose_seed":false,"campfire_upgraded":3,"win_rate":0,"timestamp":1556920030,"path_taken":["M","M","$","M","M","R","M","E","T","M","R","E","?","?","R","BOSS","M","?","$","?","$","R","M","R","T","E"],"build_version":"2019-04-23","purchased_purges":2,"victory":false,"max_hp_per_floor":[75,75,75,75,75,75,75,75,85,85,85,85,85,85,85,85,85,85,85,85,85,85,85,85,85,85,85],"card_choices":[{"not_picked":["Perfected Strike","Spot Weakness"],"picked":"Uppercut","floor":1.0},{"not_picked":["Iron Wave","Intimidate"],"picked":"Reckless Charge","floor":2.0},{"not_picked":["Flex","Warcry"],"picked":"Anger","floor":4.0},{"not_picked":["Clash","Blood for Blood"],"picked":"Iron Wave","floor":5.0},{"not_picked":["Warcry","Havoc"],"picked":"Pommel Strike","floor":7.0},{"not_picked":["Reckless Charge","Iron Wave"],"picked":"Double Tap","floor":8.0},{"not_picked":["Second Wind","Seeing Red"],"picked":"Disarm","floor":10.0},{"not_picked":["Warcry","Thunderclap"],"picked":"Entrench","floor":12.0},{"not_picked":["Barricade","Immolate"],"picked":"Demon Form","floor":16.0},{"not_picked":["Spot Weakness","Armaments"],"picked":"Heavy Blade+1","floor":18},{"not_picked":["Wild Strike","Cleave"],"picked":"Shrug It Off","floor":24}],"player_experience":3152541,"relics_obtained":[{"floor":8.0,"key":"Calipers"},{"floor":9.0,"key":"Pear"},{"floor":12.0,"key":"Smiling Mask"},{"floor":26,"key":"Juzu Bracelet"}],"event_choices":[{"damage_healed":0.0,"max_hp_gain":0.0,"max_hp_loss":0.0,"gold_gain":0.0,"event_name":"Liars Game","player_choice":"Ignored","floor":13.0,"gold_loss":0.0,"damage_taken":0.0},{"damage_healed":0.0,"max_hp_gain":0.0,"max_hp_loss":0.0,"gold_gain":0.0,"event_name":"Living Wall","player_choice":"Grow","floor":14.0,"gold_loss":0.0,"damage_taken":0.0,"cards_upgraded":["Disarm"]},{"damage_healed":0,"gold_gain":0,"player_choice":"Simplicity","damage_taken":0,"max_hp_gain":0,"max_hp_loss":0,"event_name":"Back to Basics","floor":19,"gold_loss":0,"cards_upgraded":["Strike_R","Strike_R","Strike_R","Strike_R","Defend_R","Defend_R","Defend_R","Defend_R"]},{"damage_healed":0,"gold_gain":0,"player_choice":"Obtained Relic","damage_taken":0,"relics_obtained":["StoneCalendar"],"max_hp_gain":0,"max_hp_loss":0,"event_name":"Addict","floor":21,"gold_loss":85}],"is_beta":true,"boss_relics":[{"not_picked":["Empty Cage","Orrery"],"picked":"Black Blood"}],"items_purged_floors":[20,22],"is_endless":false,"potions_floor_spawned":[2,4,8,16,18,24],"killed_by":"Slavers","ascension_level":17}