{"gold_per_floor":[19,33,53,53,53,53,81,101,127,52,66,77,93,110,110,186,186,206,206,219,239,25,25,36,36,36,36,36,36,55,0,0,0],"floor_reached":33,"playtime":1401,"items_purged":["Strike_B"],"score":452,"play_id":"2ef7c7b2-636b-4c89-aa69-87f58ffe218c","local_time":"20190213001223","is_ascension_mode":true,"campfire_choices":[{"floor":6.0,"key":"REST"},{"data":"Zap","floor":15.0,"key":"SMITH"},{"data":"Dualcast","floor":23.0,"key":"SMITH"},{"data":"White Noise","floor":27.0,"key":"SMITH"},{"data":"Biased Cognition","floor":29.0,"key":"SMITH"},{"data":"Doom and Gloom","floor":32,"key":"SMITH"}],"neow_cost":"NO_GOLD","seed_source_timestamp":2884236404775303,"circlet_count":0,"master_deck":["AscendersBane","Strike_B","Defend_B","Defend_B","Defend_B","Defend_B","Zap+1","Dualcast+1","Biased Cognition+1","Steam","Doom and Gloom+1","Sweeping Beam","FTL","Gash","Glacier","Rebound","Coolheaded","Coolheaded","All For One","Self Repair","Turbo","Leap+1","Chaos+1","Multi-Cast","White Noise+1"],"special_seed":0,"relics":["Cracked Core","Vajra","Smiling Mask","Sozu","Shuriken","Oddly Smooth Stone","Bottled Lightning"],"potions_floor_usage":[],"damage_taken":[{"damage":9.0,"enemies":"2 Louse","floor":1.0,"turns":2.0},{"damage":14.0,"enemies":"Jaw Worm","floor":2.0,"turns":5.0},{"damage":1.0,"enemies":"Cultist","floor":3.0,"turns":3.0},{"damage":8.0,"enemies":"Gremlin Nob","floor":7.0,"turns":3.0},{"damage":0.0,"enemies":"Large Slime","floor":8.0,"turns":5.0},{"damage":14.0,"enemies":"Exordium Thugs","floor":11.0,"turns":4.0},{"damage":0.0,"enemies":"3 Louse","floor":12.0,"turns":2.0},{"damage":0.0,"enemies":"2 Fungi Beasts","floor":13.0,"turns":3.0},{"damage":0.0,"enemies":"Blue Slaver","floor":14.0,"turns":5.0},{"damage":17.0,"enemies":"The Guardian","floor":16.0,"turns":14.0},{"damage":12.0,"enemies":"Shell Parasite","floor":18.0,"turns":4.0},{"damage":0.0,"enemies":"Chosen","floor":20.0,"turns":6.0},{"damage":9.0,"enemies":"Centurion and Healer","floor":21.0,"turns":4.0},{"damage":6.0,"enemies":"Cultist and Chosen","floor":24.0,"turns":6.0},{"damage":8.0,"enemies":"Snake Plant","floor":30.0,"turns":5.0},{"damage":48,"enemies":"Automaton","floor":33,"turns":8}],"seed_played":"-8811535814361889444","potions_obtained":[{"floor":2.0,"key":"FearPotion"},{"floor":7.0,"key":"SteroidPotion"},{"floor":8.0,"key":"PowerPotion"},{"floor":13.0,"key":"LiquidBronze"},{"floor":14.0,"key":"AttackPotion"}],"is_trial":false,"path_per_floor":["M","M","M","?","?","R","E","M","T","?","M","M","M","M","R","B",null,"M","T","M","M","$","R","M","?","T","R","$","R","M","?","R","B"],"character_chosen":"DEFECT","items_purchased":["Oddly Smooth Stone"],"campfire_rested":1,"item_purchase_floors":[22],"current_hp_per_floor":[55,41,40,33,33,54,46,46,46,46,32,32,32,32,32,15,57,45,45,52,50,50,50,51,51,51,51,51,51,43,43,43,0],"gold":0,"neow_bonus":"THREE_RARE_CARDS","is_prod":false,"is_daily":false,"chose_seed":false,"campfire_upgraded":5,"win_rate":0,"timestamp":1549984343,"path_taken":["M","M","M","?","?","R","E","M","T","?","M","M","?","M","R","BOSS","M","?","M","M","$","R","M","?","T","R","$","R","?","?","R","BOSS"],"build_version":"2019-01-23","purchased_purges":1,"victory":false,"max_hp_per_floor":[71,71,71,71,71,71,71,71,71,71,71,71,71,71,71,71,71,71,71,71,71,71,71,71,71,71,71,71,71,71,71,71,71],"card_choices":[{"not_picked":["Reboot","Creative AI"],"picked":"Biased Cognition","floor":0.0},{"not_picked":["Steam Power","Stack"],"picked":"Steam","floor":1.0},{"not_picked":["Defragment","Leap"],"picked":"Doom and Gloom","floor":2.0},{"not_picked":["Leap","Stack"],"picked":"Sweeping Beam","floor":3.0},{"not_picked":["White Noise","Buffer"],"picked":"FTL","floor":7.0},{"not_picked":["Reinforced Body","Rebound"],"picked":"Gash","floor":8.0},{"not_picked":["Stack","Darkness"],"picked":"Glacier","floor":11.0},{"not_picked":["Chaos","Cold Snap"],"picked":"Rebound","floor":12.0},{"not_picked":["Redo","Heatsinks"],"picked":"Coolheaded","floor":13.0},{"not_picked":["Biased Cognition","Leap"],"picked":"Coolheaded","floor":14.0},{"not_picked":["Thunder Strike","Amplify"],"picked":"All For One","floor":16.0},{"not_picked":["Skim","Go for the Eyes"],"picked":"Self Repair","floor":18.0},{"not_picked":["Hologram","Rebound+1"],"picked":"Turbo","floor":20.0},{"not_picked":["Coolheaded","Ball Lightning"],"picked":"Leap+1","floor":21.0},{"not_picked":["Hologram","Turbo"],"picked":"Chaos+1","floor":24.0},{"not_picked":["Coolheaded","Stack","Ball Lightning"],"picked":"SKIP","floor":30.0}],"player_experience":610728,"relics_obtained":[{"floor":7.0,"key":"Vajra"},{"floor":9.0,"key":"Smiling Mask"},{"floor":19.0,"key":"Shuriken"},{"floor":26.0,"key":"Bottled Lightning"}],"event_choices":[{"cards_removed":["Strike_B"],"damage_healed":0.0,"max_hp_gain":0.0,"max_hp_loss":0.0,"gold_gain":0.0,"event_name":"Golden Wing","player_choice":"Card Removal","floor":4.0,"gold_loss":0.0,"damage_taken":7.0},{"damage_healed":0.0,"max_hp_gain":0.0,"max_hp_loss":0.0,"gold_gain":0.0,"event_name":"Golden Idol","player_choice":"Ignored","floor":5.0,"gold_loss":0.0,"damage_taken":0.0},{"cards_removed":["Strike_B"],"damage_healed":0.0,"max_hp_gain":0.0,"max_hp_loss":0.0,"gold_gain":0.0,"event_name":"The Cleric","player_choice":"Card Removal","floor":10.0,"gold_loss":75.0,"damage_taken":0.0},{"damage_healed":0.0,"max_hp_gain":0.0,"max_hp_loss":0.0,"gold_gain":0.0,"event_name":"Match and Keep!","player_choice":"2 cards matched","floor":25.0,"gold_loss":0.0,"damage_taken":0.0,"cards_obtained":["Multi-Cast","White Noise"]},{"damage_healed":0,"gold_gain":0,"player_choice":"Paid Fearfully","damage_taken":0,"max_hp_gain":0,"max_hp_loss":0,"event_name":"Masked Bandits","floor":31,"gold_loss":55}],"is_beta":false,"boss_relics":[{"not_picked":["Cursed Key","Fusion Hammer"],"picked":"Sozu"}],"items_purged_floors":[22],"is_endless":false,"potions_floor_spawned":[2,7,8,13,14,18,24],"killed_by":"Automaton","ascension_level":16}