{"gold_per_floor":[363,46,59,59,75,75,95,115,115,145,159,159,159,159],"floor_reached":14,"playtime":623,"items_purged":[],"score":152,"play_id":"6bfe50d6-0288-4979-926e-129d4ea03286","local_time":"20190521183635","is_ascension_mode":true,"campfire_choices":[{"floor":6.0,"key":"DIG"},{"floor":12.0,"key":"REST"}],"neow_cost":"PERCENT_DAMAGE","seed_source_timestamp":210645249777603,"circlet_count":0,"master_deck":["AscendersBane","Strike_R","Strike_R","Strike_R","Strike_R","Strike_R","Defend_R","Defend_R","Defend_R","Defend_R","Bash","True Grit","Shrug It Off","Double Tap","Sword Boomerang","Armaments","Parasite"],"special_seed":0,"relics":["Burning Blood","Shovel","Torii","The Courier"],"potions_floor_usage":[14],"damage_taken":[{"damage":4.0,"enemies":"2 Louse","floor":1.0,"turns":3.0},{"damage":7.0,"enemies":"Jaw Worm","floor":3.0,"turns":5.0},{"damage":6.0,"enemies":"Small Slimes","floor":5.0,"turns":5.0},{"damage":29.0,"enemies":"Exordium Wildlife","floor":7.0,"turns":8.0},{"damage":5.0,"enemies":"Gremlin Gang","floor":8.0,"turns":9.0},{"damage":24.0,"enemies":"Lots of Slimes","floor":11.0,"turns":8.0},{"damage":57,"enemies":"Gremlin Nob","floor":14,"turns":6}],"seed_played":"-3901819896194760290","potions_obtained":[{"floor":1.0,"key":"SpeedPotion"},{"floor":5.0,"key":"SpeedPotion"},{"floor":11.0,"key":"Dexterity Potion"}],"is_trial":false,"path_per_floor":["M","$","M","?","M","R","M","M","T","?","M","R","?","E"],"character_chosen":"IRONCLAD","items_purchased":["Shovel"],"campfire_rested":1,"item_purchase_floors":[2],"current_hp_per_floor":[52,52,51,51,51,51,28,29,29,29,11,33,51,0],"gold":159,"neow_bonus":"TWO_FIFTY_GOLD","is_prod":false,"is_daily":false,"chose_seed":false,"campfire_upgraded":0,"win_rate":0,"timestamp":1558431395,"path_taken":["M","$","M","?","M","R","M","M","T","?","M","R","?","E"],"build_version":"2019-05-07","purchased_purges":0,"victory":false,"max_hp_per_floor":[75,75,75,75,75,75,75,75,75,75,75,75,75,75],"card_choices":[{"not_picked":["Warcry","Perfected Strike"],"picked":"True Grit","floor":1.0},{"not_picked":["Twin Strike","Cleave"],"picked":"Shrug It Off","floor":3.0},{"not_picked":["Perfected Strike","Blood for Blood","Combust"],"picked":"SKIP","floor":5.0},{"not_picked":["Burning Pact","Feel No Pain"],"picked":"Double Tap","floor":7.0},{"not_picked":["Havoc","Clash"],"picked":"Sword Boomerang","floor":8.0},{"not_picked":["Havoc","Second Wind"],"picked":"Armaments","floor":11.0}],"player_experience":3300713,"relics_obtained":[{"floor":6.0,"key":"Torii"},{"floor":9.0,"key":"The Courier"}],"event_choices":[{"damage_healed":0.0,"max_hp_gain":0.0,"max_hp_loss":0.0,"gold_gain":0.0,"event_name":"Liars Game","player_choice":"Ignored","floor":4.0,"gold_loss":0.0,"damage_taken":0.0},{"damage_healed":0.0,"max_hp_gain":0.0,"max_hp_loss":0.0,"gold_gain":30.0,"event_name":"Dead Adventurer","player_choice":"Searched \u00271\u0027 times","floor":10.0,"gold_loss":0.0,"damage_taken":0.0},{"damage_healed":18,"gold_gain":0,"player_choice":"Healed and dodged fight","damage_taken":0,"max_hp_gain":0,"max_hp_loss":0,"event_name":"Mushrooms","floor":13,"gold_loss":0,"cards_obtained":["Parasite"]}],"is_beta":true,"boss_relics":[],"items_purged_floors":[],"is_endless":false,"potions_floor_spawned":[1,5,11],"killed_by":"Gremlin Nob","ascension_level":17}