{"gold_per_floor":[109,125,125,143,159,186,196,196,250,278,6,38,58,85,85,162,162,173,173,192,13,23,54,54,54,54,54,65,85,85,96,96,175,175,188,198,45,65,76,407,422,422,446,496,511,511,525,545,545,545,545,545,545,45,45],"floor_reached":55,"playtime":2652,"items_purged":["Flash of Steel+1","Flash of Steel+1"],"score":2140,"play_id":"49a40eeb-5862-4d87-97ac-ae430e858a04","local_time":"20190529235424","is_ascension_mode":true,"campfire_choices":[{"data":"Defragment","floor":8,"key":"SMITH"},{"data":"Consume","floor":15,"key":"SMITH"},{"floor":24,"key":"REST"},{"floor":27,"key":"REST"},{"data":"Defragment","floor":30,"key":"SMITH"},{"data":"Loop","floor":32,"key":"SMITH"},{"floor":42,"key":"REST"},{"floor":49,"key":"RECALL"},{"data":"Force Field","floor":53,"key":"SMITH"}],"neow_cost":"","seed_source_timestamp":0,"circlet_count":0,"master_deck":["Finesse+1","Finesse+1","Finesse+1","Finesse+1","Flash of Steel+1","Dualcast","Zap","Sunder+1","Defragment+1","Loop+1","Amplify","Darkness","Defragment+1","Consume+1","Creative AI","Leap","Self Repair","Coolheaded","Force Field+1","Multi-Cast","Capacitor","Cold Snap+1","Skim","BootSequence+1","Coolheaded","Cold Snap+1","Coolheaded","PanicButton"],"relics":["Cracked Core","Velvet Choker","Symbiotic Virus","Mercury Hourglass","Membership Card","Blood Vial","Odd Mushroom","Velvet Choker","Calipers","Bronze Scales","Boot","White Beast Statue","DataDisk","Old Coin","Bag of Marbles","Toy Ornithopter","Shuriken","Whetstone"],"potions_floor_usage":[23,33,33,36,36,47,51],"damage_taken":[{"damage":0,"enemies":"2 Louse","floor":1,"turns":1},{"damage":0,"enemies":"Small Slimes","floor":2,"turns":2},{"damage":0,"enemies":"Cultist","floor":4,"turns":2},{"damage":7,"enemies":"3 Louse","floor":5,"turns":3},{"damage":0,"enemies":"Gremlin Nob","floor":6,"turns":2},{"damage":2,"enemies":"Red Slaver","floor":7,"turns":2},{"damage":2,"enemies":"3 Sentries","floor":10,"turns":5},{"damage":4,"enemies":"Lagavulin","floor":12,"turns":4},{"damage":16,"enemies":"Large Slime","floor":13,"turns":3},{"damage":0,"enemies":"The Mushroom Lair","floor":14,"turns":2},{"damage":0,"enemies":"Slime Boss","floor":16,"turns":3},{"damage":22,"enemies":"2 Thieves","floor":18,"turns":3},{"damage":0,"enemies":"Chosen","floor":20,"turns":2},{"damage":0,"enemies":"Sentry and Sphere","floor":22,"turns":4},{"damage":27,"enemies":"Gremlin Leader","floor":23,"turns":5},{"damage":11,"enemies":"Snecko","floor":28,"turns":5},{"damage":12,"enemies":"Chosen and Byrds","floor":29,"turns":4},{"damage":11,"enemies":"Shelled Parasite and Fungi","floor":31,"turns":4},{"damage":0,"enemies":"Automaton","floor":33,"turns":9},{"damage":1,"enemies":"3 Shapes","floor":35,"turns":2},{"damage":18,"enemies":"3 Darklings","floor":36,"turns":5},{"damage":18,"enemies":"Spire Growth","floor":38,"turns":3},{"damage":25,"enemies":"Writhing Mass","floor":39,"turns":4},{"damage":5,"enemies":"Giant Head","floor":40,"turns":11},{"damage":26,"enemies":"3 Darklings","floor":41,"turns":4},{"damage":4,"enemies":"Sphere and 2 Shapes","floor":45,"turns":5},{"damage":18,"enemies":"Jaw Worm Horde","floor":47,"turns":3},{"damage":7,"enemies":"4 Shapes","floor":48,"turns":5},{"damage":37,"enemies":"Awakened One","floor":50,"turns":29},{"damage":10,"enemies":"Donu and Deca","floor":51,"turns":9},{"damage":78,"enemies":"Shield and Spear","floor":55,"turns":8}],"seed_played":"-7801435295284269345","potions_obtained":[{"floor":5,"key":"AttackPotion"},{"floor":7,"key":"Energy Potion"},{"floor":23,"key":"FocusPotion"},{"floor":31,"key":"FocusPotion"},{"floor":33,"key":"AttackPotion"},{"floor":35,"key":"AttackPotion"},{"floor":36,"key":"Ancient Potion"},{"floor":38,"key":"Ancient Potion"},{"floor":40,"key":"Dexterity Potion"},{"floor":45,"key":"Swift Potion"},{"floor":47,"key":"Energy Potion"}],"is_trial":true,"path_per_floor":["M","M","?","M","M","E","M","R","T","E","$","E","M","?","R","B",null,"M","?","M","$","M","E","R","?","T","R","M","M","R","M","R","B",null,"M","M","$","M","M","E","M","R","T","?","M","?","M","M","R","B","B",null,"R","$","E"],"character_chosen":"DEFECT","items_purchased":["Membership Card","Darkness","Defragment","Calipers","Self Repair","DataDisk","Cold Snap","Toy Ornithopter","Shuriken","Whetstone","Ancient Potion","PanicButton","GamblersBrew"],"campfire_rested":3,"item_purchase_floors":[11,11,11,21,21,37,37,54,54,54,54,54,54],"current_hp_per_floor":[64,64,69,69,62,62,60,60,60,58,58,54,40,42,42,44,68,48,26,28,28,37,19,43,43,43,67,65,62,62,60,60,76,80,80,70,70,54,38,42,25,49,49,49,61,61,52,61,61,33,39,71,71,71,0],"gold":45,"neow_bonus":"","is_prod":false,"is_daily":false,"chose_seed":false,"campfire_upgraded":5,"win_rate":0,"timestamp":1559141664,"path_taken":["M","M","?","M","M","E","M","R","T","E","$","E","M","?","R","BOSS","M","?","M","$","M","E","R","?","T","R","M","M","R","?","R","BOSS","M","M","$","M","M","E","M","R","T","?","?","?","M","M","R","BOSS","BOSS","R","$","E"],"build_version":"2019-01-23","purchased_purges":2,"victory":false,"max_hp_per_floor":[71,71,76,76,76,76,76,76,76,76,76,76,76,76,76,76,76,76,81,81,81,81,81,81,81,81,81,81,81,81,81,81,81,81,81,81,81,81,81,81,81,81,81,81,81,81,81,81,81,81,81,81,81,81,81],"card_choices":[{"not_picked":["Beam Cell","Leap","Lockon"],"picked":"SKIP","floor":1},{"not_picked":["Gash","Sweeping Beam","Conserve Battery"],"picked":"SKIP","floor":2},{"not_picked":["Lockon","Gash","Coolheaded"],"picked":"SKIP","floor":4},{"not_picked":["Blizzard","Melter"],"picked":"Sunder","floor":5},{"not_picked":["Steam","Ball Lightning"],"picked":"Defragment","floor":6},{"not_picked":["Turbo","Cold Snap"],"picked":"Loop","floor":7},{"not_picked":["Leap","Coolheaded"],"picked":"Amplify","floor":10},{"not_picked":["Sweeping Beam","Steam","Auto Shields"],"picked":"SKIP","floor":12},{"not_picked":["Turbo","Steam","Rebound"],"picked":"SKIP","floor":13},{"not_picked":["Reinforced Body","Steam"],"picked":"Consume","floor":14},{"not_picked":["All For One","Rainbow"],"picked":"Creative AI","floor":16},{"not_picked":["Rebound","Gash","Ball Lightning"],"picked":"SKIP","floor":18},{"not_picked":["Scrape","Recycle","Leap"],"picked":"SKIP","floor":20},{"not_picked":["Scrape","Recycle"],"picked":"Leap","floor":20},{"not_picked":["All For One","Streamline","Cold Snap"],"picked":"SKIP","floor":22},{"not_picked":["Tempest","Stack","Compile Driver"],"picked":"SKIP","floor":23},{"not_picked":["Chaos","Go for the Eyes"],"picked":"Coolheaded","floor":28},{"not_picked":["Sweeping Beam+1","Steam","Compile Driver"],"picked":"SKIP","floor":29},{"not_picked":["Sweeping Beam","Ball Lightning"],"picked":"Force Field","floor":31},{"not_picked":["Seek","Biased Cognition"],"picked":"Multi-Cast","floor":33},{"not_picked":["Double Energy+1","Barrage","Tempest+1"],"picked":"SKIP","floor":35},{"not_picked":["Sunder","Cold Snap"],"picked":"Capacitor","floor":36},{"not_picked":["Ball Lightning+1","Storm+1","Hologram"],"picked":"SKIP","floor":38},{"not_picked":["Double Energy","Sunder"],"picked":"Skim","floor":39},{"not_picked":["Static Discharge+1","Compile Driver","Chaos"],"picked":"SKIP","floor":40},{"not_picked":["Steam","Go for the Eyes"],"picked":"BootSequence+1","floor":41},{"not_picked":["Turbo","Reprogram"],"picked":"Coolheaded","floor":45},{"not_picked":["Steam Power","Capacitor"],"picked":"Cold Snap+1","floor":47},{"not_picked":["Genetic Algorithm","Heatsinks"],"picked":"Coolheaded","floor":48}],"player_experience":5191462,"relics_obtained":[{"floor":6,"key":"Symbiotic Virus"},{"floor":10,"key":"Mercury Hourglass"},{"floor":12,"key":"Blood Vial"},{"floor":14,"key":"Odd Mushroom"},{"floor":23,"key":"Bronze Scales"},{"floor":26,"key":"Boot"},{"floor":40,"key":"Old Coin"},{"floor":43,"key":"Bag of Marbles"}],"event_choices":[{"damage_healed":0,"gold_gain":0,"player_choice":"Donut","damage_taken":0,"max_hp_gain":5,"max_hp_loss":0,"event_name":"Big Fish","floor":3,"gold_loss":0},{"damage_healed":0,"gold_gain":0,"player_choice":"Fought Mushrooms","damage_taken":0,"max_hp_gain":0,"max_hp_loss":0,"event_name":"Mushrooms","floor":14,"gold_loss":0},{"damage_healed":0,"gold_gain":0,"player_choice":"Shed Blood","damage_taken":27,"max_hp_gain":5,"max_hp_loss":0,"event_name":"Forgotten Altar","floor":19,"gold_loss":0},{"cards_removed":["Flash of Steel"],"damage_healed":0,"gold_gain":0,"player_choice":"Purged","damage_taken":0,"max_hp_gain":0,"max_hp_loss":0,"event_name":"Purifier","floor":25,"gold_loss":0},{"damage_healed":0,"gold_gain":50,"player_choice":"Pray","damage_taken":0,"max_hp_gain":0,"max_hp_loss":0,"event_name":"Golden Shrine","floor":44,"gold_loss":0},{"damage_healed":0,"gold_gain":0,"player_choice":"Memory 1","damage_taken":0,"max_hp_gain":0,"max_hp_loss":0,"event_name":"SensoryStone","floor":46,"gold_loss":0}],"is_beta":false,"boss_relics":[{"not_picked":["Runic Dome","Ectoplasm"],"picked":"Velvet Choker"},{"not_picked":["Pandora\u0027s Box","Philosopher\u0027s Stone"],"picked":"White Beast Statue"}],"items_purged_floors":[37,54],"is_endless":false,"potions_floor_spawned":[5,7,13,14,16,22,23,29,31,33,35,36,38,39,40,41,45,47,48],"killed_by":"Shield and Spear","ascension_level":20}