{"gold_per_floor":[368,381,199,199,218,245,245,265,265,276,292,292,292,327,327,402,402,386,364,364],"floor_reached":20,"playtime":1538,"items_purged":["Pain"],"score":322,"play_id":"57bb8f58-12db-403b-934c-ebbbb84152d0","local_time":"20190512162821","is_ascension_mode":true,"campfire_choices":[{"floor":7.0,"key":"REST"},{"data":"Pommel Strike","floor":12,"key":"SMITH"},{"floor":15,"key":"REST"}],"neow_cost":"CURSE","seed_source_timestamp":2673504891797161,"circlet_count":0,"master_deck":["AscendersBane","Strike_R","Strike_R","Strike_R","Strike_R","Strike_R","Defend_R","Defend_R","Defend_R","Defend_R","Bash","Iron Wave","Rage","Pommel Strike+1","Disarm","Anger","Battle Trance","Havoc","Shrug It Off","Dropkick","Impervious","Shrug It Off","Warcry"],"special_seed":0,"relics":["Burning Blood","Centennial Puzzle","Thread and Needle","Dodecahedron","PreservedInsect","Eternal Feather"],"potions_floor_usage":[10],"damage_taken":[{"damage":19.0,"enemies":"Jaw Worm","floor":1.0,"turns":4.0},{"damage":9.0,"enemies":"Cultist","floor":2.0,"turns":4.0},{"damage":7.0,"enemies":"Small Slimes","floor":5.0,"turns":4.0},{"damage":22.0,"enemies":"Gremlin Nob","floor":6.0,"turns":4.0},{"damage":2,"enemies":"Blue Slaver","floor":8,"turns":4},{"damage":0,"enemies":"3 Louse","floor":10,"turns":3},{"damage":8,"enemies":"Exordium Thugs","floor":11,"turns":4},{"damage":25,"enemies":"3 Sentries","floor":14,"turns":11},{"damage":40,"enemies":"The Guardian","floor":16,"turns":16},{"damage":17,"enemies":"2 Thieves","floor":18,"turns":4},{"damage":0,"enemies":"Colosseum Slavers","floor":20,"turns":1}],"seed_played":"-1841040633379630657","potions_obtained":[{"floor":5.0,"key":"FearPotion"},{"floor":8,"key":"AttackPotion"},{"floor":11,"key":"GamblersBrew"},{"floor":16,"key":"LiquidBronze"}],"is_trial":false,"path_per_floor":["M","M","$","?","M","E","R","M","T","M","M","R","?","E","R","B",null,"M","$","?"],"character_chosen":"IRONCLAD","items_purchased":["Pommel Strike","Blind","Warcry"],"campfire_rested":2,"item_purchase_floors":[3,3,19],"current_hp_per_floor":[55,52,52,52,51,35,57,61,61,67,65,65,65,46,68,34,65,54,54,54],"gold":364,"neow_bonus":"TWO_FIFTY_GOLD","is_prod":false,"is_daily":false,"chose_seed":false,"campfire_upgraded":1,"win_rate":0,"timestamp":1557667701,"path_taken":["M","M","$","?","M","E","R","M","T","?","M","R","?","E","R","BOSS","M","$","?"],"build_version":"2019-01-23","purchased_purges":1,"victory":false,"max_hp_per_floor":[75,75,75,75,75,75,75,75,75,75,75,75,75,75,75,75,75,75,75,75],"card_choices":[{"not_picked":["Perfected Strike","Body Slam"],"picked":"Iron Wave","floor":1.0},{"not_picked":["Flex","Clothesline"],"picked":"Rage","floor":2.0},{"not_picked":["Flame Barrier","Body Slam"],"picked":"Disarm","floor":5.0},{"not_picked":["Wild Strike","Fire Breathing"],"picked":"Anger","floor":6.0},{"not_picked":["Cleave","Demon Form"],"picked":"Battle Trance","floor":8},{"not_picked":["Iron Wave","Cleave"],"picked":"Havoc","floor":10},{"not_picked":["Sword Boomerang","Reckless Charge"],"picked":"Shrug It Off","floor":11},{"not_picked":["Reckless Charge","Juggernaut"],"picked":"Dropkick","floor":14},{"not_picked":["Brutality","Berserk"],"picked":"Impervious","floor":16},{"not_picked":["Combust+1","Fire Breathing"],"picked":"Shrug It Off","floor":18}],"player_experience":1344983,"relics_obtained":[{"floor":6.0,"key":"Thread and Needle"},{"floor":9,"key":"Dodecahedron"},{"floor":14,"key":"PreservedInsect"}],"event_choices":[{"cards_removed":["Blind"],"damage_healed":0.0,"max_hp_gain":0.0,"max_hp_loss":0.0,"gold_gain":0.0,"event_name":"WeMeetAgain","player_choice":"Gave Card","floor":4.0,"gold_loss":0.0,"damage_taken":0.0,"relics_obtained":["Centennial Puzzle"]},{"damage_healed":0,"gold_gain":0,"player_choice":"Ignored","damage_taken":0,"max_hp_gain":0,"max_hp_loss":0,"event_name":"Shining Light","floor":13,"gold_loss":0},{"damage_healed":0,"gold_gain":0,"player_choice":"Fight","damage_taken":0,"max_hp_gain":0,"max_hp_loss":0,"event_name":"Colosseum","floor":20,"gold_loss":0}],"is_beta":false,"boss_relics":[{"not_picked":["Cursed Key","Philosopher\u0027s Stone"],"picked":"Eternal Feather"}],"items_purged_floors":[3],"is_endless":false,"potions_floor_spawned":[5,8,11,16,18],"killed_by":"Colosseum Slavers","ascension_level":15}