{"gold_per_floor":[111,111,124,136,146,146,157,157,157,182,195,195,120,45,45,118,118,132,148,24,35,35,61,61,79,79,129,129,129],"floor_reached":29,"playtime":1539,"items_purged":["Strike_B","Defend_B"],"score":429,"play_id":"4d9d26a7-b274-48f5-8dd4-b691135dcd50","local_time":"20190312101127","is_ascension_mode":true,"campfire_choices":[{"data":"Zap","floor":6,"key":"SMITH"},{"data":"Dualcast","floor":8,"key":"SMITH"},{"data":"Biased Cognition","floor":12,"key":"SMITH"},{"data":"Hologram","floor":15,"key":"SMITH"},{"data":"Buffer","floor":24,"key":"SMITH"},{"data":"Capacitor","floor":28,"key":"SMITH"}],"neow_cost":"TEN_PERCENT_HP_LOSS","seed_source_timestamp":1069917748215074,"circlet_count":0,"master_deck":["AscendersBane","Defend_B","Defend_B","Defend_B","Zap+1","Dualcast+1","Recycle","Biased Cognition+1","Conserve Battery","Hologram+1","Cold Snap","Self Repair","Conserve Battery","Ball Lightning","Buffer+1","Capacitor+1","Loop","Cold Snap","Hologram","Core Surge"],"relics":["Cracked Core","Blood Vial","Sozu","Kunai","Gremlin Horn"],"potions_floor_usage":[10,29],"damage_taken":[{"damage":5,"enemies":"2 Louse","floor":1,"turns":3},{"damage":1,"enemies":"Cultist","floor":3,"turns":3},{"damage":0,"enemies":"Jaw Worm","floor":4,"turns":5},{"damage":1,"enemies":"2 Fungi Beasts","floor":5,"turns":3},{"damage":2,"enemies":"Looter","floor":7,"turns":4},{"damage":23,"enemies":"Gremlin Nob","floor":10,"turns":4},{"damage":20,"enemies":"Exordium Thugs","floor":11,"turns":6},{"damage":27,"enemies":"The Guardian","floor":16,"turns":12},{"damage":13,"enemies":"Chosen","floor":18,"turns":6},{"damage":0,"enemies":"3 Byrds","floor":19,"turns":5},{"damage":33,"enemies":"Snake Plant","floor":21,"turns":5},{"damage":13,"enemies":"Book of Stabbing","floor":23,"turns":7},{"damage":1,"enemies":"Centurion and Healer","floor":25,"turns":7},{"damage":41,"enemies":"Slavers","floor":29,"turns":2}],"seed_played":"5771104878445903904","potions_obtained":[{"floor":3,"key":"PowerPotion"},{"floor":5,"key":"Strength Potion"},{"floor":11,"key":"AttackPotion"},{"floor":16,"key":"FocusPotion"}],"is_trial":false,"path_per_floor":["M","?","M","M","M","R","M","R","T","E","M","R","$","?","R","B",null,"M","M","$","M","?","E","R","M","T","?","R","E"],"character_chosen":"DEFECT","items_purchased":["Cold Snap"],"campfire_rested":0,"item_purchase_floors":[20],"current_hp_per_floor":[59,59,58,58,57,57,55,55,55,39,28,28,28,28,28,10,51,47,56,56,32,32,28,28,36,36,36,36,0],"gold":129,"neow_bonus":"REMOVE_TWO","is_prod":false,"is_daily":false,"chose_seed":false,"campfire_upgraded":6,"win_rate":0,"timestamp":1552353087,"path_taken":["M","?","M","M","M","R","M","R","T","E","M","R","?","?","R","BOSS","M","M","$","M","?","E","R","M","T","?","R","E"],"build_version":"2019-02-06","purchased_purges":2,"victory":false,"max_hp_per_floor":[64,64,64,64,64,64,64,64,64,64,64,64,64,64,64,64,64,64,64,64,64,64,64,64,64,64,64,64,64],"card_choices":[{"not_picked":["Steam","Rebound"],"picked":"Recycle","floor":1},{"not_picked":["Barrage","Streamline"],"picked":"Conserve Battery","floor":3},{"not_picked":["Steam","Compile Driver"],"picked":"Hologram","floor":4},{"not_picked":["Turbo","Blizzard"],"picked":"Cold Snap","floor":5},{"not_picked":["Sweeping Beam","Compile Driver"],"picked":"Self Repair","floor":7},{"not_picked":["Thunder Strike","Stack"],"picked":"Conserve Battery","floor":10},{"not_picked":["Rip and Tear","Go for the Eyes"],"picked":"Ball Lightning","floor":11},{"not_picked":["Multi-Cast","All For One"],"picked":"Buffer","floor":16},{"not_picked":["Ball Lightning","Coolheaded"],"picked":"Capacitor","floor":18},{"not_picked":["Sweeping Beam","Go for the Eyes"],"picked":"Loop","floor":19},{"not_picked":["Chaos","Reprogram"],"picked":"Hologram","floor":21},{"not_picked":["Beam Cell","Streamline"],"picked":"Core Surge","floor":23},{"not_picked":["Reprogram","Consume","Darkness"],"picked":"SKIP","floor":25}],"player_experience":2668304,"relics_obtained":[{"floor":10,"key":"Blood Vial"},{"floor":23,"key":"Kunai"},{"floor":26,"key":"Gremlin Horn"}],"event_choices":[{"damage_healed":0,"gold_gain":0,"player_choice":"1 cards matched","damage_taken":0,"max_hp_gain":0,"max_hp_loss":0,"event_name":"Match and Keep!","floor":2,"gold_loss":0,"cards_obtained":["Biased Cognition"]},{"cards_removed":["Strike_B"],"damage_healed":0,"gold_gain":0,"player_choice":"Card Removal","damage_taken":0,"max_hp_gain":0,"max_hp_loss":0,"event_name":"The Cleric","floor":14,"gold_loss":75},{"damage_healed":0,"gold_gain":50,"player_choice":"Pray","damage_taken":0,"max_hp_gain":0,"max_hp_loss":0,"event_name":"Golden Shrine","floor":27,"gold_loss":0}],"is_beta":true,"boss_relics":[{"not_picked":["Empty Cage","Ectoplasm"],"picked":"Sozu"}],"items_purged_floors":[13,20],"is_endless":false,"potions_floor_spawned":[3,5,7,11,16,18,19,25],"killed_by":"Slavers","ascension_level":15}