{"gold_per_floor":[17,17,92,102,102,102,117,140,140,152,166,166,316,81,81,156,156,173,3,3,53,65,65,84,84,84,111,31,49,69,69,69,142,142,156,156,169,188,188,216,234,234,309,337,337,387,405,424,424,424,424,424,44,73,73],"floor_reached":55,"playtime":4341,"items_purged":["Doubt","Strike_G"],"score":1527,"play_id":"dd312209-485c-4248-a3ba-6f277beedb8e","local_time":"20190515184608","is_ascension_mode":true,"campfire_choices":[{"data":"Noxious Fumes","floor":6.0,"key":"SMITH"},{"floor":12.0,"key":"REST"},{"data":"Neutralize","floor":15.0,"key":"SMITH"},{"data":"Malaise","floor":23.0,"key":"SMITH"},{"data":"Adrenaline","floor":25.0,"key":"SMITH"},{"floor":32.0,"key":"REST"},{"data":"Well Laid Plans","floor":42,"key":"SMITH"},{"data":"Envenom","floor":45,"key":"SMITH"},{"floor":49,"key":"RECALL"},{"data":"Infinite Blades","floor":52,"key":"SMITH"}],"neow_cost":"NO_GOLD","seed_source_timestamp":1644659405409827,"circlet_count":0,"master_deck":["AscendersBane","Defend_G","Defend_G","Defend_G","Defend_G","Strike_G+1","Survivor","Neutralize+1","Noxious Fumes+1","Backflip","Finisher+1","Backflip","Infinite Blades+1","Malaise+1","Infinite Blades","Malaise","A Thousand Cuts","Adrenaline+1","Leg Sweep","Catalyst+1","Well Laid Plans+1","Dash+1","Bullet Time+1","Cloak And Dagger+1","Madness+1","Madness+1","Backflip+1","PiercingWail+1","Envenom+1","Caltrops","PiercingWail+1","Cloak And Dagger+1"],"special_seed":0,"relics":["Ring of the Snake","Du-Vu Doll","Snake Skull","Dead Branch","Blood Vial","White Beast Statue","Toxic Egg 2","Whetstone","Busted Crown","Bottled Lightning","Thread and Needle","Bronze Scales"],"potions_floor_usage":[40,44,48,50,54],"damage_taken":[{"damage":1.0,"enemies":"Jaw Worm","floor":1.0,"turns":5.0},{"damage":0.0,"enemies":"Small Slimes","floor":4.0,"turns":7.0},{"damage":0.0,"enemies":"2 Louse","floor":7.0,"turns":4.0},{"damage":19.0,"enemies":"Gremlin Gang","floor":10.0,"turns":5.0},{"damage":0.0,"enemies":"Exordium Wildlife","floor":11.0,"turns":5.0},{"damage":8.0,"enemies":"Slime Boss","floor":16.0,"turns":7.0},{"damage":13.0,"enemies":"Spheric Guardian","floor":18.0,"turns":5.0},{"damage":0.0,"enemies":"Chosen","floor":22.0,"turns":4.0},{"damage":4.0,"enemies":"3 Cultists","floor":24.0,"turns":4.0},{"damage":29.0,"enemies":"Slavers","floor":27.0,"turns":4.0},{"damage":4.0,"enemies":"Centurion and Healer","floor":29.0,"turns":6.0},{"damage":11.0,"enemies":"Shelled Parasite and Fungi","floor":30.0,"turns":6.0},{"damage":7.0,"enemies":"Champ","floor":33.0,"turns":8.0},{"damage":0.0,"enemies":"3 Darklings","floor":35.0,"turns":4.0},{"damage":0.0,"enemies":"Orb Walker","floor":37.0,"turns":3.0},{"damage":0,"enemies":"Writhing Mass","floor":38,"turns":5},{"damage":4,"enemies":"Nemesis","floor":40,"turns":5},{"damage":0,"enemies":"Maw","floor":41,"turns":5},{"damage":0,"enemies":"Reptomancer","floor":44,"turns":5},{"damage":0,"enemies":"Jaw Worm Horde","floor":47,"turns":4},{"damage":0,"enemies":"Spire Growth","floor":48,"turns":4},{"damage":0,"enemies":"Awakened One","floor":50,"turns":9},{"damage":70,"enemies":"Shield and Spear","floor":54,"turns":8},{"damage":41,"enemies":"The Heart","floor":55,"turns":2}],"seed_played":"-8127328191969270011","potions_obtained":[{"floor":4.0,"key":"Fire Potion"},{"floor":11.0,"key":"Dexterity Potion"},{"floor":18.0,"key":"GhostInAJar"},{"floor":22.0,"key":"Explosive Potion"},{"floor":27.0,"key":"GhostInAJar"},{"floor":29.0,"key":"SneckoOil"},{"floor":30.0,"key":"EssenceOfSteel"},{"floor":33.0,"key":"GhostInAJar"},{"floor":35.0,"key":"EssenceOfSteel"},{"floor":38,"key":"Energy Potion"},{"floor":40,"key":"Ancient Potion"},{"floor":44,"key":"Swift Potion"},{"floor":48,"key":"SteroidPotion"},{"floor":54,"key":"Strength Potion"}],"is_trial":false,"path_per_floor":["M","?","?","M","?","R","M","T","T","M","M","R","?","$","R","B",null,"M","$","?","?","M","R","M","R","T","E","$","M","M","?","R","B",null,"M","?","M","M","?","E","M","R","T","E","R","?","M","M","R","B",null,"R","$","E","B"],"character_chosen":"THE_SILENT","items_purchased":["Blood Vial","Infinite Blades","Malaise","Well Laid Plans","Caltrops","PiercingWail+1","Cloak And Dagger+1","Regen Potion"],"campfire_rested":2,"item_purchase_floors":[14,19,19,28,53,53,53,53],"current_hp_per_floor":[58,51,40,40,40,40,40,40,40,21,21,40,40,40,40,34,58,47,47,47,47,49,49,47,47,47,20,20,18,9,9,28,23,55,57,45,47,49,49,47,49,49,49,51,51,51,53,55,55,57,64,64,64,11,0],"gold":73,"neow_bonus":"ONE_RARE_RELIC","is_prod":false,"is_daily":false,"chose_seed":false,"campfire_upgraded":7,"win_rate":0,"timestamp":1557913568,"path_taken":["M","?","?","M","?","R","?","?","T","M","?","R","?","$","R","BOSS","M","$","?","?","?","R","M","R","T","E","?","?","M","?","R","BOSS","M","?","M","M","?","E","M","R","T","E","R","?","?","M","R","BOSS","R","$","E","BOSS"],"build_version":"2019-05-07","purchased_purges":2,"victory":false,"max_hp_per_floor":[66,66,66,66,66,66,66,66,66,66,66,66,66,66,66,66,66,66,66,66,66,66,66,66,66,66,66,66,66,66,66,66,66,66,66,66,66,66,66,66,66,66,66,66,66,66,66,66,66,66,66,66,66,66,66],"card_choices":[{"not_picked":["Dodge and Roll","Infinite Blades"],"picked":"Noxious Fumes","floor":1.0},{"not_picked":["Poisoned Stab","Dodge and Roll"],"picked":"Backflip","floor":4.0},{"not_picked":["Concentrate","Distraction"],"picked":"Finisher","floor":7.0},{"not_picked":["All Out Attack","Dagger Throw"],"picked":"Backflip","floor":10.0},{"not_picked":["Finisher","Poisoned Stab"],"picked":"Infinite Blades","floor":11.0},{"not_picked":["Die Die Die","A Thousand Cuts"],"picked":"Malaise","floor":16.0},{"not_picked":["Escape Plan","Acrobatics","Sucker Punch"],"picked":"SKIP","floor":18.0},{"not_picked":["Deflect","Dagger Throw"],"picked":"Leg Sweep","floor":22.0},{"not_picked":["Sucker Punch","Noxious Fumes","Poisoned Stab"],"picked":"SKIP","floor":24.0},{"not_picked":["Catalyst+1","Acrobatics+1","A Thousand Cuts"],"picked":"SKIP","floor":27.0},{"not_picked":["Acrobatics+1","A Thousand Cuts"],"picked":"Catalyst+1","floor":27.0},{"not_picked":["Tactician+1","Flying Knee"],"picked":"Dash+1","floor":29.0},{"not_picked":["Dagger Spray","Dodge and Roll+1","Skewer"],"picked":"SKIP","floor":30.0},{"not_picked":["Storm of Steel+1","Unload"],"picked":"Bullet Time+1","floor":33.0},{"not_picked":[],"picked":"Cloak And Dagger+1","floor":35.0},{"not_picked":[],"picked":"Backflip+1","floor":37.0},{"not_picked":["Quick Slash"],"picked":"SKIP","floor":38},{"not_picked":[],"picked":"PiercingWail+1","floor":40},{"not_picked":["Bane+1"],"picked":"SKIP","floor":41},{"not_picked":[],"picked":"Envenom","floor":44},{"not_picked":["Deadly Poison+1"],"picked":"SKIP","floor":47},{"not_picked":["Bane+1"],"picked":"SKIP","floor":48},{"not_picked":["Flying Knee+1"],"picked":"SKIP","floor":54}],"player_experience":3248162,"relics_obtained":[{"floor":8.0,"key":"Snake Skull"},{"floor":9.0,"key":"Dead Branch"},{"floor":26.0,"key":"Toxic Egg 2"},{"floor":27.0,"key":"Whetstone"},{"floor":40,"key":"Bottled Lightning"},{"floor":44,"key":"Thread and Needle"},{"floor":54,"key":"Bronze Scales"}],"event_choices":[{"cards_removed":["Strike_G"],"damage_healed":0.0,"max_hp_gain":0.0,"max_hp_loss":0.0,"gold_gain":0.0,"event_name":"Golden Wing","player_choice":"Card Removal","floor":2.0,"gold_loss":0.0,"damage_taken":7.0},{"damage_healed":0.0,"max_hp_gain":0.0,"max_hp_loss":0.0,"gold_gain":75.0,"event_name":"World of Goop","player_choice":"Gather Gold","floor":3.0,"gold_loss":0.0,"damage_taken":11.0},{"cards_removed":["Defend_G"],"damage_healed":0.0,"max_hp_gain":0.0,"max_hp_loss":0.0,"gold_gain":0.0,"event_name":"Bonfire Elementals","player_choice":"Offered Basic","floor":5.0,"gold_loss":0.0,"damage_taken":0.0},{"damage_healed":0.0,"max_hp_gain":0.0,"max_hp_loss":0.0,"gold_gain":150.0,"event_name":"Liars Game","player_choice":"AGREE","floor":13.0,"gold_loss":0.0,"damage_taken":0.0,"cards_obtained":["Doubt"]},{"damage_healed":0.0,"max_hp_gain":0.0,"max_hp_loss":0.0,"gold_gain":0.0,"cards_transformed":["Strike_G","Strike_G"],"event_name":"Drug Dealer","player_choice":"Became Test Subject","floor":20.0,"gold_loss":0.0,"damage_taken":0.0,"cards_obtained":["A Thousand Cuts","Adrenaline"]},{"damage_healed":0.0,"max_hp_gain":0.0,"max_hp_loss":0.0,"gold_gain":50.0,"event_name":"Golden Shrine","player_choice":"Pray","floor":21.0,"gold_loss":0.0,"damage_taken":0.0},{"damage_healed":0.0,"max_hp_gain":0.0,"max_hp_loss":0.0,"gold_gain":0.0,"event_name":"Beggar","player_choice":"Ignored","floor":31.0,"gold_loss":0.0,"damage_taken":0.0},{"damage_healed":0.0,"max_hp_gain":0.0,"max_hp_loss":0.0,"gold_gain":0.0,"event_name":"Winding Halls","player_choice":"Embrace Madness","floor":36.0,"gold_loss":0.0,"damage_taken":12.0,"cards_obtained":["Madness","Madness"]},{"damage_healed":0,"gold_gain":0,"player_choice":"Ignored","damage_taken":0,"max_hp_gain":0,"max_hp_loss":0,"event_name":"Tomb of Lord Red Mask","floor":39,"gold_loss":0},{"damage_healed":0,"gold_gain":50,"player_choice":"Pray","damage_taken":0,"max_hp_gain":0,"max_hp_loss":0,"event_name":"Golden Shrine","floor":46,"gold_loss":0}],"is_beta":true,"boss_relics":[{"not_picked":["WristBlade","Runic Dome"],"picked":"White Beast Statue"},{"not_picked":["Velvet Choker","Pandora\u0027s Box"],"picked":"Busted Crown"}],"items_purged_floors":[14,53],"is_endless":false,"potions_floor_spawned":[4,11,18,22,24,27,29,30,33,35,37,38,40,41,44,47,48,54],"killed_by":"The Heart","ascension_level":17}