{"gold_per_floor":[20,32,49,67,83,83,94,94,94,105,123,123,74,91,91,186,186,198,198,44,44,44,44,59,59,59,72,72,72,96,116,116,116],"floor_reached":33,"playtime":12895,"items_purged":[],"score":266,"play_id":"7c2594e4-05dc-4692-8817-2e0ac9296744","local_time":"20181204222756","is_ascension_mode":false,"campfire_choices":[{"data":"Flex","floor":6,"key":"SMITH"},{"data":"Iron Wave","floor":15,"key":"SMITH"},{"data":"Feed","floor":23,"key":"SMITH"},{"data":"Bash","floor":25,"key":"SMITH"},{"data":"Rage","floor":28,"key":"SMITH"},{"data":"Rampage","floor":32,"key":"SMITH"}],"neow_cost":"NO_GOLD","seed_source_timestamp":191813606498990,"circlet_count":0,"master_deck":["Strike_R+1","Strike_R+1","Strike_R+1","Strike_R+1","Defend_R+1","Defend_R+1","Bash+1","Rampage+1","Flex+1","Pommel Strike","Flex","Iron Wave+1","Flex","Flex","Rage+1","Feed+1","Flex"],"relics":["Burning Blood","Calipers","Anchor","Eternal Feather","Blood Vial","Question Card","Vajra"],"potions_floor_usage":[16,16,33,33,33],"damage_taken":[{"damage":11,"enemies":"Jaw Worm","floor":1,"turns":3},{"damage":6,"enemies":"2 Louse","floor":2,"turns":3},{"damage":0,"enemies":"Small Slimes","floor":3,"turns":3},{"damage":15,"enemies":"Looter","floor":4,"turns":3},{"damage":13,"enemies":"Red Slaver","floor":5,"turns":2},{"damage":11,"enemies":"Exordium Thugs","floor":7,"turns":3},{"damage":6,"enemies":"3 Louse","floor":10,"turns":3},{"damage":10,"enemies":"Looter","floor":11,"turns":3},{"damage":0,"enemies":"Red Slaver","floor":14,"turns":2},{"damage":56,"enemies":"The Guardian","floor":16,"turns":11},{"damage":14,"enemies":"Spheric Guardian","floor":18,"turns":4},{"damage":0,"enemies":"Chosen","floor":24,"turns":4},{"damage":12,"enemies":"Snecko","floor":27,"turns":5},{"damage":35,"enemies":"Centurion and Healer","floor":31,"turns":7},{"damage":89,"enemies":"Automaton","floor":33,"turns":6}],"seed_played":"-7495294893624461599","potions_obtained":[{"floor":2,"key":"Strength Potion"},{"floor":3,"key":"Ancient Potion"},{"floor":7,"key":"Regen Potion"},{"floor":27,"key":"Fire Potion"},{"floor":31,"key":"PowerPotion"}],"is_trial":false,"path_per_floor":["M","M","M","M","M","R","M","?","T","M","M","?","?","M","R","B",null,"M","?","$","?","$","R","M","R","T","M","R","?","T","M","R","B"],"character_chosen":"IRONCLAD","items_purchased":["Blood Vial"],"campfire_rested":0,"item_purchase_floors":[20],"current_hp_per_floor":[75,75,80,71,64,64,59,59,59,59,55,48,48,54,54,19,80,75,75,75,83,83,83,83,83,83,81,87,87,87,62,71,0],"gold":116,"neow_bonus":"REMOVE_TWO","is_prod":false,"is_daily":false,"chose_seed":false,"campfire_upgraded":6,"win_rate":0,"timestamp":1543930076,"path_taken":["M","M","M","M","M","R","M","?","T","M","M","?","?","M","R","BOSS","M","?","$","?","$","R","M","R","T","M","R","?","?","M","R","BOSS"],"build_version":"2018-11-15","purchased_purges":0,"victory":false,"max_hp_per_floor":[80,80,80,80,80,80,80,80,80,80,80,80,80,80,80,80,80,83,83,83,83,83,83,83,83,83,87,87,87,87,91,91,91],"card_choices":[{"not_picked":["Armaments","Body Slam"],"picked":"Rampage","floor":1},{"not_picked":["Shrug It Off","Clothesline"],"picked":"Flex","floor":2},{"not_picked":["Cleave","Fiend Fire"],"picked":"Pommel Strike","floor":3},{"not_picked":["Carnage","Fire Breathing","Clothesline"],"picked":"SKIP","floor":4},{"not_picked":["Fire Breathing","Rampage"],"picked":"Flex","floor":5},{"not_picked":["Shrug It Off","Flex"],"picked":"Iron Wave","floor":7},{"not_picked":["Headbutt","Body Slam"],"picked":"Flex","floor":10},{"not_picked":["Warcry","Burning Pact"],"picked":"Flex","floor":11},{"not_picked":["Clash","Dark Embrace"],"picked":"Rage","floor":14},{"not_picked":["Dark Embrace","Reaper"],"picked":"Feed","floor":16},{"not_picked":["Sword Boomerang+1","Power Through"],"picked":"Flex","floor":18},{"not_picked":["Clothesline","Clash","Cleave"],"picked":"SKIP","floor":24},{"not_picked":["Flex","Sever Soul","Intimidate","Double Tap"],"picked":"SKIP","floor":27},{"not_picked":["Dropkick","Body Slam","Flex","Armaments"],"picked":"SKIP","floor":31}],"player_experience":82750,"relics_obtained":[{"floor":9,"key":"Calipers"},{"floor":26,"key":"Question Card"},{"floor":30,"key":"Vajra"}],"event_choices":[{"cards_removed":["Defend_R"],"damage_healed":0,"gold_gain":0,"player_choice":"Forget","damage_taken":0,"max_hp_gain":0,"max_hp_loss":0,"event_name":"Living Wall","floor":8,"gold_loss":0},{"damage_healed":0,"gold_gain":0,"player_choice":"Success","damage_taken":7,"relics_obtained":["Anchor"],"max_hp_gain":0,"max_hp_loss":0,"event_name":"Scrap Ooze","floor":12,"gold_loss":0},{"damage_healed":0,"gold_gain":0,"player_choice":"Left Gold","damage_taken":0,"max_hp_gain":0,"max_hp_loss":0,"event_name":"World of Goop","floor":13,"gold_loss":49},{"damage_healed":0,"gold_gain":0,"player_choice":"Simplicity","damage_taken":0,"max_hp_gain":0,"max_hp_loss":0,"event_name":"Back to Basics","floor":19,"gold_loss":0,"cards_upgraded":["Strike_R","Strike_R","Strike_R","Strike_R","Defend_R","Defend_R"]},{"damage_healed":27,"gold_gain":0,"player_choice":"Heal","damage_taken":0,"max_hp_gain":0,"max_hp_loss":0,"event_name":"The Library","floor":21,"gold_loss":0},{"damage_healed":0,"gold_gain":0,"player_choice":"Ignored","damage_taken":0,"max_hp_gain":0,"max_hp_loss":0,"event_name":"Cursed Tome","floor":29,"gold_loss":0}],"is_beta":false,"boss_relics":[{"not_picked":["Runic Dome","Runic Cube"],"picked":"Eternal Feather"}],"items_purged_floors":[],"is_endless":false,"potions_floor_spawned":[2,3,7,11,14,27,31],"killed_by":"Automaton","ascension_level":0}