{"gold_per_floor":[116,135,135,210,225,225,252,252,307,307,318,333,352,431,431,504,504,514,514,514,514,564,564,579,579,632,632,647,24,37,51,51,124,124,140,140,157,73,123,123,123,154,154,167,167,67,67,167,167,167],"floor_reached":50,"playtime":2913,"items_purged":["Strike_G+1","Strike_G+1"],"score":949,"play_id":"1a2c7ad6-d0db-479b-9c37-0f93c8046f59","local_time":"20190516095826","is_ascension_mode":true,"campfire_choices":[{"data":"Cloak And Dagger","floor":6.0,"key":"SMITH"},{"data":"Neutralize","floor":8.0,"key":"SMITH"},{"data":"All Out Attack","floor":10.0,"key":"SMITH"},{"floor":15.0,"key":"REST"},{"floor":23.0,"key":"REST"},{"data":"After Image","floor":27.0,"key":"SMITH"},{"floor":32.0,"key":"REST"},{"data":"Apotheosis","floor":40.0,"key":"SMITH"},{"floor":41.0,"key":"REST"},{"floor":45.0,"key":"REST"},{"floor":47.0,"key":"REST"},{"data":"Madness","floor":49.0,"key":"SMITH"}],"neow_cost":"TEN_PERCENT_HP_LOSS","seed_source_timestamp":1700520460018811,"circlet_count":0,"master_deck":["AscendersBane","Defend_G+1","Defend_G+1","Defend_G+1","Defend_G+1","Defend_G+1","Strike_G+1","Strike_G+1","Strike_G+1","Survivor","Neutralize+1","All Out Attack+1","Endless Agony","Cloak And Dagger+1","Caltrops","Calculated Gamble","Cloak And Dagger","Blade Dance","After Image+1","Finisher","Concentrate","Apotheosis+1","Night Terror","Madness+1","Madness","Calculated Gamble","Heel Hook"],"special_seed":0,"relics":["Ring of the Snake","Nunchaku","Orichalcum","Bronze Scales","Runic Pyramid","Anchor","WingedGreaves","White Beast Statue","Darkstone Periapt","Incense Burner"],"potions_floor_usage":[50],"damage_taken":[{"damage":4.0,"enemies":"Small Slimes","floor":1.0,"turns":3.0},{"damage":0.0,"enemies":"2 Louse","floor":2.0,"turns":3.0},{"damage":9.0,"enemies":"Jaw Worm","floor":5.0,"turns":3.0},{"damage":15.0,"enemies":"3 Sentries","floor":7.0,"turns":7.0},{"damage":0.0,"enemies":"2 Fungi Beasts","floor":11.0,"turns":2.0},{"damage":3.0,"enemies":"Looter","floor":12.0,"turns":3.0},{"damage":0.0,"enemies":"Red Slaver","floor":13.0,"turns":3.0},{"damage":26.0,"enemies":"The Guardian","floor":16.0,"turns":14.0},{"damage":7.0,"enemies":"Spheric Guardian","floor":18.0,"turns":5.0},{"damage":19.0,"enemies":"Colosseum Slavers","floor":20.0,"turns":5.0},{"damage":10.0,"enemies":"Chosen","floor":24.0,"turns":4.0},{"damage":0.0,"enemies":"Gremlin Leader","floor":25.0,"turns":1.0},{"damage":1.0,"enemies":"Snake Plant","floor":28.0,"turns":3.0},{"damage":1.0,"enemies":"3 Cultists","floor":30.0,"turns":4.0},{"damage":12.0,"enemies":"Shelled Parasite and Fungi","floor":31.0,"turns":6.0},{"damage":30.0,"enemies":"Collector","floor":33.0,"turns":15.0},{"damage":10.0,"enemies":"Orb Walker","floor":35.0,"turns":6.0},{"damage":2.0,"enemies":"3 Shapes","floor":37.0,"turns":6.0},{"damage":0.0,"enemies":"Reptomancer","floor":42.0,"turns":8.0},{"damage":31.0,"enemies":"Spire Growth","floor":44.0,"turns":7.0},{"damage":0.0,"enemies":"Mind Bloom Boss Battle","floor":48.0,"turns":10.0},{"damage":70,"enemies":"Donu and Deca","floor":50,"turns":8}],"seed_played":"-3153156101647837468","potions_obtained":[{"floor":1.0,"key":"Explosive Potion"},{"floor":7.0,"key":"EssenceOfSteel"},{"floor":12.0,"key":"AttackPotion"},{"floor":16.0,"key":"PowerPotion"},{"floor":24.0,"key":"SmokeBomb"},{"floor":31.0,"key":"Block Potion"},{"floor":33.0,"key":"GamblersBrew"},{"floor":35.0,"key":"EssenceOfSteel"},{"floor":37.0,"key":"Swift Potion"},{"floor":42.0,"key":"AttackPotion"},{"floor":44.0,"key":"Regen Potion"},{"floor":48.0,"key":"GhostInAJar"}],"is_trial":false,"path_per_floor":["M","M","?","?","M","R","E","R","T","R","M","M","M","?","R","B",null,"M","?","?","?","?","R","M","E","T","R","M","$","M","M","R","B",null,"M","?","M","$","?","R","R","E","T","M","R","$","R","?","R","B"],"character_chosen":"THE_SILENT","items_purchased":["Apotheosis","WingedGreaves","Calculated Gamble"],"campfire_rested":6,"item_purchase_floors":[29,29,38],"current_hp_per_floor":[55,55,60,49,40,40,25,25,25,25,25,22,22,22,41,15,53,46,46,27,27,27,46,36,36,36,36,35,35,34,22,41,11,52,42,30,28,28,28,28,47,47,47,16,35,35,54,54,54,0],"gold":167,"neow_bonus":"ONE_RARE_RELIC","is_prod":false,"is_daily":false,"chose_seed":false,"campfire_upgraded":6,"win_rate":0,"timestamp":1557968306,"path_taken":["M","M","?","?","M","R","E","R","T","R","M","M","M","?","R","BOSS","M","?","?","?","?","R","M","E","T","R","M","?","M","?","R","BOSS","M","?","M","$","?","R","R","E","T","?","R","?","R","?","R","BOSS"],"build_version":"2019-05-07","purchased_purges":2,"victory":false,"max_hp_per_floor":[60,60,65,65,65,65,65,65,65,65,65,65,65,65,65,65,65,65,65,65,65,65,65,65,65,65,65,65,65,65,65,65,65,65,65,65,65,65,65,65,65,65,65,65,65,65,65,65,65,65],"card_choices":[{"not_picked":["Sucker Punch","Poisoned Stab"],"picked":"All Out Attack","floor":1.0},{"not_picked":["Deadly Poison","Setup"],"picked":"Endless Agony","floor":2.0},{"not_picked":["Dagger Spray","Caltrops"],"picked":"Cloak And Dagger","floor":5.0},{"not_picked":["PiercingWail","Dagger Spray"],"picked":"Caltrops","floor":7.0},{"not_picked":["Deadly Poison","Setup"],"picked":"Calculated Gamble","floor":11.0},{"not_picked":["Escape Plan","Unload"],"picked":"Cloak And Dagger","floor":12.0},{"not_picked":["Deflect","PiercingWail"],"picked":"Blade Dance","floor":13.0},{"not_picked":["Bullet Time","Unload"],"picked":"After Image","floor":16.0},{"not_picked":["Flying Knee","Backflip"],"picked":"Finisher","floor":18.0},{"not_picked":["Acrobatics+1","Dagger Spray"],"picked":"Concentrate","floor":24.0},{"not_picked":["Cloak And Dagger","Concentrate","Heel Hook"],"picked":"SKIP","floor":28.0},{"not_picked":["Crippling Poison","Dodge and Roll","Eviscerate"],"picked":"SKIP","floor":30.0},{"not_picked":["Poisoned Stab","Dodge and Roll","Underhanded Strike"],"picked":"SKIP","floor":31.0},{"not_picked":["Poisoned Stab","Dodge and Roll","Underhanded Strike"],"picked":"SKIP","floor":31.0},{"not_picked":["Malaise","Unload"],"picked":"Night Terror","floor":33.0},{"not_picked":["Underhanded Strike+1","Quick Slash","Riddle With Holes"],"picked":"SKIP","floor":35.0},{"not_picked":["Underhanded Strike+1","Quick Slash","Riddle With Holes"],"picked":"SKIP","floor":35.0},{"not_picked":["Prepared","Crippling Poison","Flying Knee"],"picked":"SKIP","floor":37.0},{"not_picked":["Deadly Poison","Dagger Throw","Catalyst+1"],"picked":"SKIP","floor":42.0},{"not_picked":["Dagger Throw","Dodge and Roll+1","Leg Sweep"],"picked":"SKIP","floor":44.0},{"not_picked":["Deflect","Concentrate"],"picked":"Heel Hook","floor":48.0}],"player_experience":3263271,"relics_obtained":[{"floor":7.0,"key":"Orichalcum"},{"floor":9.0,"key":"Bronze Scales"},{"floor":26.0,"key":"Anchor"},{"floor":42.0,"key":"Darkstone Periapt"},{"floor":48.0,"key":"Incense Burner"}],"event_choices":[{"damage_healed":0.0,"max_hp_gain":5.0,"max_hp_loss":0.0,"gold_gain":0.0,"event_name":"Big Fish","player_choice":"Donut","floor":3.0,"gold_loss":0.0,"damage_taken":0.0},{"damage_healed":0.0,"max_hp_gain":0.0,"max_hp_loss":0.0,"gold_gain":75.0,"event_name":"World of Goop","player_choice":"Gather Gold","floor":4.0,"gold_loss":0.0,"damage_taken":11.0},{"damage_healed":0.0,"max_hp_gain":0.0,"max_hp_loss":0.0,"gold_gain":79.0,"event_name":"Golden Wing","player_choice":"Gained Gold","floor":14.0,"gold_loss":0.0,"damage_taken":0.0},{"damage_healed":0.0,"max_hp_gain":0.0,"max_hp_loss":0.0,"gold_gain":0.0,"event_name":"Cursed Tome","player_choice":"Ignored","floor":19.0,"gold_loss":0.0,"damage_taken":0.0},{"damage_healed":0.0,"max_hp_gain":0.0,"max_hp_loss":0.0,"gold_gain":0.0,"event_name":"Colosseum","player_choice":"Fight","floor":20.0,"gold_loss":0.0,"damage_taken":0.0},{"damage_healed":0.0,"max_hp_gain":0.0,"max_hp_loss":0.0,"gold_gain":0.0,"event_name":"Colosseum","player_choice":"Fled From Nobs","floor":20.0,"gold_loss":0.0,"damage_taken":0.0},{"damage_healed":0.0,"max_hp_gain":0.0,"max_hp_loss":0.0,"gold_gain":0.0,"event_name":"Back to Basics","player_choice":"Simplicity","floor":21.0,"gold_loss":0.0,"damage_taken":0.0,"cards_upgraded":["Defend_G","Defend_G","Defend_G","Defend_G","Defend_G","Strike_G","Strike_G","Strike_G","Strike_G","Strike_G"]},{"damage_healed":0.0,"max_hp_gain":0.0,"max_hp_loss":0.0,"gold_gain":50.0,"event_name":"Nest","player_choice":"Stole From Cult","floor":22.0,"gold_loss":0.0,"damage_taken":0.0},{"damage_healed":0.0,"max_hp_gain":0.0,"max_hp_loss":0.0,"gold_gain":0.0,"event_name":"Winding Halls","player_choice":"Embrace Madness","floor":36.0,"gold_loss":0.0,"damage_taken":12.0,"cards_obtained":["Madness","Madness"]},{"damage_healed":0.0,"max_hp_gain":0.0,"max_hp_loss":0.0,"gold_gain":50.0,"event_name":"Golden Shrine","player_choice":"Pray","floor":39.0,"gold_loss":0.0,"damage_taken":0.0},{"damage_healed":0.0,"max_hp_gain":0.0,"max_hp_loss":0.0,"gold_gain":0.0,"event_name":"MindBloom","player_choice":"Fight","floor":48.0,"gold_loss":0.0,"damage_taken":0.0}],"is_beta":true,"boss_relics":[{"not_picked":["Runic Dome","Lizard Tail"],"picked":"Runic Pyramid"},{"not_picked":["Snecko Eye","Coffee Dripper"],"picked":"White Beast Statue"}],"items_purged_floors":[29,46],"is_endless":false,"potions_floor_spawned":[1,7,12,13,16,24,31,33,35,37,42,44,48],"killed_by":"Donu and Deca","ascension_level":17}