{"gold_per_floor":[114,1,15,15,15,15,46,67,91,91,16,36,36,36,36,156,156,179,94,42,82,101,101,135,135,135,135,173,222,222,253,253,377,377,400,463,433,65,88,88,128,128,153,63,94,94,44,44,44,44],"floor_reached":51,"playtime":4676,"items_purged":["Strike_G","Strike_G","Defend_G"],"score":1234,"play_id":"01f57ea6-9582-4540-8961-252b2c0c8c46","local_time":"20190115230612","is_ascension_mode":true,"campfire_choices":[{"data":"Neutralize","floor":6.0,"key":"SMITH"},{"data":"Tactician","floor":10.0,"key":"SMITH"},{"data":"Acrobatics","floor":13.0,"key":"SMITH"},{"data":"Footwork","floor":15.0,"key":"SMITH"},{"data":"Prepared","floor":23.0,"key":"SMITH"},{"data":"Dash","floor":25,"key":"SMITH"},{"data":"Dodge and Roll","floor":27,"key":"SMITH"},{"data":"Reflex","floor":32,"key":"SMITH"},{"data":"1","floor":40,"key":"LIFT"},{"data":"2","floor":42,"key":"LIFT"},{"data":"3","floor":46,"key":"LIFT"},{"data":"Tactician","floor":49,"key":"SMITH"}],"neow_cost":"NONE","seed_source_timestamp":457760499577965,"circlet_count":0,"master_deck":["Defend_G","Defend_G+1","Survivor","Neutralize+1","Tactician+1","Dash+1","Blur","Backflip","Footwork+1","Dodge and Roll+1","Acrobatics+1","Expertise","Corpse Explosion+1","Crippling Poison+1","After Image+1","Unload+1","Prepared+1","Acrobatics+1","Deflect+1","Reflex+1","A Thousand Cuts","Prepared+1","Footwork","Tactician+1","Infinite Blades"],"special_seed":0,"relics":["Ring of the Serpent","NeowsBlessing","Golden Idol","Lantern","Anchor","Centennial Puzzle","Astrolabe","Gambling Chip","Red Mask","Ninja Scroll","War Paint","Blood Vial","Juzu Bracelet","Regal Pillow","Girya","Bronze Scales","Smiling Mask","Orichalcum","Blue Candle"],"potions_floor_usage":[33,35,41,50],"damage_taken":[{"damage":0.0,"enemies":"2 Louse","floor":1.0,"turns":1.0},{"damage":0.0,"enemies":"Small Slimes","floor":3.0,"turns":1.0},{"damage":0.0,"enemies":"3 Sentries","floor":7.0,"turns":2.0},{"damage":0.0,"enemies":"Jaw Worm","floor":8.0,"turns":5.0},{"damage":0.0,"enemies":"Large Slime","floor":12.0,"turns":10.0},{"damage":23.0,"enemies":"The Guardian","floor":16.0,"turns":37.0},{"damage":0.0,"enemies":"Chosen","floor":18.0,"turns":6.0},{"damage":1.0,"enemies":"Masked Bandits","floor":21.0,"turns":3.0},{"damage":0.0,"enemies":"Spheric Guardian","floor":22.0,"turns":4.0},{"damage":4,"enemies":"Book of Stabbing","floor":24,"turns":8},{"damage":0,"enemies":"Gremlin Leader","floor":28,"turns":8},{"damage":0,"enemies":"Book of Stabbing","floor":31,"turns":8},{"damage":5,"enemies":"Automaton","floor":33,"turns":17},{"damage":0,"enemies":"3 Darklings","floor":35,"turns":4},{"damage":14,"enemies":"2 Orb Walkers","floor":36,"turns":4},{"damage":1,"enemies":"3 Shapes","floor":39,"turns":2},{"damage":5,"enemies":"Nemesis","floor":41,"turns":11},{"damage":6,"enemies":"Giant Head","floor":45,"turns":10},{"damage":0,"enemies":"Donu and Deca","floor":50,"turns":6}],"seed_played":"8701814927916973502","potions_obtained":[{"floor":1.0,"key":"GamblersBrew"},{"floor":3.0,"key":"Energy Potion"},{"floor":21.0,"key":"Energy Potion"},{"floor":22.0,"key":"SpeedPotion"},{"floor":24,"key":"Ancient Potion"},{"floor":30,"key":"AttackPotion"},{"floor":37,"key":"Energy Potion"},{"floor":37,"key":"GamblersBrew"},{"floor":41,"key":"FearPotion"}],"is_trial":false,"path_per_floor":["M","$","M","?","?","R","E","M","T","R","$","M","R","?","R","B",null,"M","?","$","?","M","R","E","R","T","R","E","T","?","E","R","B",null,"M","?","?","$","M","R","E","R","T","?","E","R","$","?","R","B",null],"character_chosen":"THE_SILENT","items_purchased":["Dash","Blur","Prepared","Footwork","Tactician","Bronze Scales"],"campfire_rested":0,"item_purchase_floors":[2,2,20,38,38,38],"current_hp_per_floor":[63,63,63,46,46,46,46,46,46,46,46,46,46,43,43,20,58,58,58,58,57,57,57,53,53,53,53,53,53,53,55,55,52,66,68,56,56,56,57,57,54,54,54,54,50,50,50,50,50,52],"gold":44,"neow_bonus":"THREE_ENEMY_KILL","is_prod":false,"is_daily":false,"chose_seed":false,"campfire_upgraded":9,"win_rate":0,"timestamp":1547561172,"path_taken":["M","$","M","?","?","R","E","M","T","R","$","M","R","?","R","BOSS","M","?","$","?","M","R","E","R","T","R","E","?","?","E","R","BOSS","M","?","?","$","M","R","E","R","T","?","E","R","?","?","R","BOSS"],"build_version":"2019-01-10","purchased_purges":3,"victory":true,"max_hp_per_floor":[70,70,70,70,70,70,70,70,70,70,70,70,70,70,70,70,70,70,70,70,70,70,70,70,70,70,70,70,70,70,70,70,70,70,70,70,70,70,70,70,70,70,70,70,70,70,70,70,70,70],"card_choices":[{"not_picked":["Flechettes","Blade Dance"],"picked":"Tactician","floor":1.0},{"not_picked":["Leg Sweep","Dagger Spray"],"picked":"Backflip","floor":3.0},{"not_picked":["Accuracy","Expertise"],"picked":"Dodge and Roll","floor":7.0},{"not_picked":["Prepared","Dagger Spray"],"picked":"Acrobatics","floor":8.0},{"not_picked":["Deflect","Blade Dance"],"picked":"Expertise","floor":12.0},{"not_picked":["Wraith Form v2","Bullet Time"],"picked":"Corpse Explosion","floor":16.0},{"not_picked":["Eviscerate+1","Dodge and Roll","Quick Slash"],"picked":"SKIP","floor":18.0},{"not_picked":["Outmaneuver","Blur"],"picked":"Acrobatics+1","floor":21.0},{"not_picked":["Dagger Spray+1","Underhanded Strike","Dagger Throw"],"picked":"SKIP","floor":22.0},{"not_picked":["Accuracy+1","Cloak And Dagger"],"picked":"Deflect+1","floor":24},{"not_picked":["Storm of Steel","Slice+1"],"picked":"Reflex","floor":28},{"not_picked":["Underhanded Strike","Flying Knee","Bane"],"picked":"SKIP","floor":31},{"not_picked":["Die Die Die","Unload"],"picked":"A Thousand Cuts","floor":33},{"not_picked":["Backflip","Outmaneuver","Flying Knee"],"picked":"SKIP","floor":35},{"not_picked":["Slice+1","Dagger Throw"],"picked":"Prepared","floor":36},{"not_picked":["Escape Plan","Flying Knee"],"picked":"Distraction+1","floor":39},{"not_picked":["Eviscerate","Cloak And Dagger","Riddle With Holes"],"picked":"SKIP","floor":41},{"not_picked":["Choke","Poisoned Stab"],"picked":"Infinite Blades","floor":45}],"player_experience":375434,"relics_obtained":[{"floor":7.0,"key":"Lantern"},{"floor":9.0,"key":"Anchor"},{"floor":21.0,"key":"Red Mask"},{"floor":24,"key":"Ninja Scroll"},{"floor":26,"key":"War Paint"},{"floor":28,"key":"Blood Vial"},{"floor":29,"key":"Juzu Bracelet"},{"floor":31,"key":"Regal Pillow"},{"floor":36,"key":"Girya"},{"floor":41,"key":"Smiling Mask"},{"floor":43,"key":"Orichalcum"},{"floor":45,"key":"Blue Candle"}],"event_choices":[{"damage_healed":0.0,"max_hp_gain":0.0,"max_hp_loss":0.0,"gold_gain":0.0,"event_name":"Golden Idol","player_choice":"Take Damage","floor":4.0,"gold_loss":0.0,"damage_taken":17.0,"relics_obtained":["Golden Idol"]},{"damage_healed":0.0,"max_hp_gain":0.0,"max_hp_loss":0.0,"gold_gain":0.0,"cards_transformed":["Strike_G"],"event_name":"Living Wall","player_choice":"Change","floor":5.0,"gold_loss":0.0,"damage_taken":0.0,"cards_obtained":["Footwork"]},{"damage_healed":0.0,"max_hp_gain":0.0,"max_hp_loss":0.0,"gold_gain":0.0,"event_name":"Scrap Ooze","player_choice":"Success","floor":14.0,"gold_loss":0.0,"damage_taken":3.0,"relics_obtained":["Centennial Puzzle"]},{"damage_healed":0.0,"max_hp_gain":0.0,"max_hp_loss":0.0,"gold_gain":0.0,"event_name":"Addict","player_choice":"Obtained Relic","floor":19.0,"gold_loss":85.0,"damage_taken":0.0,"relics_obtained":["Gambling Chip"]},{"damage_healed":0.0,"max_hp_gain":0.0,"max_hp_loss":0.0,"gold_gain":0.0,"event_name":"Masked Bandits","player_choice":"Fought Bandits","floor":21.0,"gold_loss":0.0,"damage_taken":0.0},{"damage_healed":0,"gold_gain":0,"player_choice":"Got Potions","damage_taken":0,"max_hp_gain":0,"max_hp_loss":0,"event_name":"Lab","floor":30,"gold_loss":0},{"damage_healed":0,"gold_gain":0,"player_choice":"Fight","damage_taken":0,"max_hp_gain":0,"max_hp_loss":0,"event_name":"Mysterious Sphere","floor":36,"gold_loss":0},{"damage_healed":0,"gold_gain":0,"player_choice":"Bought 2 Potions","damage_taken":0,"max_hp_gain":0,"max_hp_loss":0,"event_name":"The Woman in Blue","floor":37,"gold_loss":0},{"cards_removed":["Strike_G"],"damage_healed":0,"gold_gain":0,"player_choice":"Upgrade and Remove","damage_taken":0,"max_hp_gain":0,"max_hp_loss":0,"event_name":"Designer","floor":44,"gold_loss":90,"cards_upgraded":["Prepared"]},{"cards_removed":["Distraction"],"damage_healed":0,"gold_gain":0,"player_choice":"Removed Skill","damage_taken":0,"max_hp_gain":0,"max_hp_loss":0,"event_name":"Falling","floor":48,"gold_loss":0}],"is_beta":false,"boss_relics":[{"not_picked":["Empty Cage","Fusion Hammer"],"picked":"Astrolabe"},{"not_picked":["HoveringKite","Tiny House"],"picked":"Ring of the Serpent"}],"items_purged_floors":[11,38,47],"is_endless":false,"potions_floor_spawned":[1,3,21,22,24,28,39,41,45],"ascension_level":9}