{"gold_per_floor":[112,130,56,67,85,85,117,117,117,117,129,129,129,148,148,148],"floor_reached":16,"playtime":646,"items_purged":[],"score":189,"play_id":"c5ab6892-05f8-4706-bb32-31e881b9fba0","local_time":"20190413010241","is_ascension_mode":true,"campfire_choices":[{"data":"Neutralize","floor":6,"key":"SMITH"},{"data":"Die Die Die","floor":8,"key":"SMITH"},{"data":"Blur","floor":10,"key":"SMITH"},{"data":"Skewer","floor":12,"key":"SMITH"},{"data":"Night Terror","floor":15,"key":"SMITH"}],"neow_cost":"NONE","seed_source_timestamp":32802165924707,"circlet_count":0,"master_deck":["AscendersBane","Defend_G","Defend_G","Defend_G","Defend_G","Defend_G","Strike_G","Strike_G","Strike_G","Strike_G","Survivor","Neutralize+1","Infinite Blades","Backflip","Die Die Die+1","PiercingWail","Blur+1","Backflip","Skewer+1","Night Terror+1"],"relics":["Ring of the Snake","NeowsBlessing","Pantograph","Letter Opener"],"potions_floor_usage":[7,7,11,16],"damage_taken":[{"damage":0,"enemies":"Cultist","floor":1,"turns":1},{"damage":0,"enemies":"Small Slimes","floor":2,"turns":1},{"damage":0,"enemies":"Jaw Worm","floor":4,"turns":1},{"damage":0,"enemies":"3 Louse","floor":5,"turns":3},{"damage":21,"enemies":"Gremlin Nob","floor":7,"turns":4},{"damage":10,"enemies":"Exordium Thugs","floor":11,"turns":4},{"damage":4,"enemies":"Large Slime","floor":14,"turns":8},{"damage":50,"enemies":"Hexaghost","floor":16,"turns":16}],"seed_played":"-5532191708877484208","potions_obtained":[{"floor":1,"key":"AttackPotion"},{"floor":4,"key":"Fire Potion"},{"floor":7,"key":"SkillPotion"},{"floor":11,"key":"Dexterity Potion"},{"floor":14,"key":"Ancient Potion"}],"is_trial":false,"path_per_floor":["M","M","$","M","M","R","E","R","T","R","M","R","?","M","R","B"],"character_chosen":"THE_SILENT","items_purchased":["Die Die Die"],"campfire_rested":0,"item_purchase_floors":[3],"current_hp_per_floor":[59,59,59,59,59,59,38,38,38,38,28,28,28,24,24,0],"gold":148,"neow_bonus":"THREE_ENEMY_KILL","is_prod":false,"is_daily":false,"chose_seed":false,"campfire_upgraded":5,"win_rate":0,"timestamp":1555084961,"path_taken":["M","?","$","?","M","R","E","R","T","R","M","R","?","?","R","BOSS"],"build_version":"2019-04-04","purchased_purges":0,"victory":false,"max_hp_per_floor":[66,66,66,66,66,66,66,66,66,66,66,66,66,66,66,66],"card_choices":[{"not_picked":["Blade Dance","Dodge and Roll"],"picked":"Infinite Blades","floor":1},{"not_picked":["Underhanded Strike","Prepared"],"picked":"Backflip","floor":2},{"not_picked":["Masterful Stab","Backflip"],"picked":"PiercingWail","floor":4},{"not_picked":["Backflip","Catalyst"],"picked":"Blur","floor":5},{"not_picked":["Underhanded Strike","Bane"],"picked":"Backflip","floor":7},{"not_picked":["Sucker Punch","Cloak And Dagger"],"picked":"Skewer","floor":11},{"not_picked":["Dodge and Roll","PiercingWail"],"picked":"Night Terror","floor":14}],"player_experience":2918023,"relics_obtained":[{"floor":7,"key":"Pantograph"},{"floor":9,"key":"Letter Opener"}],"event_choices":[{"cards_removed":["Strike_G"],"damage_healed":0,"gold_gain":0,"player_choice":"Purged","damage_taken":0,"max_hp_gain":0,"max_hp_loss":0,"event_name":"Purifier","floor":13,"gold_loss":0}],"is_beta":true,"boss_relics":[],"items_purged_floors":[],"is_endless":false,"potions_floor_spawned":[1,4,7,11,14],"killed_by":"Hexaghost","ascension_level":17}