{"gold_per_floor":[119,130,140,159,159,191,191,191,191,191,209,4,25,35,35,114,114,131,56,56,6,22,22,33,45,116,2,2,21,39,49,49,122,172,184,184,233,248,94,94,108,8,8,8],"floor_reached":44,"playtime":1936,"items_purged":["Defend_B","Zap"],"score":874,"play_id":"9b880e5f-a153-4cf1-8f43-7d6850de8557","local_time":"20190530131621","is_ascension_mode":true,"campfire_choices":[{"floor":7,"key":"REST"},{"floor":10,"key":"REST"},{"data":"Beam Cell","floor":15,"key":"SMITH"},{"data":"Dualcast","floor":23,"key":"SMITH"},{"data":"Defragment","floor":28,"key":"SMITH"},{"floor":32,"key":"REST"},{"floor":40,"key":"REST"}],"neow_cost":"NONE","seed_source_timestamp":314101431248100,"circlet_count":0,"master_deck":["AscendersBane","Defend_B","Dualcast+1","Conserve Battery","Beam Cell+1","Cold Snap","Compile Driver","Cold Snap","Ball Lightning+1","Melter","Biased Cognition","Hologram","Rainbow","Fusion+1","Doom and Gloom+1","Double Energy+1","Hologram+1","Double Energy+1","Defragment+1","Capacitor","Compile Driver","Core Surge","Recycle+1","Compile Driver","Self Repair","Echo Form"],"relics":["Cracked Core","Question Card","Vajra","PreservedInsect","Odd Mushroom","Astrolabe","Happy Flower","Cables","Tiny House","Shovel","Art of War"],"potions_floor_usage":[6,16,18,25,29,33,38],"damage_taken":[{"damage":7,"enemies":"Jaw Worm","floor":1,"turns":3},{"damage":0,"enemies":"2 Louse","floor":2,"turns":4},{"damage":7,"enemies":"Small Slimes","floor":3,"turns":3},{"damage":10,"enemies":"Exordium Wildlife","floor":4,"turns":5},{"damage":25,"enemies":"Gremlin Nob","floor":6,"turns":4},{"damage":13,"enemies":"3 Louse","floor":11,"turns":4},{"damage":18,"enemies":"The Mushroom Lair","floor":13,"turns":4},{"damage":1,"enemies":"Blue Slaver","floor":14,"turns":2},{"damage":1,"enemies":"Hexaghost","floor":16,"turns":8},{"damage":8,"enemies":"3 Byrds","floor":18,"turns":4},{"damage":0,"enemies":"Chosen","floor":22,"turns":3},{"damage":0,"enemies":"3 Cultists","floor":24,"turns":5},{"damage":0,"enemies":"Sentry and Sphere","floor":25,"turns":2},{"damage":0,"enemies":"Cultist and Chosen","floor":29,"turns":4},{"damage":9,"enemies":"Centurion and Healer","floor":30,"turns":6},{"damage":12,"enemies":"Snake Plant","floor":31,"turns":3},{"damage":16,"enemies":"Champ","floor":33,"turns":5},{"damage":16,"enemies":"Orb Walker","floor":35,"turns":3},{"damage":25,"enemies":"2 Orb Walkers","floor":37,"turns":3},{"damage":9,"enemies":"3 Shapes","floor":38,"turns":5},{"damage":4,"enemies":"Transient","floor":41,"turns":6},{"damage":27,"enemies":"4 Shapes","floor":44,"turns":3}],"seed_played":"400037424701044431","potions_obtained":[{"floor":3,"key":"AttackPotion"},{"floor":6,"key":"Swift Potion"},{"floor":16,"key":"SkillPotion"},{"floor":22,"key":"SneckoOil"},{"floor":24,"key":"Energy Potion"},{"floor":29,"key":"Fire Potion"},{"floor":34,"key":"Explosive Potion"},{"floor":35,"key":"LiquidBronze"},{"floor":41,"key":"LiquidBronze"}],"is_trial":false,"path_per_floor":["M","M","M","M","?","E","R","?","T","R","M","$","?","M","R","B",null,"M","?","T","?","M","R","M","M","T","$","R","M","M","M","R","B",null,"M","?","?","M","$","R","M","$","T","M"],"character_chosen":"DEFECT","items_purchased":["PreservedInsect","Melter","Defragment","Echo Form"],"campfire_rested":4,"item_purchase_floors":[12,12,27,39],"current_hp_per_floor":[57,57,50,40,29,4,25,18,18,39,26,26,8,7,7,6,55,47,47,47,47,47,47,47,47,47,47,47,47,38,26,47,31,66,50,50,25,16,16,38,41,41,41,14],"gold":8,"neow_bonus":"REMOVE_CARD","is_prod":false,"is_daily":false,"chose_seed":false,"campfire_upgraded":3,"win_rate":0,"timestamp":1559189781,"path_taken":["M","M","M","M","?","E","R","?","T","R","M","$","?","?","R","BOSS","M","?","?","?","?","R","M","M","T","$","R","M","M","M","R","BOSS","M","?","?","M","$","R","M","?","T","M"],"build_version":"2019-01-23","purchased_purges":2,"victory":false,"max_hp_per_floor":[71,71,71,71,71,71,71,71,71,71,71,71,71,71,71,71,71,71,71,71,71,71,71,71,71,71,71,71,71,71,71,71,71,76,76,76,76,76,76,76,76,76,76,76],"card_choices":[{"not_picked":["Stack","Scrape"],"picked":"Conserve Battery","floor":1},{"not_picked":["Stack","Leap"],"picked":"Beam Cell","floor":2},{"not_picked":["Tempest","Consume"],"picked":"Cold Snap","floor":3},{"not_picked":["Leap","Redo"],"picked":"Compile Driver","floor":4},{"not_picked":["Darkness","Steam Power","Compile Driver"],"picked":"Cold Snap","floor":6},{"not_picked":["Redo","Turbo","Skim"],"picked":"Ball Lightning","floor":11},{"not_picked":["Sunder","Hologram","Skim"],"picked":"Biased Cognition","floor":13},{"not_picked":["Skim","Stack","Rebound"],"picked":"Hologram","floor":14},{"not_picked":["Amplify","Buffer","Machine Learning"],"picked":"Rainbow","floor":16},{"not_picked":["Cold Snap","Steam","Leap"],"picked":"Hologram+1","floor":18},{"not_picked":["Streamline","Fusion","Storm"],"picked":"Chill","floor":22},{"not_picked":["Auto Shields","Tempest","Thunder Strike","Leap"],"picked":"SKIP","floor":24},{"not_picked":["Scrape","Rebound","Barrage"],"picked":"Double Energy+1","floor":25},{"not_picked":["White Noise","Gash","Cold Snap","Chaos"],"picked":"SKIP","floor":29},{"not_picked":["Lockon","Sweeping Beam+1","Blizzard"],"picked":"Capacitor","floor":30},{"not_picked":["Coolheaded","Auto Shields","Blizzard+1"],"picked":"Compile Driver","floor":31},{"not_picked":["Thunder Strike","Biased Cognition","Fission"],"picked":"Core Surge","floor":33},{"not_picked":["Redo","Turbo+1","Sweeping Beam"],"picked":"Recycle+1","floor":34},{"not_picked":["Turbo+1","Beam Cell","Go for the Eyes"],"picked":"Compile Driver","floor":35},{"not_picked":["Sweeping Beam","Beam Cell","Coolheaded"],"picked":"Self Repair","floor":38},{"not_picked":["Rebound","Hologram","Rainbow","Sweeping Beam"],"picked":"SKIP","floor":41}],"player_experience":5204649,"relics_obtained":[{"floor":6,"key":"Vajra"},{"floor":13,"key":"Odd Mushroom"},{"floor":20,"key":"Happy Flower"},{"floor":26,"key":"Cables"},{"floor":37,"key":"Shovel"},{"floor":43,"key":"Art of War"}],"event_choices":[{"damage_healed":0,"gold_gain":0,"player_choice":"Success","damage_taken":11,"relics_obtained":["Question Card"],"max_hp_gain":0,"max_hp_loss":0,"event_name":"Scrap Ooze","floor":5,"gold_loss":0},{"cards_removed":["Strike_B"],"damage_healed":0,"gold_gain":0,"player_choice":"Card Removal","damage_taken":7,"max_hp_gain":0,"max_hp_loss":0,"event_name":"Golden Wing","floor":8,"gold_loss":0},{"damage_healed":0,"gold_gain":0,"player_choice":"Fought Mushrooms","damage_taken":0,"max_hp_gain":0,"max_hp_loss":0,"event_name":"Mushrooms","floor":13,"gold_loss":0},{"cards_removed":["Defend_B"],"damage_healed":0,"gold_gain":0,"player_choice":"Gave Gold","damage_taken":0,"max_hp_gain":0,"max_hp_loss":0,"event_name":"Beggar","floor":19,"gold_loss":75},{"damage_healed":0,"gold_gain":0,"player_choice":"Bet on Murderer","damage_taken":0,"max_hp_gain":0,"max_hp_loss":0,"event_name":"The Joust","floor":21,"gold_loss":50},{"cards_removed":["Chill"],"damage_healed":0,"gold_gain":0,"player_choice":"Removed Skill","damage_taken":0,"max_hp_gain":0,"max_hp_loss":0,"event_name":"Falling","floor":36,"gold_loss":0},{"damage_healed":0,"gold_gain":0,"player_choice":"Fight","damage_taken":0,"max_hp_gain":0,"max_hp_loss":0,"event_name":"Mysterious Sphere","floor":37,"gold_loss":0}],"is_beta":false,"boss_relics":[{"not_picked":["Ectoplasm","Black Star"],"picked":"Astrolabe"},{"not_picked":["White Beast Statue","Calling Bell"],"picked":"Tiny House"}],"items_purged_floors":[27,42],"is_endless":false,"potions_floor_spawned":[3,6,16,22,24,29,35,41],"killed_by":"4 Shapes","ascension_level":20}