{"gold_per_floor":[118,118,118,118,131,131,160,160,208,233,308,308,43,59,59,134,134,144,44,44,63,78,104,104,137,162,178,178,191,226,226,226,302,302,321,421,421,48,65,65,65,65,65,65,80,90,100,112,112,112,112,112,112,34,60,60],"floor_reached":56,"playtime":2819,"items_purged":["Strike_B","Defend_B","Strike_B"],"score":1926,"play_id":"a2844757-190e-42e0-92a0-136f1baf29ce","local_time":"20190412013805","is_ascension_mode":true,"campfire_choices":[{"data":"Hologram","floor":6.0,"key":"SMITH"},{"data":"Zap","floor":8.0,"key":"SMITH"},{"floor":12.0,"key":"REST"},{"data":"Electrodynamics","floor":15.0,"key":"SMITH"},{"floor":24.0,"key":"REST"},{"floor":28.0,"key":"REST"},{"floor":32.0,"key":"REST"},{"data":"Fission","floor":40.0,"key":"SMITH"},{"data":"Self Repair","floor":42.0,"key":"SMITH"},{"data":"Conserve Battery","floor":44.0,"key":"SMITH"},{"floor":49.0,"key":"RECALL"},{"data":"Force Field","floor":53,"key":"SMITH"}],"neow_cost":"NONE","seed_source_timestamp":3522053530200,"circlet_count":0,"master_deck":["AscendersBane","Strike_B+1","Defend_B+1","Defend_B+1","Zap+1","Dualcast+1","Capacitor+1","Hologram+1","Echo Form","Electrodynamics+1","Ball Lightning","Skim","Fission+1","Conserve Battery+1","Thunder Strike","Force Field+1","Genetic Algorithm","Self Repair+1","Machine Learning","White Noise","Chill+1","Defragment","Leap+1"],"special_seed":0,"relics":["FrozenCore","NeowsBlessing","Pocketwatch","Pen Nib","Regal Pillow","War Paint","Blood Vial","Dream Catcher","DataDisk","Oddly Smooth Stone","Inserter","Girya","Bag of Preparation","Bag of Marbles"],"potions_floor_usage":[51,51,51,56,56],"damage_taken":[{"damage":0.0,"enemies":"Small Slimes","floor":1.0,"turns":1.0},{"damage":0.0,"enemies":"2 Louse","floor":5.0,"turns":1.0},{"damage":0.0,"enemies":"Lagavulin","floor":7.0,"turns":1.0},{"damage":9.0,"enemies":"3 Sentries","floor":10.0,"turns":7.0},{"damage":0.0,"enemies":"Cultist","floor":14.0,"turns":2.0},{"damage":0.0,"enemies":"Slime Boss","floor":16.0,"turns":5.0},{"damage":15.0,"enemies":"Chosen","floor":18.0,"turns":5.0},{"damage":8.0,"enemies":"Shell Parasite","floor":21.0,"turns":5.0},{"damage":1.0,"enemies":"Snecko","floor":22.0,"turns":5.0},{"damage":53.0,"enemies":"Book of Stabbing","floor":23.0,"turns":7.0},{"damage":27.0,"enemies":"Gremlin Leader","floor":25.0,"turns":5.0},{"damage":7.0,"enemies":"Centurion and Healer","floor":27.0,"turns":7.0},{"damage":5.0,"enemies":"Snake Plant","floor":29.0,"turns":7.0},{"damage":21.0,"enemies":"Book of Stabbing","floor":30.0,"turns":5.0},{"damage":6.0,"enemies":"Automaton","floor":33.0,"turns":11.0},{"damage":21.0,"enemies":"3 Shapes","floor":35.0,"turns":7.0},{"damage":4.0,"enemies":"Mind Bloom Boss Battle","floor":36.0,"turns":8.0},{"damage":12.0,"enemies":"Orb Walker","floor":39.0,"turns":4.0},{"damage":5.0,"enemies":"4 Shapes","floor":45.0,"turns":6.0},{"damage":0.0,"enemies":"Jaw Worm Horde","floor":46.0,"turns":2.0},{"damage":0.0,"enemies":"Writhing Mass","floor":47.0,"turns":10.0},{"damage":0.0,"enemies":"3 Darklings","floor":48.0,"turns":4.0},{"damage":26.0,"enemies":"Awakened One","floor":50.0,"turns":41.0},{"damage":23,"enemies":"Time Eater","floor":51,"turns":29},{"damage":50,"enemies":"Shield and Spear","floor":55,"turns":6},{"damage":27,"enemies":"The Heart","floor":56,"turns":3}],"seed_played":"-8558792376456519888","potions_obtained":[{"floor":1.0,"key":"Fire Potion"},{"floor":7.0,"key":"FairyPotion"},{"floor":14.0,"key":"AttackPotion"},{"floor":22.0,"key":"SteroidPotion"},{"floor":23.0,"key":"Fire Potion"},{"floor":27.0,"key":"Explosive Potion"},{"floor":30.0,"key":"PowerPotion"},{"floor":39.0,"key":"Regen Potion"},{"floor":45.0,"key":"EntropicBrew"},{"floor":47.0,"key":"SkillPotion"},{"floor":55,"key":"AttackPotion"}],"is_trial":false,"path_per_floor":["M","?","?","?","M","R","E","R","T","E","?","R","$","M","R","B",null,"M","$","?","M","M","E","R","E","T","M","R","M","E","?","R","B",null,"M","?","?","$","M","R","?","R","T","R","M","M","M","M","R","B","B",null,"R","$","E","B"],"character_chosen":"DEFECT","items_purchased":["War Paint","Ball Lightning","Self Repair","Bag of Preparation","Defragment"],"campfire_rested":4,"item_purchase_floors":[13,13,38,38,54],"current_hp_per_floor":[64,43,36,36,36,36,36,36,36,27,16,52,52,52,52,52,66,51,51,51,43,42,7,43,18,18,13,49,46,27,7,44,40,67,48,46,46,46,36,36,36,36,36,36,53,70,76,76,76,60,59,72,72,72,24,0],"gold":60,"neow_bonus":"THREE_ENEMY_KILL","is_prod":false,"is_daily":false,"chose_seed":false,"campfire_upgraded":7,"win_rate":0,"timestamp":1555000685,"path_taken":["M","?","?","?","?","R","E","R","T","E","?","R","$","M","R","BOSS","M","$","?","?","M","E","R","E","T","M","R","M","E","?","R","BOSS","M","?","?","$","?","R","?","R","T","R","M","M","M","M","R","BOSS","BOSS","R","$","E","BOSS"],"build_version":"2019-01-23","purchased_purges":3,"victory":false,"max_hp_per_floor":[71,71,71,71,71,71,71,71,71,71,71,71,71,71,71,71,71,71,71,71,71,71,71,71,71,71,71,71,71,71,76,76,76,76,76,76,76,76,76,76,76,76,76,76,76,76,76,76,76,76,76,76,76,76,76,76],"card_choices":[{"not_picked":["Coolheaded","Aggregate"],"picked":"Capacitor","floor":1.0},{"not_picked":["Loop","Beam Cell"],"picked":"Hologram","floor":5.0},{"not_picked":["Coolheaded","Compile Driver"],"picked":"Echo Form","floor":7.0},{"not_picked":["Undo","Turbo"],"picked":"Electrodynamics","floor":10.0},{"not_picked":["Rebound","Steam"],"picked":"Skim","floor":14.0},{"not_picked":["Rainbow","Buffer"],"picked":"Fission","floor":16.0},{"not_picked":["Compile Driver","Redo","Stack+1"],"picked":"SKIP","floor":18.0},{"not_picked":["Compile Driver","Stack"],"picked":"Rebound+1","floor":21.0},{"not_picked":["Beam Cell","Skim"],"picked":"Conserve Battery","floor":22.0},{"not_picked":["Ball Lightning","Leap","Compile Driver"],"picked":"SKIP","floor":23.0},{"not_picked":["Redo","Go for the Eyes"],"picked":"Thunder Strike","floor":25.0},{"not_picked":["Static Discharge","Cold Snap","Stack+1"],"picked":"SKIP","floor":27.0},{"not_picked":["Coolheaded","Storm"],"picked":"Force Field","floor":29.0},{"not_picked":["Sweeping Beam","Go for the Eyes","Darkness"],"picked":"SKIP","floor":30.0},{"not_picked":["Reprogram","Rebound"],"picked":"Genetic Algorithm","floor":32.0},{"not_picked":["Gash","Ball Lightning","Hologram"],"picked":"SKIP","floor":35.0},{"not_picked":["Sweeping Beam","Streamline","Machine Learning"],"picked":"SKIP","floor":39.0},{"not_picked":["Sweeping Beam","Streamline"],"picked":"Machine Learning","floor":39.0},{"not_picked":["Ball Lightning","Stack+1","Redo"],"picked":"SKIP","floor":45.0},{"not_picked":["White Noise","Leap","Rebound+1"],"picked":"SKIP","floor":46.0},{"not_picked":["Leap","Rebound+1"],"picked":"White Noise","floor":46.0},{"not_picked":["Undo","Go for the Eyes+1"],"picked":"Chill+1","floor":47.0},{"not_picked":["Tempest+1","Streamline","Steam Power"],"picked":"SKIP","floor":48.0},{"not_picked":["Steam","Chaos","Leap+1"],"picked":"SKIP","floor":55},{"not_picked":["Steam","Chaos"],"picked":"Leap+1","floor":55}],"player_experience":4757218,"relics_obtained":[{"floor":7.0,"key":"Pocketwatch"},{"floor":9.0,"key":"Pen Nib"},{"floor":10.0,"key":"Regal Pillow"},{"floor":23.0,"key":"Blood Vial"},{"floor":25.0,"key":"Dream Catcher"},{"floor":26.0,"key":"DataDisk"},{"floor":30.0,"key":"Oddly Smooth Stone"},{"floor":36.0,"key":"Girya"},{"floor":55,"key":"Bag of Marbles"}],"event_choices":[{"damage_healed":0.0,"max_hp_gain":0.0,"max_hp_loss":0.0,"gold_gain":0.0,"event_name":"Shining Light","player_choice":"Entered Light","floor":2.0,"gold_loss":0.0,"damage_taken":21.0,"cards_upgraded":["Defend_B","Strike_B"]},{"cards_removed":["Strike_B"],"damage_healed":0.0,"max_hp_gain":0.0,"max_hp_loss":0.0,"gold_gain":0.0,"event_name":"Golden Wing","player_choice":"Card Removal","floor":3.0,"gold_loss":0.0,"damage_taken":7.0},{"damage_healed":0.0,"max_hp_gain":0.0,"max_hp_loss":0.0,"gold_gain":0.0,"event_name":"Accursed Blacksmith","player_choice":"Forge","floor":4.0,"gold_loss":0.0,"damage_taken":0.0,"cards_upgraded":["Capacitor"]},{"damage_healed":0.0,"max_hp_gain":0.0,"max_hp_loss":0.0,"gold_gain":75.0,"event_name":"World of Goop","player_choice":"Gather Gold","floor":11.0,"gold_loss":0.0,"damage_taken":11.0},{"damage_healed":0.0,"max_hp_gain":0.0,"max_hp_loss":0.0,"gold_gain":0.0,"event_name":"Lab","player_choice":"Got Potions","floor":20.0,"gold_loss":0.0,"damage_taken":0.0},{"damage_healed":0.0,"max_hp_gain":5.0,"max_hp_loss":0.0,"gold_gain":0.0,"event_name":"Forgotten Altar","player_choice":"Shed Blood","floor":31.0,"gold_loss":0.0,"damage_taken":25.0},{"damage_healed":0.0,"max_hp_gain":0.0,"max_hp_loss":0.0,"gold_gain":0.0,"event_name":"MindBloom","player_choice":"Fight","floor":36.0,"gold_loss":0.0,"damage_taken":0.0},{"cards_removed":["Defend_B"],"damage_healed":0.0,"max_hp_gain":0.0,"max_hp_loss":0.0,"gold_gain":0.0,"event_name":"Bonfire Elementals","player_choice":"Offered Basic","floor":37.0,"gold_loss":0.0,"damage_taken":0.0},{"cards_removed":["Rebound"],"damage_healed":0.0,"max_hp_gain":0.0,"max_hp_loss":0.0,"gold_gain":0.0,"event_name":"Falling","player_choice":"Removed Attack","floor":41.0,"gold_loss":0.0,"damage_taken":0.0}],"is_beta":false,"boss_relics":[{"not_picked":["Sozu","Tiny House"],"picked":"FrozenCore"},{"not_picked":["Orrery","Fusion Hammer"],"picked":"Inserter"}],"items_purged_floors":[13,19,38],"is_endless":false,"potions_floor_spawned":[1,7,14,22,23,27,30,39,45,47,55],"killed_by":"The Heart","ascension_level":20}