{"gold_per_floor":[112,130,150,150,150,150,162,162,162,178,193,218,236,266,266,339,339,353,353,38,49,99,126,126,137,188,188,12,41,58,83,83,83],"floor_reached":33,"playtime":1570,"items_purged":[],"score":633,"play_id":"7d6a0d87-6d9b-4974-99e6-c39154ceaa30","local_time":"20190328013437","is_ascension_mode":true,"campfire_choices":[{"data":"Immolate","floor":6.0,"key":"SMITH"},{"floor":8.0,"key":"REST"},{"data":"Entrench","floor":15.0,"key":"SMITH"},{"data":"Evolve","floor":24.0,"key":"SMITH"},{"floor":27.0,"key":"REST"},{"floor":32.0,"key":"REST"}],"neow_cost":"PERCENT_DAMAGE","seed_source_timestamp":2420934459095873,"circlet_count":0,"master_deck":["AscendersBane","Strike_R+1","Strike_R+1","Strike_R+1","Strike_R+1","Defend_R+1","Defend_R+1","Defend_R+1","Defend_R+1","Bash","Immolate+1","Shrug It Off","Thunderclap","Shockwave","Pommel Strike+1","Barricade","Entrench+1","Inflame","Limit Break","Juggernaut","Heavy Blade+1","Evolve+1","Reckless Charge+1","Body Slam+1","Double Tap","Feel No Pain","Reckless Charge+1"],"special_seed":0,"relics":["Burning Blood","Molten Egg 2","Ancient Tea Set","Blood Vial","Gremlin Horn","White Beast Statue","Sling","Bag of Marbles","Strawberry","The Courier","Unceasing Top"],"potions_floor_usage":[],"damage_taken":[{"damage":7.0,"enemies":"2 Louse","floor":1.0,"turns":2.0},{"damage":3.0,"enemies":"Small Slimes","floor":2.0,"turns":2.0},{"damage":0.0,"enemies":"Cultist","floor":3.0,"turns":2.0},{"damage":0.0,"enemies":"3 Louse","floor":7.0,"turns":2.0},{"damage":6.0,"enemies":"Looter","floor":10.0,"turns":3.0},{"damage":9.0,"enemies":"Red Slaver","floor":11.0,"turns":2.0},{"damage":22.0,"enemies":"Lagavulin","floor":12.0,"turns":7.0},{"damage":17.0,"enemies":"Exordium Thugs","floor":13.0,"turns":3.0},{"damage":17.0,"enemies":"3 Sentries","floor":14.0,"turns":4.0},{"damage":13.0,"enemies":"Slime Boss","floor":16.0,"turns":10.0},{"damage":41.0,"enemies":"Shell Parasite","floor":18.0,"turns":7.0},{"damage":9.0,"enemies":"2 Thieves","floor":21.0,"turns":4.0},{"damage":5.0,"enemies":"Gremlin Leader","floor":23.0,"turns":5.0},{"damage":9.0,"enemies":"Chosen and Byrds","floor":25.0,"turns":4.0},{"damage":37.0,"enemies":"Book of Stabbing","floor":29.0,"turns":5.0},{"damage":50.0,"enemies":"Shelled Parasite and Fungi","floor":30.0,"turns":7.0},{"damage":0.0,"enemies":"Slavers","floor":31.0,"turns":1.0},{"damage":74,"enemies":"Automaton","floor":33,"turns":6}],"seed_played":"6619822057440343039","potions_obtained":[{"floor":2.0,"key":"LiquidBronze"},{"floor":7.0,"key":"SkillPotion"},{"floor":10.0,"key":"FairyPotion"},{"floor":13.0,"key":"SpeedPotion"},{"floor":18.0,"key":"PowerPotion"},{"floor":21.0,"key":"Explosive Potion"},{"floor":25.0,"key":"Regen Potion"},{"floor":29.0,"key":"Regen Potion"},{"floor":30.0,"key":"Swift Potion"},{"floor":31.0,"key":"Block Potion"}],"is_trial":false,"path_per_floor":["M","M","M","?","?","R","M","R","T","M","M","E","M","E","R","B",null,"M","?","$","M","?","E","R","M","T","R","$","E","M","E","R","B"],"character_chosen":"IRONCLAD","items_purchased":["Sling","Evolve","Double Tap"],"campfire_rested":3,"item_purchase_floors":[20,20,28],"current_hp_per_floor":[49,52,58,32,32,32,38,60,60,60,57,41,32,23,23,18,61,28,28,28,27,27,30,30,29,36,60,60,45,18,26,50,0],"gold":83,"neow_bonus":"THREE_RARE_CARDS","is_prod":false,"is_daily":false,"chose_seed":false,"campfire_upgraded":3,"win_rate":0,"timestamp":1553704477,"path_taken":["M","M","M","?","?","R","M","R","T","?","M","E","M","E","R","BOSS","M","?","$","M","?","E","R","M","T","R","$","E","M","E","R","BOSS"],"build_version":"2019-03-15","purchased_purges":0,"victory":false,"max_hp_per_floor":[75,75,75,75,75,75,75,75,75,75,75,75,75,75,75,75,75,75,75,75,75,75,75,75,75,82,82,82,82,82,82,82,82],"card_choices":[{"not_picked":["Juggernaut","Berserk"],"picked":"Immolate","floor":0.0},{"not_picked":["Armaments","Clash"],"picked":"Shrug It Off","floor":1.0},{"not_picked":["Armaments","Iron Wave"],"picked":"Thunderclap","floor":2.0},{"not_picked":["Cleave","Flex"],"picked":"Shockwave","floor":3.0},{"not_picked":["Body Slam+1","Perfected Strike+1"],"picked":"Pommel Strike+1","floor":7.0},{"not_picked":["Flame Barrier","Infernal Blade"],"picked":"Barricade","floor":10.0},{"not_picked":["Disarm","Fire Breathing"],"picked":"Entrench","floor":11.0},{"not_picked":["Perfected Strike+1","Hemokinesis+1"],"picked":"Inflame","floor":12.0},{"not_picked":["Combust","Rupture","Corruption"],"picked":"SKIP","floor":13.0},{"not_picked":["Cleave+1","Flex"],"picked":"Limit Break","floor":14.0},{"not_picked":["Limit Break","Fiend Fire+1"],"picked":"Juggernaut","floor":16.0},{"not_picked":["Corruption","Combust"],"picked":"Heavy Blade+1","floor":18.0},{"not_picked":["Warcry","Corruption","Spot Weakness"],"picked":"SKIP","floor":21.0},{"not_picked":["Twin Strike+1","Carnage+1"],"picked":"Reckless Charge+1","floor":23.0},{"not_picked":["Sever Soul+1","Cleave+1"],"picked":"Body Slam+1","floor":25.0},{"not_picked":["Rupture","Blood for Blood+1"],"picked":"Feel No Pain","floor":29.0},{"not_picked":["Thunderclap+1","Headbutt+1"],"picked":"Reckless Charge+1","floor":30.0},{"not_picked":["Infernal Blade","Juggernaut","Twin Strike+1"],"picked":"SKIP","floor":31.0}],"player_experience":2749309,"relics_obtained":[{"floor":9.0,"key":"Ancient Tea Set"},{"floor":12.0,"key":"Blood Vial"},{"floor":14.0,"key":"Gremlin Horn"},{"floor":23.0,"key":"Bag of Marbles"},{"floor":26.0,"key":"Strawberry"},{"floor":29.0,"key":"The Courier"},{"floor":31.0,"key":"Unceasing Top"}],"event_choices":[{"damage_healed":0.0,"max_hp_gain":0.0,"max_hp_loss":0.0,"gold_gain":0.0,"event_name":"Scrap Ooze","player_choice":"Success","floor":4.0,"gold_loss":0.0,"damage_taken":26.0,"relics_obtained":["Molten Egg 2"]},{"cards_removed":["Strike_R"],"damage_healed":0.0,"max_hp_gain":0.0,"max_hp_loss":0.0,"gold_gain":0.0,"event_name":"Bonfire Elementals","player_choice":"Offered Basic","floor":5.0,"gold_loss":0.0,"damage_taken":0.0},{"damage_healed":0.0,"max_hp_gain":0.0,"max_hp_loss":0.0,"gold_gain":0.0,"event_name":"Back to Basics","player_choice":"Simplicity","floor":19.0,"gold_loss":0.0,"damage_taken":0.0,"cards_upgraded":["Strike_R","Strike_R","Strike_R","Strike_R","Defend_R","Defend_R","Defend_R","Defend_R"]},{"damage_healed":0.0,"max_hp_gain":0.0,"max_hp_loss":0.0,"gold_gain":50.0,"event_name":"Nest","player_choice":"Stole From Cult","floor":22.0,"gold_loss":0.0,"damage_taken":0.0}],"is_beta":true,"boss_relics":[{"not_picked":["Black Star","Tiny House"],"picked":"White Beast Statue"}],"items_purged_floors":[],"is_endless":false,"potions_floor_spawned":[2,7,10,13,18,21,23,25,29,30,31],"killed_by":"Automaton","ascension_level":17}