{"gold_per_floor":[113,113,13,13,23,48,62,62,62,62,80,105,105,139,151,234,246,271,62,62,76,87,87,100,128,204,214,230,248,248,263,263,334,334,351,363,377,180,193,193,193,193,262,262,280,292,310,341,341,341],"floor_reached":51,"playtime":2126,"items_purged":["Strike_B","Strike_B","Strike_B"],"score":1315,"play_id":"7c851c1f-db9a-4490-bea8-49f1084ecb80","local_time":"20190209100839","is_ascension_mode":true,"campfire_choices":[{"data":"Streamline","floor":8.0,"key":"SMITH"},{"data":"Dualcast","floor":10.0,"key":"SMITH"},{"floor":13.0,"key":"REST"},{"data":"Conserve Battery","floor":15.0,"key":"SMITH"},{"data":"Electrodynamics","floor":23.0,"key":"SMITH"},{"data":"Creative AI","floor":30.0,"key":"SMITH"},{"data":"Coolheaded","floor":32.0,"key":"SMITH"},{"data":"Coolheaded","floor":40.0,"key":"SMITH"},{"data":"Coolheaded","floor":42.0,"key":"SMITH"},{"floor":49,"key":"REST"}],"neow_cost":"NONE","seed_source_timestamp":2573589967215661,"circlet_count":0,"master_deck":["AscendersBane","Defend_B","Defend_B","Defend_B","Defend_B+1","Zap+1","Dualcast+1","Compile Driver","Streamline+1","Cold Snap","Darkness","Beam Cell","Coolheaded+1","Conserve Battery+1","Coolheaded+1","Electrodynamics+1","Auto Shields","Self Repair","Force Field","Coolheaded+1","Creative AI+1","Blizzard","Defragment+1","Glacier","Core Surge","Undo","Force Field+1","Parasite","Storm+1"],"special_seed":0,"relics":["Cracked Core","NeowsBlessing","War Paint","Cables","Bag of Preparation","MawBank","Busted Crown","Strawberry","Mummified Hand","Inserter","Symbiotic Virus","NlothsMask","The Courier"],"potions_floor_usage":[50,50],"damage_taken":[{"damage":0.0,"enemies":"Cultist","floor":1.0,"turns":1.0},{"damage":0.0,"enemies":"2 Louse","floor":5.0,"turns":1.0},{"damage":0.0,"enemies":"Gremlin Nob","floor":6.0,"turns":1.0},{"damage":12.0,"enemies":"Jaw Worm","floor":7.0,"turns":3.0},{"damage":8.0,"enemies":"Gremlin Gang","floor":11.0,"turns":4.0},{"damage":17.0,"enemies":"3 Sentries","floor":12.0,"turns":4.0},{"damage":0.0,"enemies":"Gremlin Nob","floor":14.0,"turns":3.0},{"damage":34.0,"enemies":"The Guardian","floor":16.0,"turns":10.0},{"damage":10.0,"enemies":"2 Thieves","floor":18.0,"turns":3.0},{"damage":5.0,"enemies":"3 Byrds","floor":21.0,"turns":4.0},{"damage":11.0,"enemies":"Centurion and Healer","floor":22.0,"turns":7.0},{"damage":0.0,"enemies":"Snake Plant","floor":24.0,"turns":3.0},{"damage":16.0,"enemies":"Gremlin Leader","floor":25.0,"turns":6.0},{"damage":0.0,"enemies":"Sentry and Sphere","floor":27.0,"turns":4.0},{"damage":10.0,"enemies":"Snecko","floor":28.0,"turns":5.0},{"damage":11.0,"enemies":"Shelled Parasite and Fungi","floor":29.0,"turns":3.0},{"damage":0.0,"enemies":"Snake Plant","floor":31.0,"turns":2.0},{"damage":13.0,"enemies":"Champ","floor":33.0,"turns":10.0},{"damage":0.0,"enemies":"3 Shapes","floor":35.0,"turns":2.0},{"damage":0.0,"enemies":"3 Darklings","floor":36.0,"turns":4.0},{"damage":0.0,"enemies":"Spire Growth","floor":37.0,"turns":7.0},{"damage":0.0,"enemies":"Sphere and 2 Shapes","floor":39.0,"turns":4.0},{"damage":11.0,"enemies":"4 Shapes","floor":45.0,"turns":3.0},{"damage":10.0,"enemies":"Writhing Mass","floor":46.0,"turns":6.0},{"damage":19.0,"enemies":"Jaw Worm Horde","floor":47.0,"turns":5.0},{"damage":39,"enemies":"Reptomancer","floor":48,"turns":7},{"damage":23,"enemies":"Donu and Deca","floor":50,"turns":9}],"seed_played":"1927572352200341918","potions_obtained":[{"floor":1.0,"key":"GamblersBrew"},{"floor":7.0,"key":"AttackPotion"},{"floor":12.0,"key":"Fire Potion"},{"floor":16.0,"key":"Fire Potion"},{"floor":18.0,"key":"Block Potion"},{"floor":25.0,"key":"Strength Potion"},{"floor":29.0,"key":"Weak Potion"},{"floor":35.0,"key":"SmokeBomb"},{"floor":37.0,"key":"SpeedPotion"},{"floor":46.0,"key":"Ancient Potion"}],"is_trial":false,"path_per_floor":["M","?","$","?","M","E","M","R","T","R","M","E","R","E","R","B",null,"M","$","?","M","M","R","M","E","T","M","M","M","R","M","R","B",null,"M","M","M","$","M","R","?","R","T","?","M","M","M","E","R","B",null],"character_chosen":"DEFECT","items_purchased":["Streamline","Self Repair","Force Field","Ancient Potion"],"campfire_rested":2,"item_purchase_floors":[3,19,19,38],"current_hp_per_floor":[64,64,64,64,64,64,52,52,52,52,44,27,48,48,48,14,57,47,47,47,49,45,45,45,43,43,50,47,43,43,50,50,44,70,77,78,78,78,78,78,78,78,78,78,74,71,59,27,50,34],"gold":341,"neow_bonus":"THREE_ENEMY_KILL","is_prod":false,"is_daily":false,"chose_seed":false,"campfire_upgraded":8,"win_rate":0,"timestamp":1549674519,"path_taken":["M","?","$","?","M","E","M","R","T","R","M","E","R","E","R","BOSS","M","$","?","M","M","R","M","E","T","M","?","M","R","M","R","BOSS","M","M","M","$","M","R","?","R","T","?","?","M","M","E","R","BOSS"],"build_version":"2019-01-23","purchased_purges":3,"victory":true,"max_hp_per_floor":[71,71,71,71,71,71,71,71,71,71,71,71,71,71,71,71,71,71,71,71,71,71,71,71,78,78,78,78,78,78,78,78,78,78,78,78,78,78,78,78,78,78,78,78,78,78,78,78,78,78],"card_choices":[{"not_picked":["Heatsinks","Hologram"],"picked":"Compile Driver","floor":1.0},{"not_picked":["Stack","Turbo"],"picked":"Cold Snap","floor":5.0},{"not_picked":["Blizzard","Capacitor"],"picked":"Darkness","floor":6.0},{"not_picked":["Turbo","Redo"],"picked":"Beam Cell","floor":7.0},{"not_picked":["Beam Cell","Cold Snap"],"picked":"Coolheaded","floor":11.0},{"not_picked":["Consume","Heatsinks"],"picked":"Conserve Battery","floor":12.0},{"not_picked":["Reboot","Stack"],"picked":"Coolheaded","floor":14.0},{"not_picked":["Amplify","Creative AI"],"picked":"Electrodynamics","floor":16.0},{"not_picked":[],"picked":"Auto Shields","floor":18.0},{"not_picked":[],"picked":"Coolheaded","floor":21.0},{"not_picked":["Ball Lightning"],"picked":"SKIP","floor":22.0},{"not_picked":["Stack"],"picked":"SKIP","floor":24.0},{"not_picked":[],"picked":"Creative AI","floor":25.0},{"not_picked":[],"picked":"Blizzard","floor":27.0},{"not_picked":[],"picked":"Defragment+1","floor":28.0},{"not_picked":["Ball Lightning"],"picked":"SKIP","floor":29.0},{"not_picked":[],"picked":"Glacier","floor":31.0},{"not_picked":[],"picked":"Core Surge","floor":33.0},{"not_picked":[],"picked":"Undo","floor":35.0},{"not_picked":[],"picked":"Force Field+1","floor":36.0},{"not_picked":["Sweeping Beam"],"picked":"SKIP","floor":37.0},{"not_picked":["Steam"],"picked":"SKIP","floor":39.0},{"not_picked":["Leap"],"picked":"SKIP","floor":45.0},{"not_picked":["Steam"],"picked":"SKIP","floor":46.0},{"not_picked":[],"picked":"Storm+1","floor":47.0},{"not_picked":["All For One"],"picked":"SKIP","floor":48}],"player_experience":588503,"relics_obtained":[{"floor":6.0,"key":"War Paint"},{"floor":9.0,"key":"Cables"},{"floor":12.0,"key":"Bag of Preparation"},{"floor":14.0,"key":"MawBank"},{"floor":25.0,"key":"Strawberry"},{"floor":26.0,"key":"Mummified Hand"},{"floor":43.0,"key":"Symbiotic Virus"},{"floor":48,"key":"The Courier"}],"event_choices":[{"damage_healed":0.0,"max_hp_gain":0.0,"max_hp_loss":0.0,"gold_gain":0.0,"event_name":"Liars Game","player_choice":"Ignored","floor":2.0,"gold_loss":0.0,"damage_taken":0.0},{"damage_healed":0.0,"max_hp_gain":0.0,"max_hp_loss":0.0,"gold_gain":0.0,"event_name":"Shining Light","player_choice":"Ignored","floor":4.0,"gold_loss":0.0,"damage_taken":0.0},{"cards_removed":["Strike_B"],"damage_healed":0.0,"max_hp_gain":0.0,"max_hp_loss":0.0,"gold_gain":0.0,"event_name":"Bonfire Elementals","player_choice":"Offered Basic","floor":20.0,"gold_loss":0.0,"damage_taken":0.0},{"damage_healed":0.0,"max_hp_gain":0.0,"max_hp_loss":0.0,"gold_gain":0.0,"event_name":"SensoryStone","player_choice":"Memory 1","floor":41.0,"gold_loss":0.0,"damage_taken":0.0},{"damage_healed":0.0,"max_hp_gain":0.0,"max_hp_loss":0.0,"gold_gain":0.0,"event_name":"FaceTrader","player_choice":"Trade","floor":44.0,"gold_loss":0.0,"damage_taken":0.0,"relics_obtained":["NlothsMask"]}],"is_beta":false,"boss_relics":[{"not_picked":["Ectoplasm","White Beast Statue"],"picked":"Busted Crown"},{"not_picked":["Coffee Dripper","Pandora\u0027s Box"],"picked":"Inserter"}],"items_purged_floors":[3,19,38],"is_endless":false,"potions_floor_spawned":[1,7,12,16,18,25,27,29,35,37,46,47],"ascension_level":15}