{"gold_per_floor":[115,129,148,161,176,176,176,211,211,211,247,17,17,35,35,131,131,152,176,176,200,200],"floor_reached":22,"playtime":708,"items_purged":["Strike_B"],"score":396,"play_id":"457cdf32-3ae7-435e-bcad-9c2b0664482b","local_time":"20190322002116","is_ascension_mode":true,"campfire_choices":[{"floor":6,"key":"REST"},{"floor":10,"key":"REST"},{"data":"Biased Cognition","floor":15,"key":"SMITH"}],"neow_cost":"PERCENT_DAMAGE","seed_source_timestamp":692832613735500,"circlet_count":0,"master_deck":["AscendersBane","Strike_B","Strike_B","Strike_B","Defend_B","Defend_B","Defend_B","Defend_B","Zap","Dualcast","Biased Cognition+1","Coolheaded","Compile Driver","White Noise","Gash","Ball Lightning","Cold Snap","Core Surge","Skim","Self Repair","Seek","Coolheaded","Loop","Defragment","Turbo","Capacitor","Hologram","Biased Cognition+1"],"relics":["Cracked Core","Golden Idol","Potion Belt","Torii","Ice Cream","Orrery"],"potions_floor_usage":[8,14,16],"damage_taken":[{"damage":0,"enemies":"Cultist","floor":1,"turns":3},{"damage":0,"enemies":"2 Louse","floor":2,"turns":5},{"damage":2,"enemies":"Jaw Worm","floor":3,"turns":3},{"damage":6,"enemies":"Red Slaver","floor":4,"turns":5},{"damage":24,"enemies":"Large Slime","floor":5,"turns":5},{"damage":16,"enemies":"Lagavulin","floor":8,"turns":5},{"damage":13,"enemies":"3 Sentries","floor":11,"turns":8},{"damage":4,"enemies":"Gremlin Gang","floor":14,"turns":4},{"damage":4,"enemies":"Hexaghost","floor":16,"turns":9},{"damage":7,"enemies":"3 Byrds","floor":18,"turns":6},{"damage":31,"enemies":"Shell Parasite","floor":19,"turns":5},{"damage":27,"enemies":"3 Cultists","floor":21,"turns":5},{"damage":6,"enemies":"Snecko","floor":22,"turns":2}],"seed_played":"3656670966842752499","potions_obtained":[{"floor":2,"key":"EssenceOfSteel"},{"floor":3,"key":"LiquidBronze"},{"floor":8,"key":"PowerPotion"},{"floor":18,"key":"LiquidBronze"}],"is_trial":false,"path_per_floor":["M","M","M","M","M","R","?","E","T","R","E","$","?","M","R","B",null,"M","M","?","M","M"],"character_chosen":"DEFECT","items_purchased":["Skim","Self Repair"],"campfire_rested":2,"item_purchase_floors":[12,12],"current_hp_per_floor":[46,46,44,38,14,35,35,19,19,38,25,25,25,21,21,24,54,54,30,30,3,0],"gold":200,"neow_bonus":"THREE_RARE_CARDS","is_prod":false,"is_daily":false,"chose_seed":false,"campfire_upgraded":1,"win_rate":0,"timestamp":1553181676,"path_taken":["M","M","M","M","?","R","?","E","T","R","E","$","?","M","R","BOSS","M","M","?","M","?"],"build_version":"2019-01-23","purchased_purges":1,"victory":false,"max_hp_per_floor":[71,71,71,71,71,71,64,64,64,64,64,64,64,64,64,64,64,64,64,64,64,64],"card_choices":[{"not_picked":["All For One","Thunder Strike"],"picked":"Biased Cognition","floor":0},{"not_picked":["Gash","Steam"],"picked":"Coolheaded","floor":1},{"not_picked":["Gash","Stack"],"picked":"Compile Driver","floor":2},{"not_picked":["Leap","Beam Cell"],"picked":"White Noise","floor":3},{"not_picked":["Go for the Eyes","Turbo"],"picked":"Gash","floor":4},{"not_picked":["Reboot","Coolheaded"],"picked":"Ball Lightning","floor":5},{"not_picked":["Go for the Eyes","Turbo"],"picked":"Cold Snap","floor":8},{"not_picked":["Sunder","Blizzard"],"picked":"Core Surge","floor":11},{"not_picked":["Conserve Battery","Rebound","Stack"],"picked":"SKIP","floor":14},{"not_picked":["Meteor Strike","Buffer"],"picked":"Seek","floor":16},{"not_picked":["Hologram","Stack"],"picked":"Coolheaded","floor":17},{"not_picked":["Hologram","Steam"],"picked":"Loop","floor":17},{"not_picked":["Force Field","Cold Snap"],"picked":"Defragment","floor":17},{"not_picked":["Conserve Battery","Melter"],"picked":"Turbo","floor":17},{"not_picked":["FTL","Chaos"],"picked":"Capacitor","floor":17},{"not_picked":["Leap","Gash","Aggregate"],"picked":"SKIP","floor":18},{"not_picked":["Redo","Beam Cell"],"picked":"Hologram","floor":19},{"not_picked":["Hologram","Rebound","Streamline+1"],"picked":"SKIP","floor":21}],"player_experience":4579979,"relics_obtained":[{"floor":8,"key":"Potion Belt"},{"floor":9,"key":"Torii"},{"floor":11,"key":"Ice Cream"}],"event_choices":[{"damage_healed":0,"gold_gain":0,"player_choice":"Lose Max HP","damage_taken":0,"relics_obtained":["Golden Idol"],"max_hp_gain":0,"max_hp_loss":7,"event_name":"Golden Idol","floor":7,"gold_loss":0},{"damage_healed":0,"gold_gain":0,"player_choice":"Ignored","damage_taken":0,"max_hp_gain":0,"max_hp_loss":0,"event_name":"Shining Light","floor":13,"gold_loss":0},{"damage_healed":0,"gold_gain":0,"player_choice":"Copied","damage_taken":0,"max_hp_gain":0,"max_hp_loss":0,"event_name":"Duplicator","floor":20,"gold_loss":0,"cards_obtained":["Biased Cognition"]}],"is_beta":false,"boss_relics":[{"not_picked":["Calling Bell","Runic Pyramid"],"picked":"Orrery"}],"items_purged_floors":[12],"is_endless":false,"potions_floor_spawned":[2,3,4,8,18],"killed_by":"Snecko","ascension_level":20}