{"gold_per_floor":[114,124,4,16,29,62,62,93,140,169,181,193,236,248,260,368,380,412,386,386,386,21,55,65,98,146,146,160,177,52,52,52,148,148,162,81,81,92,109,109,138,70,70,83,83],"floor_reached":45,"playtime":2373,"items_purged":["Strike_B","Strike_B","Strike_B"],"score":763,"play_id":"2984b7b7-1028-43cb-9240-ec6fb490f3c5","local_time":"20190424141531","is_ascension_mode":true,"campfire_choices":[{"data":"Go for the Eyes","floor":7,"key":"SMITH"},{"floor":12,"key":"REST"},{"floor":15,"key":"REST"},{"floor":27,"key":"REST"},{"floor":32,"key":"REST"},{"data":"Consume","floor":40,"key":"SMITH"}],"neow_cost":"NONE","seed_source_timestamp":53050148149937,"circlet_count":0,"master_deck":["Defend_B","Defend_B","Defend_B","Defend_B+1","Zap+1","Dualcast","Streamline","Ball Lightning","Go for the Eyes+1","Ball Lightning","Glacier","Leap","Hologram","Steam","Self Repair+1","Machine Learning+1","Storm+1","Sweeping Beam","Consume+1","Reinforced Body+1","Loop+1","Conserve Battery+1","Loop+1","Machine Learning+1","Barrage+1","Barrage+1","Reinforced Body"],"relics":["Cracked Core","Frozen Egg 2","Dodecahedron","MawBank","War Paint","Kunai","Nuclear Battery","Runic Capacitor","Pear","Symbiotic Virus","Happy Flower","Sozu","Ancient Tea Set"],"potions_floor_usage":[23,23,29,33],"damage_taken":[{"damage":1,"enemies":"Cultist","floor":1,"turns":3},{"damage":4,"enemies":"Jaw Worm","floor":2,"turns":4},{"damage":0,"enemies":"2 Louse","floor":4,"turns":1},{"damage":13,"enemies":"Exordium Wildlife","floor":5,"turns":4},{"damage":21,"enemies":"3 Sentries","floor":6,"turns":8},{"damage":19,"enemies":"Lagavulin","floor":8,"turns":7},{"damage":0,"enemies":"3 Louse","floor":10,"turns":3},{"damage":18,"enemies":"Gremlin Nob","floor":13,"turns":3},{"damage":22,"enemies":"The Guardian","floor":16,"turns":13},{"damage":0,"enemies":"Chosen","floor":18,"turns":4},{"damage":45,"enemies":"Slavers","floor":23,"turns":4},{"damage":2,"enemies":"Spheric Guardian","floor":24,"turns":3},{"damage":46,"enemies":"Gremlin Leader","floor":25,"turns":9},{"damage":16,"enemies":"Snake Plant","floor":28,"turns":3},{"damage":4,"enemies":"3 Cultists","floor":29,"turns":5},{"damage":39,"enemies":"Automaton","floor":33,"turns":9},{"damage":23,"enemies":"3 Darklings","floor":35,"turns":5},{"damage":0,"enemies":"Orb Walker","floor":38,"turns":4},{"damage":8,"enemies":"Writhing Mass","floor":39,"turns":5},{"damage":48,"enemies":"Reptomancer","floor":41,"turns":5},{"damage":10,"enemies":"Maw","floor":44,"turns":6},{"damage":38,"enemies":"Nemesis","floor":45,"turns":5}],"seed_played":"-1816787614297195246","potions_obtained":[{"floor":0,"key":"LiquidBronze"},{"floor":0,"key":"SkillPotion"},{"floor":0,"key":"SmokeBomb"},{"floor":5,"key":"Explosive Potion"},{"floor":16,"key":"Block Potion"},{"floor":25,"key":"Explosive Potion"},{"floor":28,"key":"Energy Potion"},{"floor":33,"key":"AttackPotion"}],"is_trial":false,"path_per_floor":["M","M","$","M","M","E","R","E","T","M","$","R","E","?","R","B",null,"M","$","?","?","$","E","M","E","T","R","M","M","$","?","R","B",null,"M","$","?","M","M","R","E","$","T","M","E"],"character_chosen":"DEFECT","items_purchased":["Go for the Eyes","Storm+1","Runic Capacitor","Consume","Loop+1","Reinforced Body"],"campfire_rested":4,"item_purchase_floors":[3,19,22,22,36,42],"current_hp_per_floor":[67,63,63,63,50,29,29,10,10,10,10,32,14,14,36,24,62,72,72,72,72,72,47,55,19,19,44,38,44,44,44,69,40,74,61,61,61,71,73,73,35,35,35,35,0],"gold":83,"neow_bonus":"THREE_SMALL_POTIONS","is_prod":false,"is_daily":false,"chose_seed":false,"campfire_upgraded":2,"win_rate":0,"timestamp":1556108131,"path_taken":["M","M","$","M","M","E","R","E","T","?","$","R","E","?","R","BOSS","M","$","?","?","$","E","M","E","T","R","M","M","?","?","R","BOSS","M","$","?","M","?","R","E","?","T","M","E"],"build_version":"2019-01-23","purchased_purges":3,"victory":false,"max_hp_per_floor":[75,75,75,75,75,75,75,75,75,75,75,75,75,75,75,75,75,75,75,75,75,75,85,85,85,85,85,85,85,85,85,85,85,85,85,85,85,85,85,85,85,85,85,85,85],"card_choices":[{"not_picked":["Cold Snap","Conserve Battery"],"picked":"Streamline","floor":1},{"not_picked":["Rebound","Cold Snap"],"picked":"Ball Lightning","floor":2},{"not_picked":["Darkness","Thunder Strike"],"picked":"Ball Lightning","floor":4},{"not_picked":["Auto Shields","Recycle"],"picked":"Glacier","floor":5},{"not_picked":["Coolheaded","Ball Lightning"],"picked":"Leap","floor":6},{"not_picked":["Scrape","Go for the Eyes"],"picked":"Hologram","floor":8},{"not_picked":["Redo","Hologram"],"picked":"Steam","floor":10},{"not_picked":["FTL","Fission"],"picked":"Self Repair+1","floor":13},{"not_picked":["Thunder Strike","Amplify"],"picked":"Machine Learning+1","floor":16},{"not_picked":["Conserve Battery","Sweeping Beam","Rebound"],"picked":"SKIP","floor":18},{"not_picked":["Machine Learning+1","Consume+1"],"picked":"Reinforced Body+1","floor":23},{"not_picked":["Tempest+1","Steam","Recycle"],"picked":"SKIP","floor":24},{"not_picked":["Echo Form+1","Sweeping Beam"],"picked":"Loop+1","floor":25},{"not_picked":["Coolheaded","Leap","Ball Lightning"],"picked":"SKIP","floor":28},{"not_picked":["Redo","Amplify"],"picked":"Conserve Battery+1","floor":29},{"not_picked":["Ball Lightning","Rebound","Turbo"],"picked":"SKIP","floor":35},{"not_picked":["Coolheaded+1","Ball Lightning"],"picked":"Barrage+1","floor":38},{"not_picked":["Leap+1","Rip and Tear"],"picked":"Barrage+1","floor":39},{"not_picked":["White Noise","Steam","Tempest+1"],"picked":"SKIP","floor":41},{"not_picked":["Heatsinks+1","Lockon+1","Self Repair+1"],"picked":"SKIP","floor":44}],"player_experience":480788,"relics_obtained":[{"floor":6,"key":"Frozen Egg 2"},{"floor":8,"key":"Dodecahedron"},{"floor":9,"key":"MawBank"},{"floor":13,"key":"War Paint"},{"floor":23,"key":"Pear"},{"floor":25,"key":"Symbiotic Virus"},{"floor":26,"key":"Happy Flower"},{"floor":41,"key":"Ancient Tea Set"}],"event_choices":[{"damage_healed":0,"gold_gain":0,"player_choice":"Gave Potion","damage_taken":0,"relics_obtained":["Kunai"],"max_hp_gain":0,"max_hp_loss":0,"event_name":"WeMeetAgain","floor":14,"gold_loss":0},{"damage_healed":0,"gold_gain":0,"player_choice":"Ignored","damage_taken":0,"max_hp_gain":0,"max_hp_loss":0,"event_name":"The Mausoleum","floor":20,"gold_loss":0},{"damage_healed":0,"gold_gain":0,"player_choice":"Read","damage_taken":0,"max_hp_gain":0,"max_hp_loss":0,"event_name":"The Library","floor":21,"gold_loss":0,"cards_obtained":["Sweeping Beam"]},{"damage_healed":0,"gold_gain":0,"player_choice":"Ignored","damage_taken":0,"max_hp_gain":0,"max_hp_loss":0,"event_name":"Cursed Tome","floor":31,"gold_loss":0},{"damage_healed":0,"gold_gain":0,"cards_transformed":["Strike_B"],"player_choice":"Transformed","damage_taken":0,"max_hp_gain":0,"max_hp_loss":0,"event_name":"Transmorgrifier","floor":37,"gold_loss":0,"cards_obtained":["Machine Learning"]}],"is_beta":false,"boss_relics":[{"not_picked":["Lizard Tail","Calling Bell"],"picked":"Nuclear Battery"},{"not_picked":["Fusion Hammer","Orrery"],"picked":"Sozu"}],"items_purged_floors":[3,22,30],"is_endless":false,"potions_floor_spawned":[5,6,8,13,16,25,28,33,35,41,44],"killed_by":"Nemesis","ascension_level":9}