{"gold_per_floor":[109,109,26,39,4,4,22,22,48,48,48,48,87,103,103,196,196,221,196,32,32,0,0],"floor_reached":23,"playtime":919,"items_purged":[],"score":346,"play_id":"86ce4982-f62c-4a99-b7b3-443eea381e57","local_time":"20190330013242","is_ascension_mode":true,"campfire_choices":[{"data":"Juggernaut","floor":6,"key":"SMITH"},{"data":"True Grit","floor":8,"key":"SMITH"},{"data":"Rupture","floor":10,"key":"SMITH"},{"data":"Bloodletting","floor":12,"key":"SMITH"},{"floor":15,"key":"REST"}],"neow_cost":"TEN_PERCENT_HP_LOSS","seed_source_timestamp":2594590807953315,"circlet_count":0,"master_deck":["AscendersBane","Strike_R","Strike_R","Strike_R+1","Defend_R+1","Defend_R","Defend_R+1","Defend_R+1","Bash","Juggernaut+1","Brutality","Bloodletting+1","Rupture+1","True Grit+1","Twin Strike","Ghostly Armor","Clothesline","Barricade","Heavy Blade","Battle Trance"],"relics":["Burning Blood","Golden Idol","War Paint","Ginger","Snecko Eye","Blood Vial"],"potions_floor_usage":[14,19,23],"damage_taken":[{"damage":14,"enemies":"Small Slimes","floor":1,"turns":4},{"damage":23,"enemies":"2 Louse","floor":4,"turns":4},{"damage":3,"enemies":"Cultist","floor":7,"turns":4},{"damage":36,"enemies":"3 Sentries","floor":13,"turns":7},{"damage":9,"enemies":"Red Slaver","floor":14,"turns":4},{"damage":20,"enemies":"Hexaghost","floor":16,"turns":12},{"damage":2,"enemies":"Chosen","floor":18,"turns":4},{"damage":28,"enemies":"2 Thieves","floor":19,"turns":4},{"damage":45,"enemies":"Slavers","floor":23,"turns":3}],"seed_played":"593107504785490102","potions_obtained":[{"floor":13,"key":"Energy Potion"},{"floor":14,"key":"Fire Potion"},{"floor":16,"key":"EssenceOfSteel"}],"is_trial":false,"path_per_floor":["M","?","$","M","?","R","M","R","T","R","?","R","E","M","R","B",null,"M","M","$","?","?","E"],"character_chosen":"IRONCLAD","items_purchased":["Rupture","Blood Vial"],"campfire_rested":1,"item_purchase_floors":[3,20],"current_hp_per_floor":[60,60,60,43,58,58,61,61,61,61,42,42,12,9,27,13,50,54,32,32,32,32,0],"gold":0,"neow_bonus":"TRANSFORM_TWO_CARDS","is_prod":false,"is_daily":false,"chose_seed":false,"campfire_upgraded":4,"win_rate":0,"timestamp":1553877162,"path_taken":["M","?","$","M","?","R","M","R","T","R","?","R","E","M","R","BOSS","M","M","$","?","?","E"],"build_version":"2019-03-15","purchased_purges":0,"victory":false,"max_hp_per_floor":[68,62,62,62,62,62,62,62,62,62,62,62,62,62,62,62,62,62,62,62,62,62,62],"card_choices":[{"not_picked":["Heavy Blade","Carnage"],"picked":"Bloodletting","floor":1},{"not_picked":["Perfected Strike","Headbutt"],"picked":"True Grit","floor":4},{"not_picked":["Perfected Strike","Clash"],"picked":"Twin Strike","floor":7},{"not_picked":["Immolate","Seeing Red"],"picked":"Ghostly Armor","floor":13},{"not_picked":["Wild Strike","Infernal Blade"],"picked":"Clothesline","floor":14},{"not_picked":["Impervious","Offering"],"picked":"Barricade","floor":16},{"not_picked":["Havoc","Twin Strike"],"picked":"Heavy Blade","floor":18},{"not_picked":["Infernal Blade+1","Sword Boomerang"],"picked":"Battle Trance","floor":19}],"player_experience":2764501,"relics_obtained":[{"floor":9,"key":"War Paint"},{"floor":13,"key":"Ginger"}],"event_choices":[{"damage_healed":0,"gold_gain":0,"player_choice":"Lose Max HP","damage_taken":0,"relics_obtained":["Golden Idol"],"max_hp_gain":0,"max_hp_loss":6,"event_name":"Golden Idol","floor":2,"gold_loss":0},{"damage_healed":15,"gold_gain":0,"player_choice":"Healed","damage_taken":0,"max_hp_gain":0,"max_hp_loss":0,"event_name":"The Cleric","floor":5,"gold_loss":35},{"damage_healed":0,"gold_gain":0,"player_choice":"Entered Light","damage_taken":19,"max_hp_gain":0,"max_hp_loss":0,"event_name":"Shining Light","floor":11,"gold_loss":0,"cards_upgraded":["Strike_R","Defend_R"]},{"damage_healed":0,"gold_gain":0,"player_choice":"Ignored","damage_taken":0,"max_hp_gain":0,"max_hp_loss":0,"event_name":"Beggar","floor":21,"gold_loss":0},{"damage_healed":0,"gold_gain":0,"player_choice":"Paid Fearfully","damage_taken":0,"max_hp_gain":0,"max_hp_loss":0,"event_name":"Masked Bandits","floor":22,"gold_loss":32}],"is_beta":true,"boss_relics":[{"not_picked":["Philosopher\u0027s Stone","Orrery"],"picked":"Snecko Eye"}],"items_purged_floors":[],"is_endless":false,"potions_floor_spawned":[13,14,16],"killed_by":"Slavers","ascension_level":17}