{"gold_per_floor":[119,119,136,136,136,136,463,463,463,496,511,511,511,525,525,599,599,611,624,624,93,93,119,119,130,130,148,148,60,60,60,60,137,137,155,169,187,2,13,44,44,77,77,95,0,10,10,10,10,10,10,10,10,10,39,39],"floor_reached":56,"playtime":2665,"items_purged":["Defend_B"],"score":2066,"play_id":"3a366aa9-e139-4e12-8ba0-5847d7adab2c","local_time":"20190329015826","is_ascension_mode":true,"campfire_choices":[{"data":"Lockon","floor":6.0,"key":"SMITH"},{"data":"Dualcast","floor":8.0,"key":"SMITH"},{"data":"Skim","floor":12.0,"key":"SMITH"},{"data":"Recycle","floor":15.0,"key":"SMITH"},{"data":"Undo","floor":24.0,"key":"SMITH"},{"data":"Capacitor","floor":28.0,"key":"SMITH"},{"data":"Conserve Battery","floor":30.0,"key":"SMITH"},{"data":"Coolheaded","floor":32.0,"key":"SMITH"},{"data":"Defragment","floor":47.0,"key":"SMITH"},{"floor":49.0,"key":"RECALL"},{"data":"Deep Breath","floor":53.0,"key":"SMITH"}],"neow_cost":"TEN_PERCENT_HP_LOSS","seed_source_timestamp":1301252626468200,"circlet_count":0,"master_deck":["AscendersBane","Strike_B","Defend_B","Zap+1","Dualcast+1","Skim+1","Lockon+1","Recycle+1","Glacier","Capacitor+1","Undo+1","Electrodynamics","Genetic Algorithm","Hologram+1","Cold Snap","Chill","Conserve Battery+1","Reboot","Skim","Coolheaded+1","Creative AI","Leap+1","Coolheaded+1","Amplify","Defragment+1","Deep Breath+1","Defragment+1","Reprogram+1"],"special_seed":0,"relics":["Cracked Core","Mercury Hourglass","Old Coin","Ancient Tea Set","Darkstone Periapt","Coffee Dripper","TheAbacus","Centennial Puzzle","Prayer Wheel","Pear","Runic Pyramid","Frozen Egg 2","Pantograph","Ornamental Fan","Red Mask","Blood Vial"],"potions_floor_usage":[],"damage_taken":[{"damage":3.0,"enemies":"2 Louse","floor":1.0,"turns":3.0},{"damage":0.0,"enemies":"Small Slimes","floor":3.0,"turns":3.0},{"damage":20.0,"enemies":"Lagavulin","floor":7.0,"turns":4.0},{"damage":14.0,"enemies":"Gremlin Nob","floor":10.0,"turns":3.0},{"damage":0.0,"enemies":"Cultist","floor":11.0,"turns":4.0},{"damage":0.0,"enemies":"Looter","floor":14.0,"turns":2.0},{"damage":7.0,"enemies":"Slime Boss","floor":16.0,"turns":13.0},{"damage":0.0,"enemies":"3 Byrds","floor":18.0,"turns":3.0},{"damage":10.0,"enemies":"2 Thieves","floor":19.0,"turns":3.0},{"damage":9.0,"enemies":"Book of Stabbing","floor":23.0,"turns":5.0},{"damage":14.0,"enemies":"Cultist and Chosen","floor":25.0,"turns":5.0},{"damage":0.0,"enemies":"Centurion and Healer","floor":27.0,"turns":6.0},{"damage":0.0,"enemies":"Automaton","floor":33.0,"turns":11.0},{"damage":0.0,"enemies":"3 Shapes","floor":35.0,"turns":2.0},{"damage":0.0,"enemies":"3 Darklings","floor":36.0,"turns":4.0},{"damage":0.0,"enemies":"4 Shapes","floor":37.0,"turns":3.0},{"damage":11.0,"enemies":"Transient","floor":39.0,"turns":6.0},{"damage":22.0,"enemies":"Giant Head","floor":40.0,"turns":10.0},{"damage":14.0,"enemies":"Nemesis","floor":42.0,"turns":9.0},{"damage":12.0,"enemies":"Jaw Worm Horde","floor":44.0,"turns":3.0},{"damage":0.0,"enemies":"Sphere and 2 Shapes","floor":46.0,"turns":7.0},{"damage":0.0,"enemies":"Donu and Deca","floor":50.0,"turns":8.0},{"damage":1.0,"enemies":"Awakened One","floor":51.0,"turns":17.0},{"damage":15,"enemies":"Shield and Spear","floor":55,"turns":6},{"damage":61,"enemies":"The Heart","floor":56,"turns":2}],"seed_played":"8290729781499899243","potions_obtained":[{"floor":1.0,"key":"Energy Potion"},{"floor":10.0,"key":"Regen Potion"},{"floor":16.0,"key":"SteroidPotion"},{"floor":18.0,"key":"Strength Potion"},{"floor":23.0,"key":"SteroidPotion"},{"floor":25.0,"key":"Block Potion"},{"floor":39.0,"key":"SkillPotion"}],"is_trial":false,"path_per_floor":["M","?","M","?","?","R","E","R","T","E","M","R","T","M","R","B",null,"M","M","?","$","?","E","R","M","T","M","R","$","R","?","R","B",null,"M","M","M","$","M","E","?","E","T","M","?","M","R","$","R","B","B",null,"R","$","E","B"],"character_chosen":"DEFECT","items_purchased":["TheAbacus","Centennial Puzzle","Regen Potion","Skim","Defragment","Deep Breath"],"campfire_rested":0,"item_purchase_floors":[21,21,21,29,38,38],"current_hp_per_floor":[61,56,56,56,49,49,29,29,29,15,27,27,27,27,27,20,53,53,43,43,43,43,48,48,34,44,44,44,44,44,44,44,44,67,67,67,67,67,56,34,61,47,47,35,35,35,35,35,35,60,60,61,61,61,46,0],"gold":39,"neow_bonus":"REMOVE_TWO","is_prod":false,"is_daily":false,"chose_seed":false,"campfire_upgraded":10,"win_rate":0,"timestamp":1553792306,"path_taken":["M","?","M","?","?","R","E","R","T","E","M","R","?","M","R","BOSS","M","M","?","?","?","E","R","M","T","M","R","$","R","?","R","BOSS","M","M","M","$","M","E","?","E","T","M","?","M","R","?","R","BOSS","BOSS","R","$","E","BOSS"],"build_version":"2019-01-23","purchased_purges":1,"victory":false,"max_hp_per_floor":[64,64,64,64,64,64,64,64,64,64,64,64,64,64,64,64,64,64,64,64,64,64,64,64,64,74,74,74,74,74,74,74,74,74,74,74,74,74,74,74,61,61,61,61,61,61,61,61,61,61,61,61,61,61,61,61],"card_choices":[{"not_picked":["Tempest","Go for the Eyes"],"picked":"Skim","floor":1.0},{"not_picked":["Cold Snap","Sweeping Beam"],"picked":"Lockon","floor":3.0},{"not_picked":["Force Field","Rip and Tear"],"picked":"Recycle","floor":7.0},{"not_picked":["Aggregate","Lockon"],"picked":"Glacier","floor":10.0},{"not_picked":["Redo","Barrage"],"picked":"Capacitor","floor":11.0},{"not_picked":["White Noise","Gash"],"picked":"Undo","floor":14.0},{"not_picked":["Seek","Thunder Strike"],"picked":"Electrodynamics","floor":16.0},{"not_picked":["Sweeping Beam","Leap"],"picked":"Genetic Algorithm","floor":18.0},{"not_picked":["Compile Driver","Leap"],"picked":"Hologram","floor":19.0},{"not_picked":["Lockon","Loop","Doom and Gloom"],"picked":"SKIP","floor":23.0},{"not_picked":["Hologram","Redo+1"],"picked":"Conserve Battery","floor":25.0},{"not_picked":["Rebound","Hologram","Cold Snap"],"picked":"SKIP","floor":25.0},{"not_picked":["Rebound","Sunder"],"picked":"Reboot","floor":27.0},{"not_picked":["Stack","Turbo","Barrage"],"picked":"SKIP","floor":27.0},{"not_picked":["Meteor Strike","Echo Form"],"picked":"Creative AI","floor":33.0},{"not_picked":["Barrage","Beam Cell+1"],"picked":"Leap+1","floor":35.0},{"not_picked":["Auto Shields","Glacier","Stack+1"],"picked":"SKIP","floor":35.0},{"not_picked":["Loop","Steam"],"picked":"Coolheaded+1","floor":36.0},{"not_picked":["Coolheaded","Tempest","Barrage"],"picked":"SKIP","floor":36.0},{"not_picked":["Heatsinks+1","Rebound+1"],"picked":"Amplify","floor":37.0},{"not_picked":["Stack","Steam","Reinforced Body"],"picked":"SKIP","floor":37.0},{"not_picked":["Hologram","Conserve Battery+1","Static Discharge+1"],"picked":"SKIP","floor":39.0},{"not_picked":["Genetic Algorithm+1","Steam Power","Compile Driver"],"picked":"SKIP","floor":39.0},{"not_picked":["Glacier+1","Coolheaded","Rip and Tear"],"picked":"SKIP","floor":40.0},{"not_picked":["Consume","Coolheaded","Streamline"],"picked":"SKIP","floor":42.0},{"not_picked":["Lockon","Loop+1"],"picked":"Defragment+1","floor":44.0},{"not_picked":["Darkness","Melter"],"picked":"Reprogram+1","floor":44.0},{"not_picked":["Ball Lightning","Hologram","Cold Snap"],"picked":"SKIP","floor":46.0},{"not_picked":["Skim+1","Conserve Battery+1","Steam Power"],"picked":"SKIP","floor":46.0},{"not_picked":["Aggregate","Beam Cell","Steam"],"picked":"SKIP","floor":55}],"player_experience":4652175,"relics_obtained":[{"floor":7.0,"key":"Old Coin"},{"floor":10.0,"key":"Ancient Tea Set"},{"floor":13.0,"key":"Darkstone Periapt"},{"floor":23.0,"key":"Prayer Wheel"},{"floor":26.0,"key":"Pear"},{"floor":40.0,"key":"Frozen Egg 2"},{"floor":42.0,"key":"Pantograph"},{"floor":43.0,"key":"Ornamental Fan"},{"floor":55,"key":"Blood Vial"}],"event_choices":[{"damage_healed":0.0,"max_hp_gain":0.0,"max_hp_loss":0.0,"gold_gain":0.0,"event_name":"Scrap Ooze","player_choice":"Success","floor":2.0,"gold_loss":0.0,"damage_taken":5.0,"relics_obtained":["Mercury Hourglass"]},{"damage_healed":0.0,"max_hp_gain":0.0,"max_hp_loss":0.0,"gold_gain":0.0,"event_name":"Living Wall","player_choice":"Grow","floor":4.0,"gold_loss":0.0,"damage_taken":0.0,"cards_upgraded":["Zap"]},{"cards_removed":["Strike_B"],"damage_healed":0.0,"max_hp_gain":0.0,"max_hp_loss":0.0,"gold_gain":0.0,"event_name":"Golden Wing","player_choice":"Card Removal","floor":5.0,"gold_loss":0.0,"damage_taken":7.0},{"damage_healed":0.0,"max_hp_gain":0.0,"max_hp_loss":0.0,"gold_gain":0.0,"event_name":"Upgrade Shrine","player_choice":"Upgraded","floor":20.0,"gold_loss":0.0,"damage_taken":0.0,"cards_upgraded":["Hologram"]},{"damage_healed":0.0,"max_hp_gain":0.0,"max_hp_loss":0.0,"gold_gain":0.0,"cards_transformed":["Strike_B","Defend_B"],"event_name":"Drug Dealer","player_choice":"Became Test Subject","floor":22.0,"gold_loss":0.0,"damage_taken":0.0,"cards_obtained":["Cold Snap","Chill"]},{"damage_healed":0.0,"max_hp_gain":0.0,"max_hp_loss":0.0,"gold_gain":0.0,"event_name":"The Library","player_choice":"Read","floor":31.0,"gold_loss":0.0,"damage_taken":0.0,"cards_obtained":["Coolheaded"]},{"damage_healed":61.0,"max_hp_gain":0.0,"max_hp_loss":13.0,"gold_gain":0.0,"event_name":"The Moai Head","player_choice":"Heal","floor":41.0,"gold_loss":0.0,"damage_taken":0.0},{"damage_healed":0.0,"max_hp_gain":0.0,"max_hp_loss":0.0,"gold_gain":0.0,"event_name":"Tomb of Lord Red Mask","player_choice":"Paid","floor":45.0,"gold_loss":95.0,"damage_taken":0.0,"relics_obtained":["Red Mask"]}],"is_beta":false,"boss_relics":[{"not_picked":["Velvet Choker","Ectoplasm"],"picked":"Coffee Dripper"},{"not_picked":["Lizard Tail","Empty Cage"],"picked":"Runic Pyramid"}],"items_purged_floors":[21],"is_endless":false,"potions_floor_spawned":[1,10,16,18,23,25,33,35,37,39],"killed_by":"The Heart","ascension_level":20}