{"gold_per_floor":[116,11,21,38,38,69,69,84,84,96,96],"floor_reached":11,"playtime":510,"items_purged":[],"score":150,"play_id":"3caad0e7-dbcd-445a-ba35-afeabd23bbbb","local_time":"20190529184356","is_ascension_mode":true,"campfire_choices":[],"neow_cost":"NONE","seed_source_timestamp":274166876336435,"circlet_count":0,"master_deck":["AscendersBane","Strike_R","Strike_R","Strike_R","Strike_R","Strike_R","Defend_R","Defend_R","Defend_R","Defend_R","Bash","Rage","Jack Of All Trades","Reckless Charge","Spot Weakness","Disarm","Offering"],"relics":["Burning Blood","Singing Bowl","The Courier"],"potions_floor_usage":[3,6],"damage_taken":[{"damage":10,"enemies":"Small Slimes","floor":1,"turns":4},{"damage":3,"enemies":"Jaw Worm","floor":3,"turns":4},{"damage":0,"enemies":"2 Louse","floor":4,"turns":4},{"damage":76,"enemies":"Lagavulin","floor":6,"turns":9},{"damage":19,"enemies":"Exordium Thugs","floor":8,"turns":5},{"damage":18,"enemies":"Lots of Slimes","floor":10,"turns":5},{"damage":0,"enemies":"Gremlin Gang","floor":11,"turns":1}],"seed_played":"-4318349490581679107","potions_obtained":[{"floor":1,"key":"AttackPotion"},{"floor":3,"key":"Swift Potion"}],"is_trial":false,"path_per_floor":["M","$","M","M","?","E","?","M","T","M","M"],"character_chosen":"IRONCLAD","items_purchased":["Jack Of All Trades"],"campfire_rested":0,"item_purchase_floors":[2],"current_hp_per_floor":[71,71,74,80,80,12,40,27,27,15,15],"gold":96,"neow_bonus":"TEN_PERCENT_HP_BONUS","is_prod":false,"is_daily":false,"chose_seed":false,"campfire_upgraded":0,"win_rate":0,"timestamp":1559144636,"path_taken":["M","$","M","M","?","E","?","?","T","M","M"],"build_version":"2019-01-23","purchased_purges":0,"victory":false,"max_hp_per_floor":[82,82,82,82,82,84,84,84,84,84,84],"card_choices":[{"not_picked":["Second Wind","Fire Breathing"],"picked":"Rage","floor":1},{"not_picked":["True Grit","Rupture"],"picked":"Reckless Charge","floor":3},{"not_picked":["Flex","Evolve"],"picked":"Spot Weakness","floor":4},{"not_picked":["Sword Boomerang","Searing Blow","Twin Strike"],"picked":"Singing Bowl","floor":6},{"not_picked":["Flex","Sword Boomerang"],"picked":"Disarm","floor":8},{"not_picked":["Thunderclap","True Grit"],"picked":"Offering","floor":10}],"player_experience":1427791,"relics_obtained":[{"floor":6,"key":"Singing Bowl"},{"floor":9,"key":"The Courier"}],"event_choices":[{"damage_healed":0,"gold_gain":0,"player_choice":"Ignored","damage_taken":0,"max_hp_gain":0,"max_hp_loss":0,"event_name":"Liars Game","floor":5,"gold_loss":0},{"damage_healed":28,"gold_gain":0,"player_choice":"Banana","damage_taken":0,"max_hp_gain":0,"max_hp_loss":0,"event_name":"Big Fish","floor":7,"gold_loss":0}],"is_beta":false,"boss_relics":[],"items_purged_floors":[],"is_endless":false,"potions_floor_spawned":[1,3],"killed_by":"Gremlin Gang","ascension_level":20}