{"gold_per_floor":[109,109,122,41,60,87,87,106,106,133,110,110,30,104,104,209,209,191,206,206,11,23,23,33,33,33,53,53,72,72,85,85,180,230,248,248,20,20,39,39,139,139],"floor_reached":42,"playtime":3171,"items_purged":[],"score":467,"play_id":"889de48e-d379-4ce5-b24f-1d2575f09c37","local_time":"20181229141957","is_ascension_mode":true,"campfire_choices":[{"data":"Blur","floor":7,"key":"SMITH"},{"floor":12,"key":"REST"},{"data":"Calculated Gamble","floor":15,"key":"SMITH"},{"floor":23,"key":"REST"},{"floor":25,"key":"REST"},{"data":"Sadistic Nature","floor":28,"key":"SMITH"},{"data":"Distraction","floor":30,"key":"SMITH"},{"floor":32,"key":"REST"},{"data":"Footwork","floor":40,"key":"SMITH"}],"neow_cost":"NONE","seed_source_timestamp":576838198621792,"circlet_count":0,"master_deck":["Defend_G","Defend_G","Defend_G","Defend_G+1","Defend_G","Strike_G","Survivor","Neutralize+1","Underhanded Strike","Noxious Fumes","Catalyst","Deadly Poison","Bouncing Flask","Blur+1","Poisoned Stab","Deadly Poison","Calculated Gamble+1","Grand Finale","Distraction+1","Backflip","Sadistic Nature+1","Deflect","Prepared+1","PiercingWail","Escape Plan","Acrobatics","Escape Plan","Burst","Crippling Poison","Footwork+1","Reflex+1","Expertise+1"],"relics":["Ring of the Snake","Darkstone Periapt","Dodecahedron","PreservedInsect","The Courier","Empty Cage","Ornamental Fan","Tiny House","Kunai","Gambling Chip"],"potions_floor_usage":[10,10,16,22,29,33,39,39],"damage_taken":[{"damage":0,"enemies":"2 Louse","floor":1,"turns":3},{"damage":2,"enemies":"Cultist","floor":3,"turns":4},{"damage":7,"enemies":"Jaw Worm","floor":5,"turns":3},{"damage":21,"enemies":"Gremlin Nob","floor":6,"turns":4},{"damage":5,"enemies":"Exordium Wildlife","floor":8,"turns":5},{"damage":21,"enemies":"3 Sentries","floor":10,"turns":7},{"damage":42,"enemies":"Slime Boss","floor":16,"turns":12},{"damage":22,"enemies":"2 Thieves","floor":18,"turns":4},{"damage":13,"enemies":"Spheric Guardian","floor":19,"turns":4},{"damage":0,"enemies":"Centurion and Healer","floor":22,"turns":4},{"damage":20,"enemies":"Chosen and Byrds","floor":24,"turns":6},{"damage":11,"enemies":"Snake Plant","floor":27,"turns":4},{"damage":6,"enemies":"Centurion and Healer","floor":29,"turns":6},{"damage":15,"enemies":"Snecko","floor":31,"turns":5},{"damage":39,"enemies":"Champ","floor":33,"turns":13},{"damage":15,"enemies":"Orb Walker","floor":35,"turns":4},{"damage":15,"enemies":"3 Darklings","floor":39,"turns":7},{"damage":7,"enemies":"Mind Bloom Boss Battle","floor":41,"turns":8},{"damage":43,"enemies":"Sphere and 2 Shapes","floor":42,"turns":7}],"seed_played":"8296375176882517954","potions_obtained":[{"floor":3,"key":"Swift Potion"},{"floor":6,"key":"Regen Potion"},{"floor":10,"key":"Fire Potion"},{"floor":19,"key":"Ancient Potion"},{"floor":22,"key":"Swift Potion"},{"floor":24,"key":"Strength Potion"},{"floor":31,"key":"Energy Potion"},{"floor":35,"key":"EssenceOfSteel"}],"is_trial":false,"path_per_floor":["M","?","M","$","M","E","R","M","T","E","?","R","$","T","R","B",null,"M","M","?","$","M","R","M","R","T","M","R","M","R","M","R","B",null,"M","?","$","?","M","R","?","M"],"character_chosen":"THE_SILENT","items_purchased":["Catalyst","Deadly Poison","Calculated Gamble","Sadistic Nature","Deflect","Footwork","Kunai"],"campfire_rested":4,"item_purchase_floors":[4,4,13,21,21,37,37],"current_hp_per_floor":[70,70,68,68,61,40,40,35,35,29,29,50,50,50,50,8,70,48,35,35,35,35,56,36,57,57,46,46,40,40,25,46,7,75,60,60,60,60,45,45,38,0],"gold":139,"neow_bonus":"UPGRADE_CARD","is_prod":false,"is_daily":false,"chose_seed":false,"campfire_upgraded":5,"win_rate":0,"timestamp":1546060797,"path_taken":["M","?","M","?","?","E","R","M","T","E","?","R","?","?","R","BOSS","M","M","?","$","?","R","M","R","T","?","R","?","R","M","R","BOSS","M","?","$","?","M","R","?","M"],"build_version":"2018-12-20","purchased_purges":0,"victory":false,"max_hp_per_floor":[70,70,70,70,70,70,70,70,70,70,70,70,70,70,70,70,70,70,70,70,70,70,70,70,70,70,70,70,70,70,70,70,70,75,75,75,75,75,75,75,75,75],"card_choices":[{"not_picked":["Catalyst","Choke"],"picked":"Underhanded Strike","floor":1},{"not_picked":["Underhanded Strike","Poisoned Stab"],"picked":"Noxious Fumes","floor":3},{"not_picked":["Deflect","Outmaneuver"],"picked":"Bouncing Flask","floor":5},{"not_picked":["Storm of Steel","Reflex"],"picked":"Blur","floor":6},{"not_picked":["Concentrate","Dagger Throw"],"picked":"Poisoned Stab","floor":8},{"not_picked":["Outmaneuver","Slice"],"picked":"Deadly Poison","floor":10},{"not_picked":["A Thousand Cuts","Die Die Die"],"picked":"Grand Finale","floor":16},{"not_picked":["Slice","Outmaneuver"],"picked":"Distraction","floor":18},{"not_picked":["All Out Attack+1","Deadly Poison"],"picked":"Backflip","floor":19},{"not_picked":["Slice","Quick Slash"],"picked":"Prepared+1","floor":22},{"not_picked":["Choke","Distraction"],"picked":"PiercingWail","floor":24},{"not_picked":["Backstab","Cloak And Dagger+1"],"picked":"Escape Plan","floor":27},{"not_picked":["Slice","Glass Knife"],"picked":"Acrobatics","floor":29},{"not_picked":["Outmaneuver","Deflect"],"picked":"Escape Plan","floor":31},{"not_picked":["A Thousand Cuts","Night Terror"],"picked":"Burst","floor":33},{"not_picked":["Poisoned Stab","Acrobatics"],"picked":"Crippling Poison","floor":34},{"not_picked":["Accuracy","Sucker Punch"],"picked":"Dash","floor":35},{"not_picked":["Concentrate","Eviscerate"],"picked":"Reflex+1","floor":39},{"not_picked":["Quick Slash","PiercingWail+1"],"picked":"Expertise+1","floor":41}],"player_experience":232002,"relics_obtained":[{"floor":6,"key":"Darkstone Periapt"},{"floor":9,"key":"Dodecahedron"},{"floor":10,"key":"PreservedInsect"},{"floor":14,"key":"The Courier"},{"floor":26,"key":"Ornamental Fan"},{"floor":41,"key":"Gambling Chip"}],"event_choices":[{"cards_removed":["Strike_G"],"damage_healed":0,"gold_gain":0,"player_choice":"Offered Basic","damage_taken":0,"max_hp_gain":0,"max_hp_loss":0,"event_name":"Bonfire Elementals","floor":2,"gold_loss":0},{"damage_healed":0,"gold_gain":0,"player_choice":"Left Gold","damage_taken":0,"max_hp_gain":0,"max_hp_loss":0,"event_name":"World of Goop","floor":11,"gold_loss":23},{"cards_removed":["Strike_G"],"damage_healed":0,"gold_gain":0,"player_choice":"Purged","damage_taken":0,"max_hp_gain":0,"max_hp_loss":0,"event_name":"Purifier","floor":20,"gold_loss":0},{"damage_healed":0,"gold_gain":0,"player_choice":"Ignored","damage_taken":0,"max_hp_gain":0,"max_hp_loss":0,"event_name":"Tomb of Lord Red Mask","floor":36,"gold_loss":0},{"cards_removed":["Dash"],"damage_healed":0,"gold_gain":0,"player_choice":"Removed Attack","damage_taken":0,"max_hp_gain":0,"max_hp_loss":0,"event_name":"Falling","floor":38,"gold_loss":0},{"damage_healed":0,"gold_gain":0,"player_choice":"Fight","damage_taken":0,"max_hp_gain":0,"max_hp_loss":0,"event_name":"MindBloom","floor":41,"gold_loss":0}],"is_beta":false,"boss_relics":[{"not_picked":["Lizard Tail","Calling Bell"],"picked":"Empty Cage"},{"not_picked":["Velvet Choker","Eternal Feather"],"picked":"Tiny House"}],"items_purged_floors":[],"is_endless":false,"potions_floor_spawned":[3,6,10,19,22,24,31,35],"killed_by":"Sphere and 2 Shapes","ascension_level":3}