{"gold_per_floor":[109,127,157,157,14,40,40,67,67,84,99,99,112,139,139,235,235,253,269,269,269,115,115],"floor_reached":23,"playtime":1680,"items_purged":["Pain"],"score":308,"play_id":"192cc5de-bff2-49d1-9e07-beea929f29bf","local_time":"20190428193723","is_ascension_mode":true,"campfire_choices":[{"data":"Feel No Pain","floor":7,"key":"SMITH"},{"data":"Dual Wield","floor":12,"key":"SMITH"},{"data":"Bash","floor":15,"key":"SMITH"}],"neow_cost":"NONE","seed_source_timestamp":1475192754347143,"circlet_count":0,"master_deck":["AscendersBane","Strike_R","Strike_R","Strike_R","Strike_R","Strike_R","Defend_R","Defend_R+1","Defend_R+1","Defend_R","Bash+1","Feel No Pain+1","Sever Soul","Seeing Red","Headbutt","Dual Wield+1","Havoc","Havoc","Shockwave","Fiend Fire","Armaments","Carnage","Infernal Blade","Carnage"],"relics":["Burning Blood","Tiny Chest","WarpedTongs","War Paint","Centennial Puzzle","Bag of Preparation","Blood Vial","White Beast Statue"],"potions_floor_usage":[8,21,21],"damage_taken":[{"damage":1,"enemies":"Cultist","floor":1,"turns":3},{"damage":10,"enemies":"Small Slimes","floor":2,"turns":4},{"damage":16,"enemies":"3 Sentries","floor":6,"turns":12},{"damage":15,"enemies":"Gremlin Nob","floor":8,"turns":4},{"damage":0,"enemies":"2 Louse","floor":10,"turns":3},{"damage":3,"enemies":"2 Fungi Beasts","floor":11,"turns":3},{"damage":0,"enemies":"Exordium Wildlife","floor":13,"turns":3},{"damage":64,"enemies":"Hexaghost","floor":16,"turns":10},{"damage":4,"enemies":"Chosen","floor":18,"turns":5},{"damage":6,"enemies":"3 Byrds","floor":19,"turns":6},{"damage":31,"enemies":"Colosseum Slavers","floor":21,"turns":5},{"damage":49,"enemies":"Slavers","floor":23,"turns":3}],"seed_played":"8158972555121643633","potions_obtained":[{"floor":1,"key":"Energy Potion"},{"floor":8,"key":"FairyPotion"},{"floor":13,"key":"Dexterity Potion"},{"floor":18,"key":"Regen Potion"},{"floor":19,"key":"Strength Potion"}],"is_trial":false,"path_per_floor":["M","M","T","?","$","E","R","E","T","M","M","R","M","T","R","B",null,"M","M","?","?","$","E"],"character_chosen":"IRONCLAD","items_purchased":["Seeing Red","Infernal Blade","Carnage"],"campfire_rested":0,"item_purchase_floors":[5,22,22],"current_hp_per_floor":[85,81,81,81,81,71,71,62,62,68,71,71,77,77,77,21,71,75,77,77,66,66,19],"gold":115,"neow_bonus":"TEN_PERCENT_HP_BONUS","is_prod":false,"is_daily":false,"chose_seed":false,"campfire_upgraded":3,"win_rate":0,"timestamp":1556469443,"path_taken":["M","M","?","?","$","E","R","E","T","?","M","R","?","?","R","BOSS","M","M","?","?","$","E"],"build_version":"2019-01-23","purchased_purges":1,"victory":false,"max_hp_per_floor":[88,88,88,88,88,88,88,88,88,88,88,88,88,88,88,88,88,88,88,88,88,88,88],"card_choices":[{"not_picked":["Carnage","Wild Strike"],"picked":"Feel No Pain","floor":1},{"not_picked":["Flame Barrier","Rupture"],"picked":"Sever Soul","floor":2},{"not_picked":["Wild Strike","Cleave"],"picked":"Headbutt","floor":6},{"not_picked":["Battle Trance","Wild Strike"],"picked":"Dual Wield","floor":8},{"not_picked":["Iron Wave","Clothesline"],"picked":"Havoc","floor":10},{"not_picked":["Entrench","Shrug It Off"],"picked":"Havoc","floor":11},{"not_picked":["Evolve","Warcry"],"picked":"Shockwave","floor":13},{"not_picked":["Juggernaut","Double Tap"],"picked":"Fiend Fire","floor":16},{"not_picked":["Cleave","Iron Wave"],"picked":"Armaments","floor":18},{"not_picked":["Disarm","Searing Blow"],"picked":"Carnage","floor":19}],"player_experience":1263742,"relics_obtained":[{"floor":3,"key":"Tiny Chest"},{"floor":6,"key":"War Paint"},{"floor":8,"key":"Centennial Puzzle"},{"floor":9,"key":"Bag of Preparation"},{"floor":14,"key":"Blood Vial"}],"event_choices":[{"damage_healed":0,"gold_gain":0,"player_choice":"Rummage","damage_taken":0,"relics_obtained":["WarpedTongs"],"max_hp_gain":0,"max_hp_loss":0,"event_name":"Accursed Blacksmith","floor":4,"gold_loss":0,"cards_obtained":["Pain"]},{"damage_healed":0,"gold_gain":0,"player_choice":"Ignored","damage_taken":0,"max_hp_gain":0,"max_hp_loss":0,"event_name":"Beggar","floor":20,"gold_loss":0},{"damage_healed":0,"gold_gain":0,"player_choice":"Fight","damage_taken":0,"max_hp_gain":0,"max_hp_loss":0,"event_name":"Colosseum","floor":21,"gold_loss":0},{"damage_healed":0,"gold_gain":0,"player_choice":"Fled From Nobs","damage_taken":0,"max_hp_gain":0,"max_hp_loss":0,"event_name":"Colosseum","floor":21,"gold_loss":0}],"is_beta":false,"boss_relics":[{"not_picked":["Runic Dome","Coffee Dripper"],"picked":"White Beast Statue"}],"items_purged_floors":[5],"is_endless":false,"potions_floor_spawned":[1,8,13,18,19,21],"killed_by":"Slavers","ascension_level":11}