{"gold_per_floor":[110,110,120,134,152,152,180,180,180,200,215,232,267,47,47,119,119,139,39,57,57,57,57,91,91,91,111,111,20,20,20],"floor_reached":31,"playtime":1565,"items_purged":["Strike_B","Auto Shields"],"score":499,"play_id":"4b617e11-85b2-496e-a5ec-5eba655d38db","local_time":"20190311191629","is_ascension_mode":true,"campfire_choices":[{"data":"Dualcast","floor":6,"key":"SMITH"},{"data":"Zap","floor":8,"key":"SMITH"},{"data":"Loop","floor":15,"key":"SMITH"},{"floor":23,"key":"REST"},{"data":"Hologram","floor":25,"key":"SMITH"},{"data":"Conserve Battery","floor":28,"key":"SMITH"}],"neow_cost":"NONE","seed_source_timestamp":1016194583021837,"circlet_count":0,"master_deck":["AscendersBane","Strike_B","Strike_B","Defend_B","Defend_B","Defend_B","Defend_B","Zap+1","Dualcast+1","Streamline","Ball Lightning","Ball Lightning","Loop+1","Steam","Go for the Eyes","Machine Learning","Conserve Battery+1","Hologram+1","Deep Breath"],"relics":["FrozenCore","Meat on the Bone","Bottled Tornado","Bag of Preparation","Vajra","Enchiridion","Omamori","Ice Cream"],"potions_floor_usage":[5,11,12,16,24,30],"damage_taken":[{"damage":2,"enemies":"2 Louse","floor":1,"turns":3},{"damage":6,"enemies":"Small Slimes","floor":3,"turns":6},{"damage":0,"enemies":"Cultist","floor":4,"turns":4},{"damage":19,"enemies":"Large Slime","floor":5,"turns":5},{"damage":29,"enemies":"3 Sentries","floor":7,"turns":7},{"damage":7,"enemies":"Looter","floor":10,"turns":3},{"damage":0,"enemies":"3 Louse","floor":11,"turns":3},{"damage":9,"enemies":"Red Slaver","floor":12,"turns":3},{"damage":28,"enemies":"Gremlin Nob","floor":13,"turns":4},{"damage":9,"enemies":"Hexaghost","floor":16,"turns":8},{"damage":8,"enemies":"Spheric Guardian","floor":18,"turns":5},{"damage":8,"enemies":"3 Byrds","floor":20,"turns":4},{"damage":33,"enemies":"Gremlin Leader","floor":24,"turns":9},{"damage":8,"enemies":"Snake Plant","floor":27,"turns":6},{"damage":22,"enemies":"Slavers","floor":30,"turns":2},{"damage":24,"enemies":"Chosen and Byrds","floor":31,"turns":5}],"seed_played":"1237434671335885894","potions_obtained":[{"floor":1,"key":"SneckoOil"},{"floor":7,"key":"SmokeBomb"},{"floor":10,"key":"Fire Potion"},{"floor":11,"key":"GamblersBrew"},{"floor":13,"key":"GamblersBrew"},{"floor":18,"key":"Fire Potion"}],"is_trial":false,"path_per_floor":["M","?","M","M","M","R","E","R","T","M","M","M","E","$","R","B",null,"M","$","M","?","?","R","E","R","T","M","R","$","E","M"],"character_chosen":"DEFECT","items_purchased":["Vajra","Deep Breath"],"campfire_rested":1,"item_purchase_floors":[14,29],"current_hp_per_floor":[62,67,61,61,42,42,13,13,13,18,30,33,17,17,17,20,62,54,54,46,46,25,47,26,26,26,30,30,30,20,0],"gold":20,"neow_bonus":"REMOVE_CARD","is_prod":false,"is_daily":false,"chose_seed":false,"campfire_upgraded":5,"win_rate":0,"timestamp":1552299389,"path_taken":["M","?","M","M","M","R","E","R","T","M","M","M","E","$","R","BOSS","M","$","M","?","?","R","E","R","T","M","R","$","E","M"],"build_version":"2019-02-06","purchased_purges":2,"victory":false,"max_hp_per_floor":[71,76,76,76,76,76,76,76,76,76,76,76,76,76,76,76,76,76,76,76,76,76,76,76,76,76,76,76,76,76,76],"card_choices":[{"not_picked":["Compile Driver","Storm"],"picked":"Auto Shields","floor":1},{"not_picked":["Blizzard","Rip and Tear"],"picked":"Streamline","floor":3},{"not_picked":["Auto Shields","Beam Cell"],"picked":"Ball Lightning","floor":4},{"not_picked":["Barrage","Consume"],"picked":"Ball Lightning","floor":5},{"not_picked":["Rainbow","Redo"],"picked":"Loop","floor":7},{"not_picked":["Gash","Compile Driver"],"picked":"Steam","floor":10},{"not_picked":["Double Energy","Force Field","Redo"],"picked":"SKIP","floor":11},{"not_picked":["Heatsinks","Chaos"],"picked":"Go for the Eyes","floor":12},{"not_picked":["Hello World","Steam","Ball Lightning"],"picked":"SKIP","floor":13},{"not_picked":["Buffer","Biased Cognition"],"picked":"Machine Learning","floor":16},{"not_picked":["Beam Cell","Streamline"],"picked":"Conserve Battery","floor":18},{"not_picked":["Conserve Battery","Go for the Eyes"],"picked":"Hologram","floor":20},{"not_picked":["Steam","Ball Lightning","Leap"],"picked":"SKIP","floor":24},{"not_picked":["Barrage","Streamline","Melter"],"picked":"SKIP","floor":27}],"player_experience":2666739,"relics_obtained":[{"floor":7,"key":"Meat on the Bone"},{"floor":9,"key":"Bottled Tornado"},{"floor":13,"key":"Bag of Preparation"},{"floor":22,"key":"Enchiridion"},{"floor":24,"key":"Omamori"},{"floor":26,"key":"Ice Cream"}],"event_choices":[{"damage_healed":0,"gold_gain":0,"player_choice":"Donut","damage_taken":0,"max_hp_gain":5,"max_hp_loss":0,"event_name":"Big Fish","floor":2,"gold_loss":0},{"damage_healed":0,"gold_gain":0,"player_choice":"Obtained Book","damage_taken":21,"max_hp_gain":0,"max_hp_loss":0,"event_name":"Cursed Tome","floor":22,"gold_loss":0}],"is_beta":true,"boss_relics":[{"not_picked":["Ectoplasm","White Beast Statue"],"picked":"FrozenCore"}],"items_purged_floors":[14,19],"is_endless":false,"potions_floor_spawned":[1,7,10,11,13,18,30],"killed_by":"Chosen and Byrds","ascension_level":15}