{"gold_per_floor":[369,369,385,401,88,88,123,138,138,138,48,48,76,89,89,164,164,177,187,120,135,147,147,165,182,208,223,239,239,15,33,33,33],"floor_reached":33,"playtime":2307,"items_purged":["Strike_R","Strike_R"],"score":485,"play_id":"9344199e-b2fa-4e4f-9c74-94a87fc4fc86","local_time":"20181217054229","is_ascension_mode":true,"campfire_choices":[{"data":"Bash","floor":6.0,"key":"SMITH"},{"data":"Pommel Strike","floor":10.0,"key":"SMITH"},{"data":"Deep Breath","floor":12.0,"key":"SMITH"},{"data":"Rampage","floor":15.0,"key":"SMITH"},{"floor":23.0,"key":"REST"},{"floor":29.0,"key":"REST"},{"floor":32.0,"key":"REST"}],"neow_cost":"TEN_PERCENT_HP_LOSS","seed_source_timestamp":64047384018770,"circlet_count":0,"master_deck":["AscendersBane","Strike_R","Defend_R","Defend_R+1","Defend_R","Defend_R+1","Bash+1","Clothesline","Rampage+1","Battle Trance","Pommel Strike+1","Flame Barrier","Deep Breath+1","Feed","Shockwave","True Grit","Disarm","Battle Trance","Uppercut","Bloodletting+1","Exhume"],"special_seed":0,"relics":["Burning Blood","Singing Bowl","War Paint","Gremlin Horn","StoneCalendar","Empty Cage","Ancient Tea Set"],"potions_floor_usage":[33,33],"damage_taken":[{"damage":10.0,"enemies":"Small Slimes","floor":1.0,"turns":4.0},{"damage":1.0,"enemies":"Cultist","floor":3.0,"turns":3.0},{"damage":1.0,"enemies":"2 Louse","floor":4.0,"turns":3.0},{"damage":16.0,"enemies":"Gremlin Nob","floor":7.0,"turns":3.0},{"damage":3.0,"enemies":"Large Slime","floor":8.0,"turns":7.0},{"damage":28.0,"enemies":"Lagavulin","floor":13.0,"turns":7.0},{"damage":6.0,"enemies":"3 Louse","floor":14.0,"turns":3.0},{"damage":38.0,"enemies":"The Guardian","floor":16.0,"turns":13.0},{"damage":4.0,"enemies":"Chosen","floor":18.0,"turns":3.0},{"damage":24.0,"enemies":"2 Thieves","floor":19.0,"turns":4.0},{"damage":17.0,"enemies":"Centurion and Healer","floor":21.0,"turns":7.0},{"damage":25.0,"enemies":"Shelled Parasite and Fungi","floor":22.0,"turns":7.0},{"damage":8.0,"enemies":"Snake Plant","floor":24.0,"turns":6.0},{"damage":23.0,"enemies":"Centurion and Healer","floor":25.0,"turns":7.0},{"damage":19.0,"enemies":"Shelled Parasite and Fungi","floor":27.0,"turns":8.0},{"damage":20.0,"enemies":"3 Cultists","floor":28.0,"turns":6.0},{"damage":22.0,"enemies":"Chosen and Byrds","floor":31.0,"turns":7.0},{"damage":77,"enemies":"Automaton","floor":33,"turns":12}],"seed_played":"-4226859255527774826","potions_obtained":[{"floor":3.0,"key":"Ancient Potion"},{"floor":7.0,"key":"Explosive Potion"},{"floor":13.0,"key":"Ancient Potion"},{"floor":19.0,"key":"FearPotion"},{"floor":31.0,"key":"BloodPotion"}],"is_trial":false,"path_per_floor":["M","?","M","M","$","R","E","M","T","R","$","R","E","M","R","B",null,"M","M","?","M","M","R","M","M","T","M","M","R","$","M","R","B"],"character_chosen":"IRONCLAD","items_purchased":["Singing Bowl","Deep Breath","Regen Potion","Dexterity Potion"],"campfire_rested":3,"item_purchase_floors":[5,11,30,30],"current_hp_per_floor":[64,64,68,68,68,68,58,63,63,63,63,63,43,45,45,13,59,64,49,49,41,22,46,47,35,35,25,13,41,41,40,68,0],"gold":33,"neow_bonus":"TWO_FIFTY_GOLD","is_prod":false,"is_daily":false,"chose_seed":false,"campfire_upgraded":4,"win_rate":0,"timestamp":1544992949,"path_taken":["M","?","M","?","$","R","E","M","T","R","$","R","E","M","R","BOSS","M","?","?","M","M","R","?","M","T","M","M","R","$","M","R","BOSS"],"build_version":"2018-12-13","purchased_purges":2,"victory":false,"max_hp_per_floor":[68,68,68,68,68,68,68,70,70,70,70,70,72,74,74,74,74,77,80,80,83,83,83,86,91,91,94,96,96,96,96,96,96],"card_choices":[{"not_picked":["Iron Wave","Headbutt"],"picked":"Clothesline","floor":1.0},{"not_picked":["Headbutt","Feel No Pain"],"picked":"Battle Trance","floor":3.0},{"not_picked":["Searing Blow","Perfected Strike"],"picked":"Pommel Strike","floor":4.0},{"not_picked":["Searing Blow","Perfected Strike"],"picked":"Flame Barrier","floor":7.0},{"not_picked":["Pommel Strike","Armaments","Havoc"],"picked":"Singing Bowl","floor":8.0},{"not_picked":["Twin Strike","Dark Embrace","Pummel"],"picked":"Singing Bowl","floor":13.0},{"not_picked":["Carnage","Heavy Blade","Searing Blow"],"picked":"Singing Bowl","floor":14.0},{"not_picked":["Juggernaut","Dark Embrace"],"picked":"Feed","floor":16.0},{"not_picked":["Perfected Strike","Warcry"],"picked":"Shockwave","floor":18.0},{"not_picked":["Carnage","Heavy Blade"],"picked":"True Grit","floor":19.0},{"not_picked":["Warcry","Spot Weakness"],"picked":"Disarm","floor":21.0},{"not_picked":["Thunderclap","Pommel Strike"],"picked":"Battle Trance","floor":22.0},{"not_picked":["Fire Breathing","Brutality"],"picked":"Uppercut","floor":24.0},{"not_picked":["Metallicize","Body Slam","Power Through"],"picked":"Singing Bowl","floor":25.0},{"not_picked":["Whirlwind","Spot Weakness"],"picked":"Bloodletting+1","floor":27.0},{"not_picked":["Twin Strike","Sword Boomerang+1","Anger"],"picked":"Singing Bowl","floor":28.0},{"not_picked":["Thunderclap","Shockwave"],"picked":"Exhume","floor":31.0}],"player_experience":2562046,"relics_obtained":[{"floor":7.0,"key":"War Paint"},{"floor":9.0,"key":"Gremlin Horn"},{"floor":13.0,"key":"StoneCalendar"}],"event_choices":[{"damage_healed":0.0,"max_hp_gain":0.0,"max_hp_loss":0.0,"gold_gain":0.0,"event_name":"Match and Keep!","player_choice":"1 cards matched","floor":2.0,"gold_loss":0.0,"damage_taken":0.0,"cards_obtained":["Rampage"]},{"damage_healed":0.0,"max_hp_gain":0.0,"max_hp_loss":0.0,"gold_gain":0.0,"event_name":"WeMeetAgain","player_choice":"Paid Gold","floor":20.0,"gold_loss":67.0,"damage_taken":0.0,"relics_obtained":["Ancient Tea Set"]}],"is_beta":true,"boss_relics":[{"not_picked":["Tiny House","Pandora\u0027s Box"],"picked":"Empty Cage"}],"items_purged_floors":[5,30],"is_endless":false,"potions_floor_spawned":[3,7,13,16,19,22,31],"killed_by":"Automaton","ascension_level":15}