{"gold_per_floor":[110,130,147,147,44,44,73,73,73,105,105,137,137,21,21,97,97,116,116,127,146,195,195,227,243,269,269,304,317,336,159,159,233,233,248,268,280,280,291,291,317,335,335,435,435,468,468,496,496,496],"floor_reached":51,"playtime":2609,"items_purged":["Strike_B","Defend_B"],"score":1563,"play_id":"dae3c759-5da2-42e2-bd08-516aea007dad","local_time":"20190224223624","is_ascension_mode":true,"campfire_choices":[{"data":"Streamline","floor":6.0,"key":"SMITH"},{"data":"Zap","floor":8.0,"key":"SMITH"},{"floor":11.0,"key":"REST"},{"data":"Sweeping Beam","floor":13.0,"key":"SMITH"},{"floor":15.0,"key":"REST"},{"data":"Defragment","floor":23,"key":"SMITH"},{"floor":27,"key":"REST"},{"data":"Creative AI","floor":32,"key":"SMITH"},{"floor":40,"key":"REST"},{"floor":45,"key":"RECALL"},{"floor":47,"key":"REST"},{"floor":49,"key":"REST"}],"neow_cost":"NONE","seed_source_timestamp":739266682506810,"circlet_count":0,"master_deck":["AscendersBane","Strike_B+1","Defend_B","Zap+1","Dualcast","Sweeping Beam+1","Conserve Battery","Chill","Streamline+1","Ball Lightning+1","Self Repair","Defragment+1","Force Field","Electrodynamics","Turbo","Cold Snap","Melter","Coolheaded+1","Creative AI+1","Conserve Battery","Defragment+1","Conserve Battery+1","Coolheaded","Recycle+1"],"special_seed":0,"relics":["Cracked Core","Pocketwatch","Nunchaku","Bag of Preparation","Empty Cage","Nloth\u0027s Gift","Boot","Sundial","Regal Pillow","Torii","Fusion Hammer","Emotion Chip","Potion Belt","Prayer Wheel","Question Card","Anchor"],"potions_floor_usage":[24,24,30,33,37,50,50],"damage_taken":[{"damage":0.0,"enemies":"2 Louse","floor":1.0,"turns":3.0},{"damage":4.0,"enemies":"Jaw Worm","floor":2.0,"turns":4.0},{"damage":6.0,"enemies":"Cultist","floor":3.0,"turns":5.0},{"damage":7.0,"enemies":"3 Sentries","floor":7.0,"turns":7.0},{"damage":10.0,"enemies":"Gremlin Nob","floor":10.0,"turns":3.0},{"damage":14.0,"enemies":"Lagavulin","floor":12.0,"turns":5.0},{"damage":29.0,"enemies":"Slime Boss","floor":16.0,"turns":7.0},{"damage":1,"enemies":"Spheric Guardian","floor":18,"turns":3},{"damage":15,"enemies":"Chosen","floor":20,"turns":4},{"damage":20,"enemies":"Shelled Parasite and Fungi","floor":21,"turns":4},{"damage":11,"enemies":"Gremlin Leader","floor":24,"turns":6},{"damage":18,"enemies":"Snecko","floor":25,"turns":6},{"damage":33,"enemies":"Book of Stabbing","floor":28,"turns":6},{"damage":1,"enemies":"Centurion and Healer","floor":29,"turns":7},{"damage":0,"enemies":"Cultist and Chosen","floor":30,"turns":3},{"damage":0,"enemies":"Champ","floor":33,"turns":13},{"damage":1,"enemies":"Orb Walker","floor":35,"turns":4},{"damage":13,"enemies":"3 Darklings","floor":36,"turns":2},{"damage":2,"enemies":"Writhing Mass","floor":37,"turns":7},{"damage":35,"enemies":"Transient","floor":39,"turns":6},{"damage":0,"enemies":"Reptomancer","floor":41,"turns":8},{"damage":0,"enemies":"Sphere and 2 Shapes","floor":42,"turns":4},{"damage":0,"enemies":"Mind Bloom Boss Battle","floor":44,"turns":7},{"damage":26,"enemies":"Giant Head","floor":46,"turns":11},{"damage":24,"enemies":"Reptomancer","floor":48,"turns":6},{"damage":59,"enemies":"Donu and Deca","floor":50,"turns":10}],"seed_played":"3017257579527424707","potions_obtained":[{"floor":7.0,"key":"Fire Potion"},{"floor":10.0,"key":"FearPotion"},{"floor":20,"key":"Energy Potion"},{"floor":21,"key":"Block Potion"},{"floor":29,"key":"SkillPotion"},{"floor":30,"key":"EntropicBrew"},{"floor":37,"key":"LiquidBronze"}],"is_trial":false,"path_per_floor":["M","M","M","?","$","R","E","R","T","E","R","E","R","$","R","B",null,"M","?","M","M","T","R","E","M","T","R","E","M","M","$","R","B",null,"M","M","M","?","M","R","E","M","T","?","R","E","R","E","R","B",null],"character_chosen":"DEFECT","items_purchased":["Streamline","Defragment","Force Field","Defragment"],"campfire_rested":6,"item_purchase_floors":[5,14,14,31],"current_hp_per_floor":[64,60,54,47,47,47,40,40,40,30,51,44,44,44,65,43,64,70,70,62,49,49,49,45,34,34,70,44,50,50,50,50,57,68,71,58,63,63,35,71,71,71,71,71,71,52,71,54,71,19],"gold":496,"neow_bonus":"REMOVE_CARD","is_prod":false,"is_daily":false,"chose_seed":false,"campfire_upgraded":5,"win_rate":0,"timestamp":1551015384,"path_taken":["M","M","M","?","$","R","E","R","T","E","R","E","R","$","R","BOSS","M","?","?","M","?","R","E","M","T","R","E","M","M","$","R","BOSS","M","M","?","?","M","R","E","?","T","?","R","E","R","E","R","BOSS"],"build_version":"2019-01-23","purchased_purges":2,"victory":true,"max_hp_per_floor":[71,71,71,71,71,71,71,71,71,71,71,71,71,71,71,71,71,71,71,71,71,71,71,71,71,71,71,71,71,71,71,71,71,71,71,71,71,71,71,71,71,71,71,71,71,71,71,71,71,71],"card_choices":[{"not_picked":["Turbo","Gash"],"picked":"Sweeping Beam","floor":1.0},{"not_picked":["Barrage","Turbo"],"picked":"Conserve Battery","floor":2.0},{"not_picked":["Doom and Gloom","Lockon"],"picked":"Chill","floor":3.0},{"not_picked":["Go for the Eyes","Hyperbeam"],"picked":"Ball Lightning","floor":7.0},{"not_picked":["Beam Cell","Ball Lightning"],"picked":"Self Repair","floor":10.0},{"not_picked":["Beam Cell","Barrage","Doom and Gloom"],"picked":"SKIP","floor":12.0},{"not_picked":["Hyperbeam","Fission"],"picked":"Electrodynamics","floor":16.0},{"not_picked":["Ball Lightning","Conserve Battery"],"picked":"Turbo","floor":18},{"not_picked":["Ball Lightning","Chaos"],"picked":"Cold Snap","floor":20},{"not_picked":["Electrodynamics","Turbo"],"picked":"Melter","floor":21},{"not_picked":["Sweeping Beam","Beam Cell"],"picked":"Coolheaded+1","floor":24},{"not_picked":["Go for the Eyes","All For One"],"picked":"Creative AI","floor":25},{"not_picked":["Reinforced Body","FTL","Go for the Eyes+1"],"picked":"SKIP","floor":28},{"not_picked":["Steam","Heatsinks","Reboot"],"picked":"SKIP","floor":29},{"not_picked":["Turbo","Stack"],"picked":"Conserve Battery","floor":30},{"not_picked":["Auto Shields","Compile Driver+1","Aggregate"],"picked":"SKIP","floor":35},{"not_picked":["Cold Snap","Rebound+1","Barrage"],"picked":"SKIP","floor":36},{"not_picked":["Compile Driver","Capacitor","Steam"],"picked":"SKIP","floor":37},{"not_picked":["Barrage","Heatsinks","Steam Power"],"picked":"SKIP","floor":39},{"not_picked":["Rebound","Hologram","Leap"],"picked":"SKIP","floor":41},{"not_picked":["Streamline","Echo Form"],"picked":"Conserve Battery+1","floor":42},{"not_picked":["Reprogram+1","Self Repair+1"],"picked":"Coolheaded","floor":44},{"not_picked":["Go for the Eyes","White Noise","Reprogram"],"picked":"SKIP","floor":46},{"not_picked":["Skim","Fusion+1","Steam Power"],"picked":"Recycle+1","floor":48}],"player_experience":687224,"relics_obtained":[{"floor":7.0,"key":"Pocketwatch"},{"floor":9.0,"key":"Nunchaku"},{"floor":10.0,"key":"Bag of Preparation"},{"floor":12.0,"key":"Whetstone"},{"floor":22,"key":"Boot"},{"floor":24,"key":"Sundial"},{"floor":26,"key":"Regal Pillow"},{"floor":28,"key":"Torii"},{"floor":41,"key":"Emotion Chip"},{"floor":43,"key":"Potion Belt"},{"floor":44,"key":"Prayer Wheel"},{"floor":46,"key":"Question Card"},{"floor":48,"key":"Anchor"}],"event_choices":[{"cards_removed":["Strike_B"],"damage_healed":0.0,"max_hp_gain":0.0,"max_hp_loss":0.0,"gold_gain":0.0,"event_name":"Golden Wing","player_choice":"Card Removal","floor":4.0,"gold_loss":0.0,"damage_taken":7.0},{"damage_healed":0,"gold_gain":0,"player_choice":"Traded Relic","damage_taken":0,"relics_obtained":["Nloth\u0027s Gift"],"max_hp_gain":0,"max_hp_loss":0,"event_name":"N\u0027loth","floor":19,"relics_lost":["Whetstone"],"gold_loss":0},{"damage_healed":0,"gold_gain":0,"player_choice":"Upgraded","damage_taken":0,"max_hp_gain":0,"max_hp_loss":0,"event_name":"Upgrade Shrine","floor":38,"gold_loss":0,"cards_upgraded":["Defragment"]},{"damage_healed":0,"gold_gain":0,"player_choice":"Fight","damage_taken":0,"max_hp_gain":0,"max_hp_loss":0,"event_name":"MindBloom","floor":44,"gold_loss":0}],"is_beta":false,"boss_relics":[{"not_picked":["Pandora\u0027s Box","Cursed Key"],"picked":"Empty Cage"},{"not_picked":["Philosopher\u0027s Stone","Velvet Choker"],"picked":"Fusion Hammer"}],"items_purged_floors":[5,31],"is_endless":false,"potions_floor_spawned":[7,10,20,21,29,30,35,37,41],"ascension_level":17}