{"gold_per_floor":[116,116,116,136,59,59,83,83,83,106,120,145,145,158,158,279,279,300,225,246,271,271,271,271],"floor_reached":24,"playtime":1130,"items_purged":[],"score":247,"play_id":"7c8d4729-e58a-49c7-a860-19e83a140c2d","local_time":"20190116190643","is_ascension_mode":true,"campfire_choices":[{"data":"Bash","floor":6,"key":"SMITH"},{"data":"Hemokinesis","floor":8,"key":"SMITH"},{"data":"Body Slam","floor":13,"key":"SMITH"},{"data":"Metallicize","floor":15,"key":"SMITH"},{"data":"Rage","floor":23,"key":"SMITH"}],"neow_cost":"NONE","seed_source_timestamp":533368304280418,"circlet_count":0,"master_deck":["Strike_R","Strike_R","Strike_R","Strike_R","Defend_R","Defend_R","Defend_R","Defend_R","Bash+1","Cleave","Metallicize+1","Rage+1","Hemokinesis+1","Clothesline","Shrug It Off","Body Slam+1","Impervious","Flame Barrier"],"special_seed":0,"relics":["Burning Blood","Bronze Scales","Golden Idol","Bottled Flame","Eternal Feather"],"potions_floor_usage":[10,18,18,21,21,22],"damage_taken":[{"damage":2,"enemies":"2 Louse","floor":1,"turns":3},{"damage":0,"enemies":"Small Slimes","floor":4,"turns":2},{"damage":7,"enemies":"Jaw Worm","floor":7,"turns":4},{"damage":10,"enemies":"3 Louse","floor":10,"turns":2},{"damage":15,"enemies":"Exordium Wildlife","floor":11,"turns":3},{"damage":14,"enemies":"Exordium Thugs","floor":12,"turns":3},{"damage":0,"enemies":"Large Slime","floor":14,"turns":5},{"damage":32,"enemies":"Hexaghost","floor":16,"turns":10},{"damage":5,"enemies":"2 Thieves","floor":18,"turns":3},{"damage":3,"enemies":"3 Byrds","floor":20,"turns":3},{"damage":8,"enemies":"3 Cultists","floor":21,"turns":6},{"damage":21,"enemies":"Colosseum Slavers","floor":22,"turns":5},{"damage":75,"enemies":"Gremlin Leader","floor":24,"turns":11}],"seed_played":"-3662338344718624468","potions_obtained":[{"floor":4,"key":"AttackPotion"},{"floor":7,"key":"FearPotion"},{"floor":10,"key":"Explosive Potion"},{"floor":16,"key":"Explosive Potion"},{"floor":18,"key":"Energy Potion"},{"floor":20,"key":"Fire Potion"}],"is_trial":false,"path_per_floor":["M","?","?","M","$","R","M","R","T","M","M","M","R","M","R","B",null,"M","?","M","M","?","R","E"],"character_chosen":"IRONCLAD","items_purchased":["Rage"],"campfire_rested":0,"item_purchase_floors":[5],"current_hp_per_floor":[76,56,61,67,67,67,66,66,66,62,53,45,45,51,51,25,70,71,71,74,72,57,66,0],"gold":271,"neow_bonus":"RANDOM_COMMON_RELIC","is_prod":false,"is_daily":false,"chose_seed":false,"campfire_upgraded":5,"win_rate":0,"timestamp":1547633203,"path_taken":["M","?","?","M","$","R","M","R","T","M","M","M","R","M","R","BOSS","M","?","M","M","?","R","E"],"build_version":"2019-01-10","purchased_purges":0,"victory":false,"max_hp_per_floor":[80,80,85,85,85,85,85,85,85,85,85,85,85,85,85,85,85,85,85,85,85,85,85,85],"card_choices":[{"not_picked":["Sentinel","Pommel Strike"],"picked":"Cleave","floor":1},{"not_picked":["Warcry","Combust"],"picked":"Metallicize","floor":4},{"not_picked":["Shockwave","Shrug It Off"],"picked":"Hemokinesis","floor":7},{"not_picked":["Wild Strike","Twin Strike"],"picked":"Clothesline","floor":10},{"not_picked":["Rage","Warcry"],"picked":"Shrug It Off","floor":11},{"not_picked":["Burning Pact","Exhume"],"picked":"Body Slam","floor":12},{"not_picked":["Pummel","Heavy Blade","Pommel Strike"],"picked":"SKIP","floor":14},{"not_picked":["Double Tap","Demon Form"],"picked":"Impervious","floor":16},{"not_picked":["Twin Strike","Perfected Strike","Body Slam"],"picked":"SKIP","floor":18},{"not_picked":["Perfected Strike+1","Thunderclap+1"],"picked":"Flame Barrier","floor":20},{"not_picked":["Clothesline","Cleave","Wild Strike"],"picked":"SKIP","floor":21}],"player_experience":382441,"relics_obtained":[{"floor":9,"key":"Bottled Flame"}],"event_choices":[{"damage_healed":0,"gold_gain":0,"player_choice":"Take Damage","damage_taken":20,"relics_obtained":["Golden Idol"],"max_hp_gain":0,"max_hp_loss":0,"event_name":"Golden Idol","floor":2,"gold_loss":0},{"damage_healed":0,"gold_gain":0,"player_choice":"Donut","damage_taken":0,"max_hp_gain":5,"max_hp_loss":0,"event_name":"Big Fish","floor":3,"gold_loss":0},{"cards_removed":["Strike_R"],"damage_healed":0,"gold_gain":0,"player_choice":"Gave Gold","damage_taken":0,"max_hp_gain":0,"max_hp_loss":0,"event_name":"Beggar","floor":19,"gold_loss":75},{"damage_healed":0,"gold_gain":0,"player_choice":"Fight","damage_taken":0,"max_hp_gain":0,"max_hp_loss":0,"event_name":"Colosseum","floor":22,"gold_loss":0},{"damage_healed":0,"gold_gain":0,"player_choice":"Fled From Nobs","damage_taken":0,"max_hp_gain":0,"max_hp_loss":0,"event_name":"Colosseum","floor":22,"gold_loss":0}],"is_beta":false,"boss_relics":[{"not_picked":["Calling Bell","Snecko Eye"],"picked":"Eternal Feather"}],"items_purged_floors":[],"is_endless":false,"potions_floor_spawned":[4,7,10,16,18,20],"killed_by":"Gremlin Leader","ascension_level":6}