{"gold_per_floor":[110,130,130,130,147,147,2,18,44,44,63,98,98,127,127,127],"floor_reached":16,"playtime":2011,"items_purged":[],"score":110,"play_id":"ba8d2d32-95a5-4322-902c-4b11452ba475","local_time":"20190217160218","is_ascension_mode":false,"campfire_choices":[{"data":"Infinite Blades","floor":6,"key":"SMITH"},{"data":"Strike_G","floor":10,"key":"SMITH"},{"floor":15,"key":"REST"}],"neow_cost":"NONE","seed_source_timestamp":182278528248878,"circlet_count":0,"master_deck":["Defend_G","Defend_G","Defend_G","Defend_G","Defend_G","Strike_G","Strike_G","Strike_G","Strike_G","Strike_G+1","Survivor","Neutralize+1","Infinite Blades+1","Deflect","Slice","Masterful Stab"],"relics":["Ring of the Snake","Boot","Omamori","Bag of Marbles","Lantern","Gambling Chip"],"potions_floor_usage":[12,12],"damage_taken":[{"damage":0,"enemies":"Small Slimes","floor":1,"turns":3},{"damage":0,"enemies":"2 Louse","floor":2,"turns":3},{"damage":0,"enemies":"Jaw Worm","floor":5,"turns":4},{"damage":0,"enemies":"Red Slaver","floor":8,"turns":5},{"damage":4,"enemies":"Exordium Wildlife","floor":11,"turns":5},{"damage":9,"enemies":"Lagavulin","floor":12,"turns":7},{"damage":37,"enemies":"Gremlin Nob","floor":14,"turns":6},{"damage":69,"enemies":"Hexaghost","floor":16,"turns":15}],"seed_played":"-4968856871582723513","potions_obtained":[{"floor":5,"key":"Regen Potion"},{"floor":11,"key":"SkillPotion"},{"floor":12,"key":"Ancient Potion"}],"is_trial":false,"path_per_floor":["M","M","?","?","M","R","$","M","T","R","M","E","?","E","R","B"],"character_chosen":"THE_SILENT","items_purchased":["Boot"],"campfire_rested":1,"item_purchase_floors":[7],"current_hp_per_floor":[77,77,77,77,77,77,77,77,77,77,73,77,77,40,63,0],"gold":127,"neow_bonus":"TEN_PERCENT_HP_BONUS","is_prod":false,"is_daily":false,"chose_seed":false,"campfire_upgraded":2,"win_rate":0,"timestamp":1550412138,"path_taken":["M","M","?","?","M","R","?","M","T","R","?","E","?","E","R","BOSS"],"build_version":"2019-01-23","purchased_purges":0,"victory":false,"max_hp_per_floor":[77,77,77,77,77,77,77,77,77,77,77,77,77,77,77,77],"card_choices":[{"not_picked":["Acrobatics","Bane","Reflex"],"picked":"SKIP","floor":1},{"not_picked":["Dodge and Roll","Underhanded Strike","All Out Attack"],"picked":"SKIP","floor":2},{"not_picked":["Blade Dance","Choke"],"picked":"Infinite Blades","floor":5},{"not_picked":["Outmaneuver","Concentrate","Sucker Punch"],"picked":"SKIP","floor":8},{"not_picked":["Sucker Punch","Dagger Spray"],"picked":"Deflect","floor":11},{"not_picked":["Skewer","Flying Knee"],"picked":"Slice","floor":12},{"not_picked":["Setup","Quick Slash"],"picked":"Masterful Stab","floor":14}],"player_experience":960343,"relics_obtained":[{"floor":9,"key":"Omamori"},{"floor":12,"key":"Bag of Marbles"},{"floor":14,"key":"Gambling Chip"}],"event_choices":[{"damage_healed":0,"gold_gain":0,"player_choice":"Ignored","damage_taken":0,"max_hp_gain":0,"max_hp_loss":0,"event_name":"Shining Light","floor":3,"gold_loss":0},{"damage_healed":0,"gold_gain":0,"player_choice":"Grow","damage_taken":0,"max_hp_gain":0,"max_hp_loss":0,"event_name":"Living Wall","floor":4,"gold_loss":0,"cards_upgraded":["Neutralize"]},{"damage_healed":0,"gold_gain":0,"player_choice":"Searched \u00271\u0027 times","damage_taken":0,"relics_obtained":["Lantern"],"max_hp_gain":0,"max_hp_loss":0,"event_name":"Dead Adventurer","floor":13,"gold_loss":0},{"damage_healed":0,"gold_gain":0,"player_choice":"Searched \u00271\u0027 times","damage_taken":0,"relics_obtained":["Lantern"],"max_hp_gain":0,"max_hp_loss":0,"event_name":"Dead Adventurer","floor":13,"gold_loss":0}],"is_beta":false,"boss_relics":[],"items_purged_floors":[],"is_endless":false,"potions_floor_spawned":[5,11,12],"killed_by":"Hexaghost","ascension_level":0}