{"gold_per_floor":[119,131,151,151,67,67,97,109,146,188,200,212,259,283,295,381,393,418,430,192,202,216,216,241,48,72,72,84,100,100,118,118,190,190,205,222,233,233,253,253,253,253,253,287,159,159,104,122,122,122],"floor_reached":51,"playtime":2828,"items_purged":["Writhe"],"score":1631,"play_id":"662ebcdd-b06f-44e3-874b-e7a0e50117ab","local_time":"20190304004646","is_ascension_mode":true,"campfire_choices":[{"data":"Zap","floor":6.0,"key":"SMITH"},{"floor":8.0,"key":"REST"},{"floor":11.0,"key":"REST"},{"floor":15.0,"key":"REST"},{"floor":23,"key":"REST"},{"data":"Apotheosis","floor":27,"key":"SMITH"},{"floor":32,"key":"REST"},{"floor":40,"key":"REST"},{"data":"Coolheaded","floor":42,"key":"SMITH"},{"data":"Force Field","floor":46,"key":"SMITH"},{"data":"Buffer","floor":49,"key":"SMITH"}],"neow_cost":"NONE","seed_source_timestamp":0,"circlet_count":0,"master_deck":["AscendersBane","Zap+1","Dualcast","Lockon","Ball Lightning","Static Discharge","Coolheaded+1","Streamline","Auto Shields","Capacitor","Conserve Battery","Stack","Machine Learning","Defragment","Go for the Eyes","Genetic Algorithm","Multi-Cast","Electrodynamics","Force Field+1","Heatsinks","All For One","Leap","Bandage Up","Turbo","BootSequence","Apotheosis+1","Buffer+1","Defragment","Force Field","Biased Cognition"],"special_seed":0,"relics":["FrozenCore","MawBank","Bronze Scales","Gremlin Horn","Whetstone","Pandora\u0027s Box","Art of War","Red Mask","Oddly Smooth Stone","Pantograph","Ancient Tea Set"],"potions_floor_usage":[21,24,31,33,39,50,50],"damage_taken":[{"damage":8.0,"enemies":"2 Louse","floor":1.0,"turns":3.0},{"damage":7.0,"enemies":"Jaw Worm","floor":2.0,"turns":2.0},{"damage":1.0,"enemies":"Cultist","floor":3.0,"turns":3.0},{"damage":24.0,"enemies":"Gremlin Nob","floor":7.0,"turns":4.0},{"damage":31.0,"enemies":"3 Sentries","floor":10.0,"turns":8.0},{"damage":24.0,"enemies":"Gremlin Nob","floor":13.0,"turns":4.0},{"damage":8.0,"enemies":"Blue Slaver","floor":14.0,"turns":3.0},{"damage":33.0,"enemies":"Slime Boss","floor":16.0,"turns":7.0},{"damage":20.0,"enemies":"Spheric Guardian","floor":18.0,"turns":6.0},{"damage":21,"enemies":"Shell Parasite","floor":21,"turns":4},{"damage":30,"enemies":"Snake Plant","floor":22,"turns":4},{"damage":0,"enemies":"Masked Bandits","floor":24,"turns":2},{"damage":11,"enemies":"Centurion and Healer","floor":28,"turns":4},{"damage":20,"enemies":"Shelled Parasite and Fungi","floor":29,"turns":6},{"damage":12,"enemies":"Sentry and Sphere","floor":31,"turns":6},{"damage":8,"enemies":"Automaton","floor":33,"turns":11},{"damage":10,"enemies":"3 Darklings","floor":35,"turns":6},{"damage":3,"enemies":"Orb Walker","floor":36,"turns":7},{"damage":64,"enemies":"Writhing Mass","floor":37,"turns":9},{"damage":10,"enemies":"Transient","floor":39,"turns":6},{"damage":14,"enemies":"Giant Head","floor":44,"turns":12},{"damage":0,"enemies":"4 Shapes","floor":48,"turns":5},{"damage":22,"enemies":"Donu and Deca","floor":50,"turns":10}],"seed_played":"-7560285933269661293","potions_obtained":[{"floor":3.0,"key":"SpeedPotion"},{"floor":10.0,"key":"Block Potion"},{"floor":13.0,"key":"PowerPotion"},{"floor":16.0,"key":"EssenceOfSteel"},{"floor":22,"key":"PowerPotion"},{"floor":24,"key":"GamblersBrew"},{"floor":31,"key":"EssenceOfSteel"},{"floor":33,"key":"FearPotion"},{"floor":35,"key":"LiquidBronze"},{"floor":36,"key":"SkillPotion"}],"is_trial":false,"path_per_floor":["M","M","M","?","$","R","E","R","T","E","R","?","E","M","R","B",null,"M","?","$","M","M","R","?","$","T","R","M","M","?","M","R","B",null,"M","M","M","?","M","R","?","R","T","E","$","R","$","M","R","B",null],"character_chosen":"DEFECT","items_purchased":["Coolheaded","Streamline","Art of War","Bandage Up","Apotheosis","PowerPotion","Swift Potion"],"campfire_rested":6,"item_purchase_floors":[5,5,20,20,25,45,47],"current_hp_per_floor":[56,49,48,48,48,48,31,52,52,28,49,49,32,31,52,26,60,47,47,47,37,18,39,39,39,39,39,34,30,30,29,50,58,68,68,71,20,34,30,51,51,51,51,43,43,43,43,49,49,61],"gold":122,"neow_bonus":"ONE_RANDOM_RARE_CARD","is_prod":false,"is_daily":false,"chose_seed":false,"campfire_upgraded":5,"win_rate":0,"timestamp":1551628006,"path_taken":["M","M","M","?","$","R","E","R","T","E","R","?","E","M","R","BOSS","M","?","$","M","M","R","?","?","T","R","M","?","?","M","R","BOSS","M","M","M","?","M","R","?","R","T","E","$","R","$","M","R","BOSS"],"build_version":"2019-01-23","purchased_purges":1,"victory":true,"max_hp_per_floor":[71,71,71,71,71,71,71,71,71,71,71,71,71,71,71,71,71,71,71,71,71,71,71,71,71,71,71,71,71,71,71,71,71,71,71,71,71,71,71,71,71,71,71,71,71,71,71,71,71,71],"card_choices":[{"not_picked":["Stack","Skim"],"picked":"Lockon","floor":1.0},{"not_picked":["Darkness","Cold Snap"],"picked":"Ball Lightning","floor":2.0},{"not_picked":["Beam Cell","Heatsinks"],"picked":"Self Repair","floor":3.0},{"not_picked":["Turbo","Go for the Eyes"],"picked":"Auto Shields","floor":7.0},{"not_picked":["Leap","Recycle"],"picked":"Capacitor","floor":10.0},{"not_picked":["Compile Driver","Chill"],"picked":"Conserve Battery","floor":13.0},{"not_picked":["Rebound","Steam"],"picked":"Stack","floor":14.0},{"not_picked":["All For One","Multi-Cast"],"picked":"Machine Learning","floor":16.0},{"not_picked":["Steam Power+1","Turbo"],"picked":"Leap","floor":18.0},{"not_picked":["Loop","Rebound"],"picked":"Turbo","floor":21},{"not_picked":["Beam Cell","Cold Snap"],"picked":"BootSequence","floor":22},{"not_picked":["Chaos","Beam Cell","Go for the Eyes"],"picked":"SKIP","floor":28},{"not_picked":["Go for the Eyes+1","Sweeping Beam","Steam+1"],"picked":"SKIP","floor":29},{"not_picked":["Go for the Eyes","Conserve Battery+1"],"picked":"Buffer","floor":31},{"not_picked":["Leap+1","BootSequence"],"picked":"Defragment","floor":35},{"not_picked":["White Noise","Steam","Genetic Algorithm+1"],"picked":"SKIP","floor":36},{"not_picked":["Rebound+1","Aggregate"],"picked":"Force Field","floor":37},{"not_picked":["Gash","Turbo","Streamline+1"],"picked":"SKIP","floor":39},{"not_picked":["Sweeping Beam+1","Ball Lightning"],"picked":"Biased Cognition","floor":44},{"not_picked":["Streamline","Redo","Rebound+1"],"picked":"SKIP","floor":48}],"player_experience":712927,"relics_obtained":[{"floor":7.0,"key":"MawBank"},{"floor":9.0,"key":"Bronze Scales"},{"floor":10.0,"key":"Gremlin Horn"},{"floor":13.0,"key":"Whetstone"},{"floor":24,"key":"Red Mask"},{"floor":26,"key":"Oddly Smooth Stone"},{"floor":43,"key":"Pantograph"},{"floor":44,"key":"Ancient Tea Set"}],"event_choices":[{"damage_healed":0.0,"max_hp_gain":0.0,"max_hp_loss":0.0,"gold_gain":0.0,"cards_transformed":["Reboot"],"event_name":"Living Wall","player_choice":"Change","floor":4.0,"gold_loss":0.0,"damage_taken":0.0,"cards_obtained":["Static Discharge"]},{"damage_healed":0.0,"max_hp_gain":0.0,"max_hp_loss":0.0,"gold_gain":0.0,"event_name":"Scrap Ooze","player_choice":"Fled","floor":12.0,"gold_loss":0.0,"damage_taken":0.0},{"damage_healed":0,"gold_gain":0,"player_choice":"Ignored","damage_taken":0,"max_hp_gain":0,"max_hp_loss":0,"event_name":"Beggar","floor":19,"gold_loss":0},{"damage_healed":0,"gold_gain":0,"player_choice":"Fought Bandits","damage_taken":0,"max_hp_gain":0,"max_hp_loss":0,"event_name":"Masked Bandits","floor":24,"gold_loss":0},{"damage_healed":0,"gold_gain":0,"player_choice":"Ignored","damage_taken":0,"max_hp_gain":0,"max_hp_loss":0,"event_name":"Vampires","floor":30,"gold_loss":0},{"damage_healed":14,"gold_gain":0,"player_choice":"Writhe","damage_taken":0,"max_hp_gain":0,"max_hp_loss":0,"event_name":"Winding Halls","floor":38,"gold_loss":0,"cards_obtained":["Writhe"]},{"cards_removed":["Self Repair"],"damage_healed":0,"gold_gain":0,"player_choice":"Removed Power","damage_taken":0,"max_hp_gain":0,"max_hp_loss":0,"event_name":"Falling","floor":41,"gold_loss":0}],"is_beta":false,"boss_relics":[{"not_picked":["Orrery","Eternal Feather"],"picked":"Pandora\u0027s Box"},{"not_picked":["Black Star","Snecko Eye"],"picked":"FrozenCore"}],"items_purged_floors":[45],"is_endless":false,"potions_floor_spawned":[3,10,13,16,22,24,31,33,35,36],"ascension_level":18}