{"gold_per_floor":[112,112,37,47,47,47,72,91,91,91,110,110,128,71,101,101],"floor_reached":16,"playtime":633,"items_purged":["Strike_G"],"score":200,"play_id":"fbe9db7a-bd60-46b8-b00b-0a3a66a7147d","local_time":"20190411211031","is_ascension_mode":true,"campfire_choices":[{"floor":6,"key":"REST"},{"floor":10,"key":"REST"},{"floor":15,"key":"DIG"}],"neow_cost":"TEN_PERCENT_HP_LOSS","seed_source_timestamp":3702326121313056,"circlet_count":0,"master_deck":["AscendersBane","Defend_G","Defend_G+1","Defend_G","Defend_G","Defend_G","Strike_G","Strike_G+1","Strike_G","Strike_G","Survivor","Neutralize","Mind Blast+1","Deep Breath","Predator","Dagger Spray","After Image","Well Laid Plans","Bouncing Flask","Escape Plan"],"relics":["Ring of the Snake","Shovel","Tiny Chest"],"potions_floor_usage":[16,16],"damage_taken":[{"damage":0,"enemies":"2 Louse","floor":1,"turns":3},{"damage":4,"enemies":"Small Slimes","floor":4,"turns":4},{"damage":39,"enemies":"3 Sentries","floor":7,"turns":9},{"damage":2,"enemies":"Jaw Worm","floor":8,"turns":5},{"damage":23,"enemies":"Large Slime","floor":11,"turns":7},{"damage":3,"enemies":"Looter","floor":13,"turns":3},{"damage":11,"enemies":"The Guardian","floor":16,"turns":2}],"seed_played":"8688330816996958352","potions_obtained":[{"floor":4,"key":"Ancient Potion"}],"is_trial":false,"path_per_floor":["M","?","$","M","?","R","E","M","T","R","M","?","M","$","R","B"],"character_chosen":"THE_SILENT","items_purchased":["SpeedPotion"],"campfire_rested":2,"item_purchase_floors":[14],"current_hp_per_floor":[59,59,59,55,37,55,16,14,14,32,9,9,6,6,6,0],"gold":101,"neow_bonus":"RANDOM_COLORLESS_2","is_prod":false,"is_daily":false,"chose_seed":false,"campfire_upgraded":0,"win_rate":0,"timestamp":1554984631,"path_taken":["M","?","$","M","?","R","E","M","T","R","M","?","M","?","R","BOSS"],"build_version":"2019-04-04","purchased_purges":1,"victory":false,"max_hp_per_floor":[60,60,60,60,60,60,60,60,60,60,60,60,60,60,60,60],"card_choices":[{"not_picked":["Dagger Spray","Setup"],"picked":"Predator","floor":1},{"not_picked":["Blade Dance","Infinite Blades"],"picked":"Dagger Spray","floor":4},{"not_picked":["Distraction","Phantasmal Killer"],"picked":"After Image","floor":7},{"not_picked":["Flying Knee","Sucker Punch"],"picked":"Well Laid Plans","floor":8},{"not_picked":["Sucker Punch","Prepared"],"picked":"Bouncing Flask","floor":11},{"not_picked":["Dagger Throw","Riddle With Holes"],"picked":"Escape Plan","floor":13}],"player_experience":2894756,"relics_obtained":[{"floor":7,"key":"Shovel"},{"floor":15,"key":"Tiny Chest"}],"event_choices":[{"damage_healed":0,"gold_gain":0,"player_choice":"Grow","damage_taken":0,"max_hp_gain":0,"max_hp_loss":0,"event_name":"Living Wall","floor":2,"gold_loss":0,"cards_upgraded":["Mind Blast"]},{"damage_healed":0,"gold_gain":0,"player_choice":"Entered Light","damage_taken":18,"max_hp_gain":0,"max_hp_loss":0,"event_name":"Shining Light","floor":5,"gold_loss":0,"cards_upgraded":["Strike_G","Defend_G"]},{"damage_healed":0,"gold_gain":0,"player_choice":"Fled","damage_taken":0,"max_hp_gain":0,"max_hp_loss":0,"event_name":"Scrap Ooze","floor":12,"gold_loss":0}],"is_beta":true,"boss_relics":[],"items_purged_floors":[3],"is_endless":false,"potions_floor_spawned":[4],"killed_by":"The Guardian","ascension_level":20}