{"gold_per_floor":[115,128,140,156,156,156,190,190,190,190,220,295,323,339,339,411,411,429,429,446,48,48,48,48],"floor_reached":24,"playtime":1428,"items_purged":["Defend_R"],"score":396,"play_id":"40d7d552-11f5-4666-b1e1-039493f2fc6e","local_time":"20190328135434","is_ascension_mode":true,"campfire_choices":[{"data":"Perfected Strike","floor":6.0,"key":"SMITH"},{"data":"Bash","floor":8.0,"key":"SMITH"},{"data":"Pommel Strike","floor":10.0,"key":"SMITH"},{"floor":15.0,"key":"REST"},{"data":"True Grit","floor":23,"key":"SMITH"}],"neow_cost":"PERCENT_DAMAGE","seed_source_timestamp":0,"circlet_count":0,"master_deck":["AscendersBane","Strike_R","Strike_R","Strike_R","Strike_R","Strike_R+1","Defend_R","Defend_R","Defend_R","Bash+1","Pommel Strike+1","True Grit+1","Twin Strike","Perfected Strike+1","Cleave","Twin Strike+1","Clothesline+1","Dropkick+1","Impervious","Clash+1","Flex","Inflame","Feel No Pain","True Grit+1","Thinking Ahead"],"special_seed":0,"relics":["Burning Blood","Thread and Needle","WingedGreaves","Molten Egg 2","The Courier","Runic Pyramid"],"potions_floor_usage":[16,19],"damage_taken":[{"damage":2.0,"enemies":"Cultist","floor":1.0,"turns":5.0},{"damage":3.0,"enemies":"Jaw Worm","floor":2.0,"turns":3.0},{"damage":0.0,"enemies":"2 Louse","floor":3.0,"turns":3.0},{"damage":0.0,"enemies":"Looter","floor":4.0,"turns":4.0},{"damage":15.0,"enemies":"Gremlin Nob","floor":7.0,"turns":5.0},{"damage":8.0,"enemies":"3 Sentries","floor":11.0,"turns":7.0},{"damage":9.0,"enemies":"Lagavulin","floor":13.0,"turns":6.0},{"damage":5.0,"enemies":"Blue Slaver","floor":14.0,"turns":3.0},{"damage":14,"enemies":"Slime Boss","floor":16,"turns":7},{"damage":18,"enemies":"Shell Parasite","floor":18,"turns":5},{"damage":35,"enemies":"Colosseum Slavers","floor":19,"turns":5},{"damage":18,"enemies":"Spheric Guardian","floor":20,"turns":6},{"damage":35,"enemies":"Snake Plant","floor":24,"turns":2}],"seed_played":"6652124285485451765","potions_obtained":[{"floor":1.0,"key":"SpeedPotion"},{"floor":2.0,"key":"Energy Potion"},{"floor":7.0,"key":"Swift Potion"},{"floor":11.0,"key":"Fruit Juice"},{"floor":18,"key":"GamblersBrew"}],"is_trial":false,"path_per_floor":["M","M","M","M","?","R","E","R","T","R","E","?","E","M","R","B",null,"M","?","M","$","?","R","M"],"character_chosen":"IRONCLAD","items_purchased":["Inflame","Feel No Pain","True Grit","Thinking Ahead"],"campfire_rested":1,"item_purchase_floors":[21,21,21,21],"current_hp_per_floor":[54,57,63,69,46,46,37,37,37,37,40,29,26,27,51,43,71,59,30,18,18,34,34,0],"gold":48,"neow_bonus":"ONE_RARE_RELIC","is_prod":false,"is_daily":false,"chose_seed":false,"campfire_upgraded":4,"win_rate":0,"timestamp":1553748874,"path_taken":["M","?","M","M","?","R","E","R","T","R","E","?","E","M","R","BOSS","M","?","M","$","?","R","M"],"build_version":"2019-03-15","purchased_purges":1,"victory":false,"max_hp_per_floor":[75,75,75,75,75,75,75,75,75,75,80,80,80,80,80,80,80,80,80,80,80,80,80,80],"card_choices":[{"not_picked":["Second Wind","Headbutt"],"picked":"Pommel Strike","floor":1.0},{"not_picked":["Iron Wave","Warcry"],"picked":"True Grit","floor":2.0},{"not_picked":["Havoc","Anger"],"picked":"Twin Strike","floor":3.0},{"not_picked":["Shrug It Off","Infernal Blade"],"picked":"Perfected Strike","floor":4.0},{"not_picked":["Combust","Thunderclap"],"picked":"Cleave","floor":7.0},{"not_picked":["Body Slam","Thunderclap"],"picked":"Twin Strike","floor":11.0},{"not_picked":["Exhume","Spot Weakness"],"picked":"Clothesline+1","floor":13.0},{"not_picked":["Evolve","Hemokinesis+1"],"picked":"Dropkick+1","floor":14.0},{"not_picked":["Offering","Barricade"],"picked":"Impervious","floor":16},{"not_picked":["Perfected Strike+1","Carnage+1"],"picked":"Clash+1","floor":18},{"not_picked":["Shrug It Off","Wild Strike+1"],"picked":"Flex","floor":20}],"player_experience":2750879,"relics_obtained":[{"floor":7.0,"key":"WingedGreaves"},{"floor":11.0,"key":"Molten Egg 2"},{"floor":13.0,"key":"The Courier"}],"event_choices":[{"damage_healed":0.0,"max_hp_gain":0.0,"max_hp_loss":0.0,"gold_gain":0.0,"event_name":"Shining Light","player_choice":"Entered Light","floor":5.0,"gold_loss":0.0,"damage_taken":23.0,"cards_upgraded":["True Grit","Strike_R"]},{"damage_healed":0.0,"max_hp_gain":0.0,"max_hp_loss":0.0,"gold_gain":75.0,"event_name":"World of Goop","player_choice":"Gather Gold","floor":12.0,"gold_loss":0.0,"damage_taken":11.0},{"damage_healed":0,"gold_gain":0,"player_choice":"Fight","damage_taken":0,"max_hp_gain":0,"max_hp_loss":0,"event_name":"Colosseum","floor":19,"gold_loss":0},{"damage_healed":0,"gold_gain":0,"player_choice":"Fled From Nobs","damage_taken":0,"max_hp_gain":0,"max_hp_loss":0,"event_name":"Colosseum","floor":19,"gold_loss":0},{"damage_healed":16,"gold_gain":0,"player_choice":"Heal","damage_taken":0,"max_hp_gain":0,"max_hp_loss":0,"event_name":"The Library","floor":22,"gold_loss":0}],"is_beta":true,"boss_relics":[{"not_picked":["Empty Cage","Busted Crown"],"picked":"Runic Pyramid"}],"items_purged_floors":[21],"is_endless":false,"potions_floor_spawned":[1,2,7,11,18,19],"killed_by":"Snake Plant","ascension_level":17}