{"gold_per_floor":[209,228,86,103,103,103,134,134,158,169,169,195,195,223,223,223],"floor_reached":16,"playtime":752,"items_purged":["Strike_G"],"score":201,"play_id":"86dc9dc4-3984-4160-9a2a-49273353a3b4","local_time":"20190520223705","is_ascension_mode":true,"campfire_choices":[{"data":"Dagger Spray","floor":6,"key":"SMITH"},{"floor":11,"key":"REST"},{"floor":15,"key":"REST"}],"neow_cost":"NONE","seed_source_timestamp":270840876126709,"circlet_count":0,"master_deck":["AscendersBane","Defend_G","Defend_G","Defend_G","Defend_G","Defend_G","Strike_G","Strike_G","Strike_G","Survivor","Neutralize","Flying Knee","Dodge and Roll","Caltrops","Dagger Spray+1","Deadly Poison","Parasite","Glass Knife","Dodge and Roll"],"relics":["Ring of the Snake","Bag of Preparation","Smiling Mask","Juzu Bracelet","Pocketwatch"],"potions_floor_usage":[7,14,16],"damage_taken":[{"damage":0,"enemies":"Jaw Worm","floor":1,"turns":5},{"damage":0,"enemies":"2 Louse","floor":2,"turns":3},{"damage":0,"enemies":"Small Slimes","floor":4,"turns":5},{"damage":42,"enemies":"Gremlin Nob","floor":7,"turns":6},{"damage":5,"enemies":"Gremlin Gang","floor":10,"turns":3},{"damage":25,"enemies":"3 Sentries","floor":12,"turns":5},{"damage":11,"enemies":"Lagavulin","floor":14,"turns":6},{"damage":39,"enemies":"Slime Boss","floor":16,"turns":7}],"seed_played":"-6806094693053291267","potions_obtained":[{"floor":2,"key":"SkillPotion"},{"floor":10,"key":"AttackPotion"},{"floor":14,"key":"PowerPotion"}],"is_trial":false,"path_per_floor":["M","M","$","M","?","R","E","?","T","M","R","E","?","E","R","B"],"character_chosen":"THE_SILENT","items_purchased":["Caltrops"],"campfire_rested":2,"item_purchase_floors":[3],"current_hp_per_floor":[59,59,59,59,52,52,10,26,26,21,40,15,15,4,23,0],"gold":223,"neow_bonus":"HUNDRED_GOLD","is_prod":false,"is_daily":false,"chose_seed":false,"campfire_upgraded":1,"win_rate":0,"timestamp":1558384625,"path_taken":["M","M","$","M","?","R","E","?","T","M","R","E","?","E","R","BOSS"],"build_version":"2019-01-23","purchased_purges":1,"victory":false,"max_hp_per_floor":[66,66,66,66,66,66,66,66,66,66,66,66,66,66,66,66],"card_choices":[{"not_picked":["Bane","Quick Slash"],"picked":"Flying Knee","floor":1},{"not_picked":["Outmaneuver","Bane"],"picked":"Dodge and Roll","floor":2},{"not_picked":["Blade Dance","PiercingWail"],"picked":"Dagger Spray","floor":4},{"not_picked":["Setup","Heel Hook"],"picked":"Deadly Poison","floor":7},{"not_picked":["Blade Dance","Underhanded Strike"],"picked":"Glass Knife","floor":10},{"not_picked":["Blade Dance","Slice","Wraith Form v2"],"picked":"SKIP","floor":12},{"not_picked":["Blade Dance","Slice","Wraith Form v2"],"picked":"SKIP","floor":12},{"not_picked":["Poisoned Stab","Riddle With Holes"],"picked":"Dodge and Roll","floor":14}],"player_experience":599428,"relics_obtained":[{"floor":7,"key":"Bag of Preparation"},{"floor":9,"key":"Smiling Mask"},{"floor":12,"key":"Juzu Bracelet"},{"floor":14,"key":"Pocketwatch"}],"event_choices":[{"cards_removed":["Strike_G"],"damage_healed":0,"gold_gain":0,"player_choice":"Card Removal","damage_taken":7,"max_hp_gain":0,"max_hp_loss":0,"event_name":"Golden Wing","floor":5,"gold_loss":0},{"damage_healed":16,"gold_gain":0,"player_choice":"Healed and dodged fight","damage_taken":0,"max_hp_gain":0,"max_hp_loss":0,"event_name":"Mushrooms","floor":8,"gold_loss":0,"cards_obtained":["Parasite"]},{"damage_healed":0,"gold_gain":0,"player_choice":"Ignored","damage_taken":0,"max_hp_gain":0,"max_hp_loss":0,"event_name":"Liars Game","floor":13,"gold_loss":0}],"is_beta":false,"boss_relics":[],"items_purged_floors":[3],"is_endless":false,"potions_floor_spawned":[2,10,14],"killed_by":"Slime Boss","ascension_level":14}