{"gold_per_floor":[147,147,167,167,167,167,183,183,183,199,228,228,245,255,255,255],"floor_reached":16,"playtime":824,"items_purged":[],"score":189,"play_id":"5790d511-fcdb-4bbf-bc98-52e6fdbe5a7e","local_time":"20190510103606","is_ascension_mode":true,"campfire_choices":[{"data":"Body Slam","floor":6.0,"key":"SMITH"},{"floor":8.0,"key":"REST"},{"data":"Limit Break","floor":12.0,"key":"SMITH"},{"floor":15.0,"key":"REST"}],"neow_cost":"NONE","seed_source_timestamp":1186815200548181,"circlet_count":0,"master_deck":["AscendersBane","Strike_R+1","Strike_R+1","Strike_R","Defend_R","Defend_R","Defend_R","Defend_R","Bash","Cleave","Body Slam+1","Limit Break+1","Clothesline","Heavy Blade","Pummel","Shrug It Off"],"special_seed":0,"relics":["Burning Blood","Tiny Chest","Paper Frog","Vajra"],"potions_floor_usage":[],"damage_taken":[{"damage":7.0,"enemies":"Small Slimes","floor":1.0,"turns":4.0},{"damage":1.0,"enemies":"Cultist","floor":3.0,"turns":3.0},{"damage":7.0,"enemies":"2 Louse","floor":7.0,"turns":4.0},{"damage":11.0,"enemies":"2 Fungi Beasts","floor":10.0,"turns":3.0},{"damage":22.0,"enemies":"3 Sentries","floor":11.0,"turns":3.0},{"damage":18.0,"enemies":"Large Slime","floor":13.0,"turns":5.0},{"damage":19.0,"enemies":"Exordium Wildlife","floor":14.0,"turns":4.0},{"damage":46,"enemies":"Hexaghost","floor":16,"turns":8}],"seed_played":"-4312632373485291318","potions_obtained":[{"floor":3.0,"key":"EssenceOfSteel"},{"floor":7.0,"key":"Explosive Potion"},{"floor":10.0,"key":"PowerPotion"}],"is_trial":false,"path_per_floor":["M","?","M","?","?","R","M","R","T","M","E","R","M","M","R","B"],"character_chosen":"IRONCLAD","items_purchased":[],"campfire_rested":2,"item_purchase_floors":[],"current_hp_per_floor":[67,67,72,49,42,42,41,63,63,58,42,42,30,17,39,0],"gold":255,"neow_bonus":"RANDOM_COMMON_RELIC","is_prod":false,"is_daily":false,"chose_seed":false,"campfire_upgraded":2,"win_rate":0,"timestamp":1557452166,"path_taken":["M","?","?","?","?","R","M","R","T","M","E","R","M","M","R","BOSS"],"build_version":"2019-05-07","purchased_purges":0,"victory":false,"max_hp_per_floor":[75,75,75,75,75,75,75,75,75,75,75,75,75,75,75,75],"card_choices":[{"not_picked":["Wild Strike","Headbutt"],"picked":"Cleave","floor":1.0},{"not_picked":["Clash","Heavy Blade"],"picked":"Body Slam","floor":3.0},{"not_picked":["Sword Boomerang","Searing Blow"],"picked":"Limit Break","floor":7.0},{"not_picked":["Body Slam","Cleave"],"picked":"Clothesline","floor":10.0},{"not_picked":["Bloodletting","Immolate"],"picked":"Heavy Blade","floor":11.0},{"not_picked":["Feel No Pain","True Grit"],"picked":"Pummel","floor":13.0},{"not_picked":["Warcry","Pommel Strike"],"picked":"Shrug It Off","floor":14.0}],"player_experience":3184406,"relics_obtained":[{"floor":9.0,"key":"Paper Frog"},{"floor":11.0,"key":"Vajra"}],"event_choices":[{"cards_removed":["Strike_R"],"damage_healed":0.0,"max_hp_gain":0.0,"max_hp_loss":0.0,"gold_gain":0.0,"event_name":"Bonfire Elementals","player_choice":"Offered Basic","floor":2.0,"gold_loss":0.0,"damage_taken":0.0},{"damage_healed":0.0,"max_hp_gain":0.0,"max_hp_loss":0.0,"gold_gain":0.0,"event_name":"Shining Light","player_choice":"Entered Light","floor":4.0,"gold_loss":0.0,"damage_taken":23.0,"cards_upgraded":["Strike_R","Strike_R"]},{"cards_removed":["Strike_R"],"damage_healed":0.0,"max_hp_gain":0.0,"max_hp_loss":0.0,"gold_gain":0.0,"event_name":"Golden Wing","player_choice":"Card Removal","floor":5.0,"gold_loss":0.0,"damage_taken":7.0}],"is_beta":true,"boss_relics":[],"items_purged_floors":[],"is_endless":false,"potions_floor_spawned":[3,7,10],"killed_by":"Hexaghost","ascension_level":17}