{"gold_per_floor":[113,130,141,91,16,16,50,50,50,225,25,38,49,69,69,173,173,189,209,409,422,48,48,0,35,35,35,35,35,45,8,8,108,108,119,119,38,58,58],"floor_reached":39,"playtime":2197,"items_purged":["Strike_G","Doubt"],"score":638,"play_id":"bd7c0ae7-59af-40e9-b91e-4f8008b7650b","local_time":"20190120134502","is_ascension_mode":true,"campfire_choices":[{"data":"Neutralize","floor":6.0,"key":"SMITH"},{"data":"Dash","floor":8.0,"key":"SMITH"},{"floor":15.0,"key":"REST"},{"floor":23,"key":"REST"},{"floor":27,"key":"REST"},{"floor":29,"key":"REST"},{"data":"Footwork","floor":32,"key":"SMITH"}],"neow_cost":"NONE","seed_source_timestamp":858458858221575,"circlet_count":0,"master_deck":["AscendersBane","Defend_G","Defend_G","Defend_G","Defend_G","Defend_G","Survivor","Neutralize+1","All Out Attack","Prepared","Underhanded Strike","Dash+1","Footwork+1","Cloak And Dagger","Dagger Spray","Leg Sweep","PiercingWail","Bullet Time","Choke+1","Storm of Steel+1","Corpse Explosion+1","Cloak And Dagger+1","Writhe","Noxious Fumes","Blade Dance","Footwork","Cloak And Dagger"],"special_seed":0,"relics":["Ring of the Snake","NeowsBlessing","Bottled Flame","Blue Candle","Astrolabe","PreservedInsect","Pen Nib","Happy Flower","Sundial","Shuriken","Sozu"],"potions_floor_usage":[16,21,21,25,25,33,35],"damage_taken":[{"damage":0.0,"enemies":"Cultist","floor":1.0,"turns":1.0},{"damage":0.0,"enemies":"Jaw Worm","floor":2.0,"turns":1.0},{"damage":0.0,"enemies":"Small Slimes","floor":3.0,"turns":1.0},{"damage":28.0,"enemies":"Gremlin Nob","floor":7.0,"turns":5.0},{"damage":0.0,"enemies":"Blue Slaver","floor":12.0,"turns":4.0},{"damage":6.0,"enemies":"Exordium Thugs","floor":13.0,"turns":5.0},{"damage":5.0,"enemies":"Large Slime","floor":14.0,"turns":7.0},{"damage":36,"enemies":"Slime Boss","floor":16,"turns":15},{"damage":12,"enemies":"2 Thieves","floor":18,"turns":3},{"damage":30,"enemies":"Spheric Guardian","floor":19,"turns":11},{"damage":6,"enemies":"Centurion and Healer","floor":21,"turns":3},{"damage":26,"enemies":"Book of Stabbing","floor":25,"turns":8},{"damage":3,"enemies":"Snecko","floor":30,"turns":5},{"damage":35,"enemies":"Automaton","floor":33,"turns":11},{"damage":5,"enemies":"3 Shapes","floor":35,"turns":7},{"damage":44,"enemies":"3 Darklings","floor":38,"turns":5},{"damage":31,"enemies":"Transient","floor":39,"turns":5}],"seed_played":"-3313101473276732359","potions_obtained":[{"floor":2.0,"key":"FearPotion"},{"floor":12.0,"key":"Ancient Potion"},{"floor":13.0,"key":"Strength Potion"},{"floor":16,"key":"LiquidBronze"},{"floor":25,"key":"Dexterity Potion"},{"floor":33,"key":"Block Potion"}],"is_trial":false,"path_per_floor":["M","M","M","?","$","R","E","R","T","?","$","M","M","M","R","B",null,"M","M","?","M","$","R","$","E","T","R","?","R","M","$","R","B",null,"M","?","$","M","M"],"character_chosen":"THE_SILENT","items_purchased":["Footwork","Cloak And Dagger","PreservedInsect","Pen Nib","Regen Potion","PowerPotion","Noxious Fumes","Footwork"],"campfire_rested":4,"item_purchase_floors":[11,11,22,22,22,24,31,37],"current_hp_per_floor":[63,63,63,63,63,63,35,35,35,35,35,35,29,24,45,9,55,43,13,13,7,7,28,28,17,17,38,38,59,56,56,56,21,58,53,53,53,9,0],"gold":58,"neow_bonus":"THREE_ENEMY_KILL","is_prod":false,"is_daily":false,"chose_seed":false,"campfire_upgraded":3,"win_rate":0,"timestamp":1547959502,"path_taken":["M","M","?","?","$","R","E","R","T","?","$","M","M","M","R","BOSS","M","M","?","M","?","R","$","E","T","R","?","R","?","$","R","BOSS","M","?","$","M","M"],"build_version":"2019-01-17v2","purchased_purges":2,"victory":false,"max_hp_per_floor":[70,70,70,70,70,70,70,70,70,70,70,70,70,70,70,70,70,70,70,70,70,70,70,70,70,70,70,70,70,70,70,70,70,70,70,70,70,70,70],"card_choices":[{"not_picked":["Backflip","Quick Slash"],"picked":"All Out Attack","floor":1.0},{"not_picked":["Underhanded Strike","All Out Attack"],"picked":"Prepared","floor":2.0},{"not_picked":["Bane","Flechettes"],"picked":"Underhanded Strike","floor":3.0},{"not_picked":["Quick Slash","Dagger Throw"],"picked":"Dash","floor":7.0},{"not_picked":["Blade Dance","Outmaneuver"],"picked":"Dagger Spray","floor":12.0},{"not_picked":["Acrobatics","Dagger Throw"],"picked":"Leg Sweep","floor":13.0},{"not_picked":["All Out Attack","Flying Knee"],"picked":"PiercingWail","floor":14.0},{"not_picked":["Venomology","Unload"],"picked":"Bullet Time","floor":16},{"not_picked":["Quick Slash","Dagger Throw","Expertise"],"picked":"SKIP","floor":18},{"not_picked":["Cloak And Dagger","Dagger Spray","All Out Attack"],"picked":"SKIP","floor":19},{"not_picked":["Flying Knee+1","Sucker Punch"],"picked":"Cloak And Dagger+1","floor":21},{"not_picked":["Doppelganger","Riddle With Holes","Glass Knife"],"picked":"SKIP","floor":25},{"not_picked":["Flying Knee+1","Distraction","Quick Slash"],"picked":"SKIP","floor":30},{"not_picked":["Eviscerate","Sucker Punch"],"picked":"Blade Dance","floor":35},{"not_picked":["Dagger Throw","A Thousand Cuts"],"picked":"Cloak And Dagger","floor":38}],"player_experience":418373,"relics_obtained":[{"floor":7.0,"key":"Bottled Flame"},{"floor":9.0,"key":"Blue Candle"},{"floor":25,"key":"Happy Flower"},{"floor":26,"key":"Sundial"}],"event_choices":[{"cards_removed":["Strike_G"],"damage_healed":0.0,"max_hp_gain":0.0,"max_hp_loss":0.0,"gold_gain":0.0,"event_name":"The Cleric","player_choice":"Card Removal","floor":4.0,"gold_loss":50.0,"damage_taken":0.0},{"damage_healed":0.0,"max_hp_gain":0.0,"max_hp_loss":0.0,"gold_gain":175.0,"event_name":"Liars Game","player_choice":"AGREE","floor":10.0,"gold_loss":0.0,"damage_taken":0.0,"cards_obtained":["Doubt"]},{"damage_healed":0,"gold_gain":200,"player_choice":"Gold","damage_taken":0,"max_hp_gain":0,"max_hp_loss":0,"event_name":"Wheel of Change","floor":20,"gold_loss":0},{"damage_healed":0,"gold_gain":0,"player_choice":"Opened","damage_taken":0,"relics_obtained":["Shuriken"],"max_hp_gain":0,"max_hp_loss":0,"event_name":"The Mausoleum","floor":28,"gold_loss":0,"cards_obtained":["Writhe"]},{"damage_healed":0,"gold_gain":0,"player_choice":"Ignored","damage_taken":0,"max_hp_gain":0,"max_hp_loss":0,"event_name":"Tomb of Lord Red Mask","floor":36,"gold_loss":0}],"is_beta":false,"boss_relics":[{"not_picked":["Empty Cage","Ring of the Serpent"],"picked":"Astrolabe"},{"not_picked":["Runic Pyramid","Tiny House"],"picked":"Sozu"}],"items_purged_floors":[5,11],"is_endless":false,"potions_floor_spawned":[2,12,13,16,25,33,35],"killed_by":"Transient","ascension_level":12}