{"gold_per_floor":[113,288,253,253,266,310,325,325,325,325,344,412,412,435,435,435],"floor_reached":16,"playtime":647,"items_purged":[],"score":100,"play_id":"28de9bf3-1a01-4795-94bc-90ad7bec51f2","local_time":"20190530164555","is_ascension_mode":false,"campfire_choices":[{"floor":8,"key":"REST"},{"floor":10,"key":"REST"},{"floor":15,"key":"REST"}],"neow_cost":"PERCENT_DAMAGE","seed_source_timestamp":360635997420700,"circlet_count":0,"master_deck":["Defend_G","Defend_G","Defend_G","Defend_G","Defend_G","Strike_G","Strike_G","Strike_G","Strike_G","Strike_G","Survivor","Neutralize","Dramatic Entrance","Outmaneuver","Doubt","Injury","Predator","Dodge and Roll","Slice","Crippling Poison","Jack Of All Trades","Flying Knee"],"relics":["Ring of the Snake","Golden Idol","Sundial","Frozen Egg 2"],"potions_floor_usage":[16,16],"damage_taken":[{"damage":0,"enemies":"2 Louse","floor":1,"turns":3},{"damage":13,"enemies":"Jaw Worm","floor":5,"turns":7},{"damage":32,"enemies":"3 Sentries","floor":6,"turns":10},{"damage":4,"enemies":"Small Slimes","floor":7,"turns":3},{"damage":14,"enemies":"Looter","floor":11,"turns":4},{"damage":11,"enemies":"3 Louse","floor":14,"turns":2},{"damage":59,"enemies":"The Guardian","floor":16,"turns":10}],"seed_played":"-571640454878560961","potions_obtained":[{"floor":6,"key":"Strength Potion"},{"floor":11,"key":"LiquidBronze"}],"is_trial":false,"path_per_floor":["M","?","?","?","M","E","M","R","T","R","M","T","?","M","R","B"],"character_chosen":"THE_SILENT","items_purchased":[],"campfire_rested":3,"item_purchase_floors":[],"current_hp_per_floor":[49,49,66,66,53,21,17,38,38,59,45,45,45,34,55,0],"gold":435,"neow_bonus":"RANDOM_COLORLESS_2","is_prod":false,"is_daily":false,"chose_seed":false,"campfire_upgraded":0,"win_rate":0,"timestamp":1559252755,"path_taken":["M","?","?","?","M","E","M","R","T","R","M","?","?","M","R","BOSS"],"build_version":"2019-01-23","purchased_purges":0,"victory":false,"max_hp_per_floor":[70,70,70,70,70,70,70,70,70,70,70,70,70,70,70,70],"card_choices":[{"not_picked":["Slice","Sucker Punch"],"picked":"Outmaneuver","floor":1},{"not_picked":["Outmaneuver","Well Laid Plans"],"picked":"Predator","floor":5},{"not_picked":["Outmaneuver","Cloak And Dagger"],"picked":"Dodge and Roll","floor":6},{"not_picked":["Bane","Prepared"],"picked":"Slice","floor":7},{"not_picked":["Dagger Throw","Grand Finale"],"picked":"Crippling Poison","floor":11},{"not_picked":["Bane","Concentrate"],"picked":"Flying Knee","floor":14}],"player_experience":443865,"relics_obtained":[{"floor":6,"key":"Sundial"},{"floor":12,"key":"Frozen Egg 2"}],"event_choices":[{"damage_healed":0,"gold_gain":175,"player_choice":"AGREE","damage_taken":0,"max_hp_gain":0,"max_hp_loss":0,"event_name":"Liars Game","floor":2,"gold_loss":0,"cards_obtained":["Doubt"]},{"damage_healed":17,"gold_gain":0,"player_choice":"Healed","damage_taken":0,"max_hp_gain":0,"max_hp_loss":0,"event_name":"The Cleric","floor":3,"gold_loss":35},{"damage_healed":0,"gold_gain":0,"player_choice":"Take Wound","damage_taken":0,"relics_obtained":["Golden Idol"],"max_hp_gain":0,"max_hp_loss":0,"event_name":"Golden Idol","floor":4,"gold_loss":0,"cards_obtained":["Injury"]},{"damage_healed":0,"gold_gain":0,"cards_transformed":["Panacea"],"player_choice":"Transformed","damage_taken":0,"max_hp_gain":0,"max_hp_loss":0,"event_name":"Transmorgrifier","floor":13,"gold_loss":0,"cards_obtained":["Jack Of All Trades"]}],"is_beta":false,"boss_relics":[],"items_purged_floors":[],"is_endless":false,"potions_floor_spawned":[6,11],"killed_by":"The Guardian","ascension_level":0}