{"gold_per_floor":[369,385,25,25,25,25,51,51,98,124,124,141,66,82,82,155,155,171,171,188,188,208,208,227,240,264,264,274,274],"floor_reached":29,"playtime":1515,"items_purged":["Strike_R"],"score":435,"play_id":"454fb166-770a-4035-8966-5f4da6d37334","local_time":"20190519083330","is_ascension_mode":true,"campfire_choices":[{"data":"Twin Strike","floor":6,"key":"SMITH"},{"floor":8,"key":"REST"},{"data":"1","floor":11,"key":"LIFT"},{"data":"Rage","floor":15,"key":"SMITH"},{"floor":23,"key":"REST"},{"floor":27,"key":"REST"}],"neow_cost":"PERCENT_DAMAGE","seed_source_timestamp":923503492101,"circlet_count":0,"master_deck":["AscendersBane","Strike_R","Strike_R","Strike_R","Defend_R","Defend_R","Defend_R","Defend_R","Bash+1","Twin Strike+1","Inflame","Rage+1","Sword Boomerang","Double Tap","Seeing Red+1","Body Slam+1","Havoc+1","Dropkick","Pommel Strike"],"relics":["Burning Blood","Kunai","Anchor","Lantern","Girya","White Beast Statue","MutagenicStrength","Potion Belt"],"potions_floor_usage":[10,10,16,18,18,22,24,28,28,29],"damage_taken":[{"damage":7,"enemies":"Small Slimes","floor":1,"turns":4},{"damage":2,"enemies":"2 Louse","floor":2,"turns":3},{"damage":32,"enemies":"Gremlin Nob","floor":7,"turns":5},{"damage":40,"enemies":"Lagavulin","floor":10,"turns":5},{"damage":1,"enemies":"Cultist","floor":12,"turns":3},{"damage":2,"enemies":"Exordium Thugs","floor":14,"turns":3},{"damage":6,"enemies":"The Guardian","floor":16,"turns":9},{"damage":5,"enemies":"Shell Parasite","floor":18,"turns":5},{"damage":7,"enemies":"2 Thieves","floor":20,"turns":3},{"damage":38,"enemies":"Shelled Parasite and Fungi","floor":22,"turns":5},{"damage":31,"enemies":"Snecko","floor":24,"turns":6},{"damage":14,"enemies":"Centurion and Healer","floor":25,"turns":6},{"damage":25,"enemies":"3 Cultists","floor":28,"turns":5},{"damage":50,"enemies":"Gremlin Leader","floor":29,"turns":7}],"seed_played":"-3516975503269356015","potions_obtained":[{"floor":7,"key":"Swift Potion"},{"floor":12,"key":"Poison Potion"},{"floor":14,"key":"AttackPotion"},{"floor":16,"key":"SpeedPotion"},{"floor":18,"key":"EssenceOfSteel"},{"floor":20,"key":"SpeedPotion"},{"floor":22,"key":"Weak Potion"},{"floor":24,"key":"FearPotion"},{"floor":25,"key":"Regen Potion"},{"floor":28,"key":"Poison Potion"}],"is_trial":false,"path_per_floor":["M","M","$","?","?","R","E","R","T","E","R","M","$","M","R","B",null,"M","?","M","?","M","R","M","M","T","R","M","E"],"character_chosen":"IRONCLAD","items_purchased":["Kunai","Regen Potion"],"campfire_rested":3,"item_purchase_floors":[3,3],"current_hp_per_floor":[49,53,53,46,46,46,20,42,42,22,22,27,27,31,31,31,64,65,65,64,64,32,54,29,21,21,43,38,0],"gold":274,"neow_bonus":"TWO_FIFTY_GOLD","is_prod":false,"is_daily":false,"chose_seed":false,"campfire_upgraded":2,"win_rate":0,"timestamp":1558222410,"path_taken":["M","M","$","?","?","R","E","R","T","E","R","M","$","M","R","BOSS","M","?","M","?","M","R","?","M","T","R","M","E"],"build_version":"2019-05-07","purchased_purges":1,"victory":false,"max_hp_per_floor":[75,75,75,75,75,75,75,75,75,75,75,75,75,75,75,75,75,75,75,75,75,75,75,75,75,75,75,75,75],"card_choices":[{"not_picked":["Flex","Heavy Blade","Combust"],"picked":"SKIP","floor":1},{"not_picked":["True Grit","Iron Wave"],"picked":"Twin Strike","floor":2},{"not_picked":["Shrug It Off","Combust"],"picked":"Inflame","floor":7},{"not_picked":["Havoc","Combust"],"picked":"Rage","floor":10},{"not_picked":["Perfected Strike","Feel No Pain"],"picked":"Sword Boomerang","floor":12},{"not_picked":["Wild Strike","Armaments","Clash"],"picked":"SKIP","floor":14},{"not_picked":["Offering","Dark Embrace"],"picked":"Double Tap","floor":16},{"not_picked":["Corruption","Hemokinesis"],"picked":"Seeing Red+1","floor":18},{"not_picked":["Perfected Strike","Anger"],"picked":"Body Slam+1","floor":20},{"not_picked":["Wild Strike+1","Perfected Strike","Clothesline"],"picked":"SKIP","floor":22},{"not_picked":["Anger","Body Slam"],"picked":"Havoc+1","floor":24},{"not_picked":["Armaments","Cleave+1"],"picked":"Dropkick","floor":25},{"not_picked":["Twin Strike","Berserk"],"picked":"Pommel Strike","floor":28}],"player_experience":3282235,"relics_obtained":[{"floor":7,"key":"Anchor"},{"floor":9,"key":"Lantern"},{"floor":10,"key":"Girya"},{"floor":26,"key":"Potion Belt"}],"event_choices":[{"cards_removed":["Strike_R"],"damage_healed":0,"gold_gain":0,"player_choice":"Card Removal","damage_taken":7,"max_hp_gain":0,"max_hp_loss":0,"event_name":"Golden Wing","floor":4,"gold_loss":0},{"damage_healed":0,"gold_gain":0,"player_choice":"Grow","damage_taken":0,"max_hp_gain":0,"max_hp_loss":0,"event_name":"Living Wall","floor":5,"gold_loss":0,"cards_upgraded":["Bash"]},{"damage_healed":0,"gold_gain":0,"player_choice":"Inject Mutagens","damage_taken":0,"relics_obtained":["MutagenicStrength"],"max_hp_gain":0,"max_hp_loss":0,"event_name":"Drug Dealer","floor":19,"gold_loss":0},{"damage_healed":0,"gold_gain":0,"player_choice":"Ignored","damage_taken":0,"max_hp_gain":0,"max_hp_loss":0,"event_name":"N\u0027loth","floor":21,"gold_loss":0}],"is_beta":true,"boss_relics":[{"not_picked":["Cursed Key","Empty Cage"],"picked":"White Beast Statue"}],"items_purged_floors":[13],"is_endless":false,"potions_floor_spawned":[7,12,14,16,18,20,22,24,25,28],"killed_by":"Gremlin Leader","ascension_level":17}