{"gold_per_floor":[117,117,137,137,147,147,181,181,181,197,197,122,122,140,140,241,241,259,277,293,307,102,102,121,121,144,154,172,191,219,238,238,333,333,343,358,258,258,258,284,384,419,470,470,483,431,448,464,464,464,464,464,260,292,292],"floor_reached":56,"playtime":955,"items_purged":["Sweeping Beam","Dualcast+1"],"score":1683,"play_id":"fccc9e52-108b-40f1-8e04-b6ad92be248f","local_time":"20190327232327","is_ascension_mode":false,"campfire_choices":[{"data":"Zap","floor":6.0,"key":"SMITH"},{"data":"Dualcast","floor":8.0,"key":"SMITH"},{"floor":11.0,"key":"RECALL"},{"floor":15.0,"key":"REST"},{"floor":23,"key":"REST"},{"floor":25,"key":"REST"},{"floor":32,"key":"REST"},{"floor":49,"key":"REST"},{"floor":52,"key":"REST"}],"neow_cost":"NONE","seed_source_timestamp":1207444066824700,"circlet_count":0,"master_deck":["Zap+1"],"special_seed":0,"relics":["Pandora\u0027s Box","Unceasing Top","Blood Vial","Strawberry","Shuriken","Nuclear Battery","Medical Kit","Omamori","Philosopher\u0027s Stone","Centennial Puzzle","Du-Vu Doll","Whetstone","PreservedInsect","TheAbacus","Ginger"],"potions_floor_usage":[55,55,55],"damage_taken":[{"damage":11.0,"enemies":"2 Louse","floor":1.0,"turns":3.0},{"damage":6.0,"enemies":"Cultist","floor":3.0,"turns":3.0},{"damage":5.0,"enemies":"Small Slimes","floor":5.0,"turns":2.0},{"damage":12.0,"enemies":"Gremlin Nob","floor":7.0,"turns":3.0},{"damage":0.0,"enemies":"3 Louse","floor":10.0,"turns":1.0},{"damage":0.0,"enemies":"Looter","floor":14.0,"turns":1.0},{"damage":0,"enemies":"Hexaghost","floor":16,"turns":1},{"damage":0,"enemies":"Chosen","floor":18,"turns":1},{"damage":0,"enemies":"Spheric Guardian","floor":19,"turns":1},{"damage":0,"enemies":"Centurion and Healer","floor":20,"turns":1},{"damage":0,"enemies":"Chosen and Byrds","floor":21,"turns":1},{"damage":0,"enemies":"Snake Plant","floor":24,"turns":1},{"damage":0,"enemies":"Snecko","floor":27,"turns":1},{"damage":0,"enemies":"Sentry and Sphere","floor":28,"turns":1},{"damage":0,"enemies":"Snake Plant","floor":29,"turns":1},{"damage":0,"enemies":"Slavers","floor":30,"turns":1},{"damage":0,"enemies":"Snecko","floor":31,"turns":1},{"damage":0,"enemies":"Automaton","floor":33,"turns":1},{"damage":0,"enemies":"Orb Walker","floor":35,"turns":1},{"damage":0,"enemies":"3 Darklings","floor":36,"turns":1},{"damage":0,"enemies":"Nemesis","floor":40,"turns":1},{"damage":0,"enemies":"Mind Bloom Boss Battle","floor":41,"turns":1},{"damage":0,"enemies":"Reptomancer","floor":42,"turns":1},{"damage":0,"enemies":"4 Shapes","floor":45,"turns":1},{"damage":0,"enemies":"Writhing Mass","floor":47,"turns":1},{"damage":0,"enemies":"Sphere and 2 Shapes","floor":48,"turns":1},{"damage":0,"enemies":"Donu and Deca","floor":50,"turns":1},{"damage":0,"enemies":"Shield and Spear","floor":54,"turns":1},{"damage":1,"enemies":"The Heart","floor":55,"turns":3}],"seed_played":"14385","potions_obtained":[{"floor":5.0,"key":"SpeedPotion"},{"floor":7.0,"key":"Poison Potion"},{"floor":10.0,"key":"Poison Potion"},{"floor":28,"key":"PowerPotion"},{"floor":42,"key":"PowerPotion"}],"is_trial":false,"path_per_floor":["M","?","M","?","M","R","E","R","T","M","R","$","?","M","R","B",null,"M","M","M","M","$","R","M","R","T","M","M","M","E","M","R","B",null,"M","M","$","?","?","E","?","E","T","$","M","$","M","M","R","B",null,"R","$","E","B",null],"character_chosen":"DEFECT","items_purchased":["Medical Kit","PowerPotion","TheAbacus"],"campfire_rested":6,"item_purchase_floors":[22,46,53],"current_hp_per_floor":[64,52,46,46,43,43,40,40,40,42,42,42,47,49,75,77,87,87,87,87,87,87,87,87,87,87,87,87,87,87,87,87,87,87,87,87,87,87,87,87,87,87,87,87,87,87,87,87,87,87,87,87,87,87,86],"gold":292,"neow_bonus":"BOSS_RELIC","is_prod":false,"is_daily":false,"chose_seed":true,"campfire_upgraded":2,"win_rate":0,"timestamp":1553696607,"path_taken":["M","?","M","?","?","R","E","R","T","M","R","$","?","M","R","BOSS","M","M","M","M","$","R","M","R","T","M","M","M","E","M","R","BOSS","M","M","$","?","?","E","?","E","T","?","M","$","M","M","R","BOSS","R","$","E","BOSS"],"build_version":"2019-01-23","purchased_purges":2,"victory":true,"max_hp_per_floor":[75,75,75,75,75,75,82,82,82,82,82,82,87,87,87,87,87,87,87,87,87,87,87,87,87,87,87,87,87,87,87,87,87,87,87,87,87,87,87,87,87,87,87,87,87,87,87,87,87,87,87,87,87,87,87],"card_choices":[{"not_picked":["Beam Cell","Compile Driver"],"picked":"Sweeping Beam","floor":1.0},{"not_picked":["Glacier","Hologram","Blizzard"],"picked":"SKIP","floor":3.0},{"not_picked":["Gash","Sweeping Beam","Undo"],"picked":"SKIP","floor":5.0},{"not_picked":["Auto Shields","Ball Lightning","Streamline"],"picked":"SKIP","floor":7.0},{"not_picked":["Redo","Sweeping Beam","Reprogram"],"picked":"SKIP","floor":10.0},{"not_picked":["Coolheaded","Genetic Algorithm","Leap"],"picked":"SKIP","floor":14.0},{"not_picked":["Reprogram","White Noise","Hologram"],"picked":"SKIP","floor":18},{"not_picked":["Recycle","Lockon","Conserve Battery"],"picked":"SKIP","floor":19},{"not_picked":["Coolheaded","Chaos","Melter"],"picked":"SKIP","floor":20},{"not_picked":["Double Energy","Doom and Gloom+1","Capacitor+1"],"picked":"SKIP","floor":21},{"not_picked":["Redo","Static Discharge","Capacitor+1"],"picked":"SKIP","floor":24},{"not_picked":["Ball Lightning","Barrage","Consume"],"picked":"SKIP","floor":27},{"not_picked":["Tempest","Seek","Blizzard"],"picked":"SKIP","floor":28},{"not_picked":["Rebound","Turbo","Steam Power"],"picked":"SKIP","floor":29},{"not_picked":["Barrage","Melter","Multi-Cast"],"picked":"SKIP","floor":30},{"not_picked":["Rebound","Sweeping Beam+1","Self Repair"],"picked":"SKIP","floor":31},{"not_picked":["Gash","Tempest","Conserve Battery+1"],"picked":"SKIP","floor":35},{"not_picked":["Hologram","Barrage","Beam Cell+1"],"picked":"SKIP","floor":36},{"not_picked":["Hyperbeam","Recycle+1","Force Field"],"picked":"SKIP","floor":40},{"not_picked":["Force Field+1","Defragment","White Noise+1"],"picked":"SKIP","floor":42},{"not_picked":["Fusion","Redo+1","Gash"],"picked":"SKIP","floor":45},{"not_picked":["Undo+1","Barrage","Gash+1"],"picked":"SKIP","floor":47},{"not_picked":["Storm","Gash","Leap"],"picked":"SKIP","floor":48},{"not_picked":["Go for the Eyes+1","Lockon","Sunder"],"picked":"SKIP","floor":54}],"player_experience":4636278,"relics_obtained":[{"floor":4.0,"key":"Blood Vial"},{"floor":7.0,"key":"Strawberry"},{"floor":9.0,"key":"Shuriken"},{"floor":30,"key":"Omamori"},{"floor":40,"key":"Centennial Puzzle"},{"floor":41,"key":"Du-Vu Doll"},{"floor":42,"key":"Whetstone"},{"floor":43,"key":"PreservedInsect"},{"floor":54,"key":"Ginger"}],"event_choices":[{"damage_healed":0.0,"max_hp_gain":0.0,"max_hp_loss":0.0,"gold_gain":0.0,"event_name":"Scrap Ooze","player_choice":"Success","floor":2.0,"gold_loss":0.0,"damage_taken":12.0,"relics_obtained":["Unceasing Top"]},{"damage_healed":0.0,"max_hp_gain":0.0,"max_hp_loss":0.0,"gold_gain":0.0,"event_name":"Wheel of Change","player_choice":"Relic","floor":4.0,"gold_loss":0.0,"damage_taken":0.0},{"damage_healed":0.0,"max_hp_gain":5.0,"max_hp_loss":0.0,"gold_gain":0.0,"event_name":"Big Fish","player_choice":"Donut","floor":13.0,"gold_loss":0.0,"damage_taken":0.0},{"damage_healed":0,"gold_gain":0,"player_choice":"Memory 1","damage_taken":0,"max_hp_gain":0,"max_hp_loss":0,"event_name":"SensoryStone","floor":38,"gold_loss":0},{"damage_healed":0,"gold_gain":0,"player_choice":"Ignored","damage_taken":0,"max_hp_gain":0,"max_hp_loss":0,"event_name":"Tomb of Lord Red Mask","floor":39,"gold_loss":0},{"damage_healed":0,"gold_gain":0,"player_choice":"Fight","damage_taken":0,"max_hp_gain":0,"max_hp_loss":0,"event_name":"MindBloom","floor":41,"gold_loss":0}],"is_beta":false,"boss_relics":[{"not_picked":["Velvet Choker","Tiny House"],"picked":"Nuclear Battery"},{"not_picked":["Runic Dome","Cursed Key"],"picked":"Philosopher\u0027s Stone"}],"items_purged_floors":[12,37],"is_endless":false,"potions_floor_spawned":[5,7,10,16,18,21,24,28,30,31,40,42,47,48,54],"ascension_level":0}