{"gold_per_floor":[116,134,150,34,34,34,34,34,58,69,85,85,85],"floor_reached":13,"playtime":505,"items_purged":["Strike_B"],"score":139,"play_id":"757df219-588b-4eda-a1b8-4a8ae1a95e28","local_time":"20190413092712","is_ascension_mode":true,"campfire_choices":[{"data":"Zap","floor":6,"key":"SMITH"},{"data":"Hologram","floor":12,"key":"SMITH"}],"neow_cost":"PERCENT_DAMAGE","seed_source_timestamp":63214326004740,"circlet_count":0,"master_deck":["AscendersBane","Strike_B","Strike_B","Strike_B","Defend_B","Defend_B","Defend_B","Defend_B","Zap+1","Dualcast","Panache","Jack Of All Trades","Glacier","Hologram+1","Capacitor","Thunder Strike","Hologram"],"relics":["Cracked Core","Shuriken","Art of War"],"potions_floor_usage":[3,10],"damage_taken":[{"damage":6,"enemies":"Cultist","floor":1,"turns":3},{"damage":4,"enemies":"2 Louse","floor":2,"turns":4},{"damage":3,"enemies":"Small Slimes","floor":3,"turns":7},{"damage":23,"enemies":"Gremlin Gang","floor":10,"turns":5},{"damage":6,"enemies":"Looter","floor":11,"turns":3},{"damage":33,"enemies":"Gremlin Nob","floor":13,"turns":6}],"seed_played":"3214603462108207260","potions_obtained":[{"floor":1,"key":"Regen Potion"},{"floor":2,"key":"Block Potion"}],"is_trial":false,"path_per_floor":["M","M","M","$","T","R","?","?","T","M","M","R","E"],"character_chosen":"DEFECT","items_purchased":["Capacitor"],"campfire_rested":0,"item_purchase_floors":[4],"current_hp_per_floor":[40,36,48,48,48,48,48,71,71,48,42,42,9],"gold":85,"neow_bonus":"RANDOM_COLORLESS_2","is_prod":false,"is_daily":false,"chose_seed":false,"campfire_upgraded":2,"win_rate":0,"timestamp":1555115232,"path_taken":["M","M","M","$","?","R","?","?","T","?","M","R","E"],"build_version":"2019-04-04","purchased_purges":1,"victory":false,"max_hp_per_floor":[71,71,71,71,71,71,71,71,71,71,71,71,71],"card_choices":[{"not_picked":["Leap","Coolheaded"],"picked":"Glacier","floor":1},{"not_picked":["Hello World","Coolheaded"],"picked":"Hologram","floor":2},{"not_picked":["Turbo","Streamline"],"picked":"Chill","floor":3},{"not_picked":["Aggregate","Leap"],"picked":"Thunder Strike","floor":10},{"not_picked":["Stack","Melter"],"picked":"Hologram","floor":11}],"player_experience":2921347,"relics_obtained":[{"floor":5,"key":"Shuriken"},{"floor":9,"key":"Art of War"}],"event_choices":[{"damage_healed":0,"gold_gain":0,"player_choice":"Leave","damage_taken":0,"max_hp_gain":0,"max_hp_loss":0,"event_name":"The Cleric","floor":7,"gold_loss":0},{"cards_removed":["Chill"],"damage_healed":23,"gold_gain":0,"player_choice":"Offered Uncommon","damage_taken":0,"max_hp_gain":0,"max_hp_loss":0,"event_name":"Bonfire Elementals","floor":8,"gold_loss":0}],"is_beta":true,"boss_relics":[],"items_purged_floors":[4],"is_endless":false,"potions_floor_spawned":[1,2],"killed_by":"Gremlin Nob","ascension_level":17}