{"gold_per_floor":[19,36,55,205,205,205,221,221,221,250,325,325,345,362,362,433,433,447,447],"floor_reached":19,"playtime":1252,"items_purged":[],"score":296,"play_id":"2a69517a-16d6-4025-878b-a2c244be4215","local_time":"20181203235130","is_ascension_mode":true,"campfire_choices":[{"data":"Glass Knife","floor":6,"key":"SMITH"},{"floor":8,"key":"REST"},{"floor":12,"key":"REST"},{"data":"Neutralize","floor":15,"key":"SMITH"}],"neow_cost":"NO_GOLD","seed_source_timestamp":47793609855295,"circlet_count":0,"master_deck":["AscendersBane","Defend_G","Defend_G","Defend_G","Defend_G","Defend_G","Strike_G","Strike_G","Strike_G","Strike_G","Strike_G","Survivor","Neutralize+1","Glass Knife+1","Backflip","Well Laid Plans","Tools of the Trade","Doubt","Backflip","Well Laid Plans+1","Caltrops+1","Backflip+1","Corpse Explosion+1","Predator"],"relics":["Ring of the Snake","Frozen Egg 2","Toxic Egg 2","Paper Crane","HoveringKite"],"potions_floor_usage":[10],"damage_taken":[{"damage":0,"enemies":"Small Slimes","floor":1,"turns":3},{"damage":0,"enemies":"2 Louse","floor":2,"turns":3},{"damage":0,"enemies":"Jaw Worm","floor":3,"turns":4},{"damage":4,"enemies":"Blue Slaver","floor":7,"turns":5},{"damage":27,"enemies":"Lagavulin","floor":10,"turns":9},{"damage":1,"enemies":"2 Fungi Beasts","floor":13,"turns":4},{"damage":0,"enemies":"3 Louse","floor":14,"turns":5},{"damage":18,"enemies":"Hexaghost","floor":16,"turns":14},{"damage":17,"enemies":"2 Thieves","floor":18,"turns":2},{"damage":1,"enemies":"Shell Parasite","floor":19,"turns":8}],"seed_played":"-4529980824616963834","potions_obtained":[{"floor":2,"key":"Dexterity Potion"},{"floor":14,"key":"SkillPotion"},{"floor":16,"key":"Explosive Potion"}],"is_trial":false,"path_per_floor":["M","M","M","?","?","R","M","R","T","E","?","R","M","M","R","B",null,"M","M"],"character_chosen":"THE_SILENT","items_purchased":[],"campfire_rested":2,"item_purchase_floors":[],"current_hp_per_floor":[59,59,59,59,41,41,37,56,56,29,18,37,36,36,36,18,54,37,36],"gold":447,"neow_bonus":"THREE_RARE_CARDS","is_prod":false,"is_daily":false,"chose_seed":false,"campfire_upgraded":2,"win_rate":0,"timestamp":1543848690,"path_taken":["M","M","M","?","?","R","M","R","T","E","?","R","M","M","R","BOSS","M","M"],"build_version":"2018-11-15","purchased_purges":0,"victory":false,"max_hp_per_floor":[66,66,66,66,66,66,66,66,66,66,66,66,66,66,66,66,66,66,66],"card_choices":[{"not_picked":["Adrenaline","Venomology"],"picked":"Glass Knife","floor":0},{"not_picked":["Acrobatics","Quick Slash"],"picked":"Backflip","floor":1},{"not_picked":["PiercingWail","Skewer"],"picked":"Well Laid Plans","floor":2},{"not_picked":["Bane","Deadly Poison"],"picked":"Tools of the Trade","floor":3},{"not_picked":["Outmaneuver","Expertise"],"picked":"Backflip","floor":7},{"not_picked":["Underhanded Strike","Phantasmal Killer+1"],"picked":"Well Laid Plans+1","floor":10},{"not_picked":["Masterful Stab","Eviscerate"],"picked":"Caltrops+1","floor":13},{"not_picked":["Slice","Underhanded Strike"],"picked":"Backflip+1","floor":14},{"not_picked":["Doppelganger+1","Phantasmal Killer+1"],"picked":"Corpse Explosion+1","floor":16},{"not_picked":["Blade Dance+1","Poisoned Stab"],"picked":"Predator","floor":18}],"player_experience":2497718,"relics_obtained":[{"floor":9,"key":"Toxic Egg 2"},{"floor":10,"key":"Paper Crane"}],"event_choices":[{"damage_healed":0,"gold_gain":150,"player_choice":"AGREE","damage_taken":0,"max_hp_gain":0,"max_hp_loss":0,"event_name":"Liars Game","floor":4,"gold_loss":0,"cards_obtained":["Doubt"]},{"damage_healed":0,"gold_gain":0,"player_choice":"Success","damage_taken":18,"relics_obtained":["Frozen Egg 2"],"max_hp_gain":0,"max_hp_loss":0,"event_name":"Scrap Ooze","floor":5,"gold_loss":0},{"damage_healed":0,"gold_gain":75,"player_choice":"Gather Gold","damage_taken":11,"max_hp_gain":0,"max_hp_loss":0,"event_name":"World of Goop","floor":11,"gold_loss":0}],"is_beta":true,"boss_relics":[{"not_picked":["White Beast Statue","Fusion Hammer"],"picked":"HoveringKite"}],"items_purged_floors":[],"is_endless":false,"potions_floor_spawned":[2,14,16],"killed_by":"Shell Parasite","ascension_level":15}