{"gold_per_floor":[17,32,50,66,82,82,115,133,159,179,179,199,226,243,243,243],"floor_reached":16,"playtime":1001,"items_purged":[],"score":218,"play_id":"8a3cf636-6f31-4b8e-bcf2-a765cf6a9c7b","local_time":"20190503230642","is_ascension_mode":true,"campfire_choices":[{"data":"Armaments","floor":6.0,"key":"SMITH"},{"floor":11.0,"key":"REST"},{"data":"Offering","floor":15.0,"key":"SMITH"}],"neow_cost":"NO_GOLD","seed_source_timestamp":626932448758764,"circlet_count":0,"master_deck":["AscendersBane","Strike_R","Strike_R","Strike_R","Strike_R","Strike_R","Defend_R","Defend_R","Defend_R","Defend_R","Bash","Battle Trance","Clothesline","Feel No Pain","Body Slam","Armaments+1","Offering+1","Pommel Strike","Burning Pact","Rampage","Immolate","Shrug It Off"],"special_seed":0,"relics":["Burning Blood","Pen Nib","Red Skull","Bag of Preparation"],"potions_floor_usage":[],"damage_taken":[{"damage":1.0,"enemies":"Cultist","floor":1.0,"turns":3.0},{"damage":0.0,"enemies":"2 Louse","floor":2.0,"turns":5.0},{"damage":2.0,"enemies":"Small Slimes","floor":3.0,"turns":4.0},{"damage":19.0,"enemies":"3 Louse","floor":4.0,"turns":5.0},{"damage":29.0,"enemies":"Exordium Wildlife","floor":5.0,"turns":6.0},{"damage":30.0,"enemies":"Lagavulin","floor":7.0,"turns":7.0},{"damage":8.0,"enemies":"2 Fungi Beasts","floor":8.0,"turns":4.0},{"damage":6.0,"enemies":"Looter","floor":10.0,"turns":1.0},{"damage":14.0,"enemies":"Large Slime","floor":12.0,"turns":6.0},{"damage":11.0,"enemies":"3 Sentries","floor":13.0,"turns":7.0},{"damage":6.0,"enemies":"Blue Slaver","floor":14.0,"turns":3.0},{"damage":29,"enemies":"Slime Boss","floor":16,"turns":7}],"seed_played":"-3243090490907803367","potions_obtained":[{"floor":1.0,"key":"EssenceOfSteel"},{"floor":2.0,"key":"Strength Potion"},{"floor":10.0,"key":"Poison Potion"}],"is_trial":false,"path_per_floor":["M","M","M","M","M","R","E","M","T","M","R","M","E","M","R","B"],"character_chosen":"IRONCLAD","items_purchased":[],"campfire_rested":1,"item_purchase_floors":[],"current_hp_per_floor":[87,89,89,76,53,53,29,27,27,27,53,45,40,40,40,11],"gold":243,"neow_bonus":"TWENTY_PERCENT_HP_BONUS","is_prod":false,"is_daily":false,"chose_seed":false,"campfire_upgraded":2,"win_rate":0,"timestamp":1556892402,"path_taken":["M","M","M","M","M","R","E","M","T","M","R","M","E","M","R","BOSS"],"build_version":"2019-04-23","purchased_purges":0,"victory":false,"max_hp_per_floor":[89,89,89,89,89,89,89,89,89,89,89,89,89,89,89,89],"card_choices":[{"not_picked":["Body Slam","Combust"],"picked":"Battle Trance","floor":1.0},{"not_picked":["Blood for Blood","Anger"],"picked":"Clothesline","floor":2.0},{"not_picked":["Burning Pact","Cleave"],"picked":"Feel No Pain","floor":3.0},{"not_picked":["Wild Strike","Clothesline"],"picked":"Body Slam","floor":4.0},{"not_picked":["Warcry","Searing Blow"],"picked":"Armaments","floor":5.0},{"not_picked":["Uppercut","Iron Wave"],"picked":"Offering","floor":7.0},{"not_picked":["Armaments","Cleave"],"picked":"Pommel Strike","floor":8.0},{"not_picked":["Fire Breathing","Iron Wave"],"picked":"Burning Pact","floor":10.0},{"not_picked":["Wild Strike","Clash"],"picked":"Rampage","floor":12.0},{"not_picked":["True Grit","Rupture"],"picked":"Immolate","floor":13.0},{"not_picked":["Entrench","Clash"],"picked":"Shrug It Off","floor":14.0}],"player_experience":3150332,"relics_obtained":[{"floor":7.0,"key":"Pen Nib"},{"floor":9.0,"key":"Red Skull"},{"floor":13.0,"key":"Bag of Preparation"}],"event_choices":[],"is_beta":true,"boss_relics":[],"items_purged_floors":[],"is_endless":false,"potions_floor_spawned":[1,2,3,10],"killed_by":"Slime Boss","ascension_level":17}