{"gold_per_floor":[115,190,190,31,42,75,75,102,102,128,128,28,44,54,54,128,128,146,146,162,180,180,180],"floor_reached":23,"playtime":1412,"items_purged":["Strike_B","Strike_B"],"score":525,"play_id":"1b11db32-98cd-4db1-b230-560fda3323c4","local_time":"20190413153945","is_ascension_mode":true,"campfire_choices":[{"data":"Fusion","floor":7,"key":"SMITH"},{"floor":11,"key":"REST"},{"data":"Zap","floor":15,"key":"SMITH"}],"neow_cost":"NONE","seed_source_timestamp":84661316021092,"circlet_count":0,"master_deck":["AscendersBane","Strike_B","Defend_B","Defend_B","Defend_B","Defend_B","Zap+1","Dualcast","Reinforced Body","Fusion+1","Biased Cognition","Defragment","Cold Snap","Glacier","Gash","Defragment","Meteor Strike","Gash","Hologram","Self Repair"],"relics":["Cracked Core","NeowsBlessing","Singing Bowl","Unceasing Top","Lantern","Sundial","Nuclear Battery"],"potions_floor_usage":[16,23,23],"damage_taken":[{"damage":0,"enemies":"2 Louse","floor":1,"turns":1},{"damage":0,"enemies":"Jaw Worm","floor":5,"turns":1},{"damage":0,"enemies":"Lagavulin","floor":6,"turns":1},{"damage":29,"enemies":"3 Sentries","floor":8,"turns":13},{"damage":16,"enemies":"Lagavulin","floor":10,"turns":10},{"damage":0,"enemies":"Cultist","floor":13,"turns":3},{"damage":0,"enemies":"Looter","floor":14,"turns":4},{"damage":0,"enemies":"The Guardian","floor":16,"turns":19},{"damage":0,"enemies":"2 Thieves","floor":18,"turns":3},{"damage":11,"enemies":"Chosen","floor":20,"turns":6},{"damage":5,"enemies":"Shelled Parasite and Fungi","floor":21,"turns":6},{"damage":49,"enemies":"Slavers","floor":23,"turns":5}],"seed_played":"-8398393944978688826","potions_obtained":[{"floor":6,"key":"Dexterity Potion"},{"floor":8,"key":"SpeedPotion"},{"floor":10,"key":"FocusPotion"},{"floor":20,"key":"Block Potion"}],"is_trial":false,"path_per_floor":["M","?","?","$","M","E","R","E","T","E","R","$","M","M","R","B",null,"M","T","M","M","?","E"],"character_chosen":"DEFECT","items_purchased":["Biased Cognition"],"campfire_rested":1,"item_purchase_floors":[4],"current_hp_per_floor":[64,53,53,53,53,53,53,24,24,10,31,31,31,31,31,31,63,63,63,52,47,47,0],"gold":180,"neow_bonus":"THREE_ENEMY_KILL","is_prod":false,"is_daily":false,"chose_seed":false,"campfire_upgraded":2,"win_rate":0,"timestamp":1555137585,"path_taken":["M","?","?","?","M","E","R","E","T","E","R","$","M","M","R","BOSS","M","?","M","M","?","E"],"build_version":"2019-04-04","purchased_purges":2,"victory":false,"max_hp_per_floor":[71,71,71,71,71,71,71,71,71,73,73,73,73,73,73,73,73,73,73,73,73,73,73],"card_choices":[{"not_picked":["Go for the Eyes","Compile Driver"],"picked":"Reinforced Body","floor":1},{"not_picked":["Scrape","Steam"],"picked":"Defragment","floor":5},{"not_picked":["Beam Cell","Rainbow"],"picked":"Cold Snap","floor":6},{"not_picked":["Streamline","Conserve Battery"],"picked":"Glacier","floor":8},{"not_picked":["Meteor Strike","Redo","Rip and Tear"],"picked":"Singing Bowl","floor":10},{"not_picked":["Auto Shields","Tempest"],"picked":"Gash","floor":13},{"not_picked":["Chaos","Compile Driver"],"picked":"Defragment","floor":14},{"not_picked":["Creative AI","Electrodynamics"],"picked":"Meteor Strike","floor":16},{"not_picked":["Compile Driver","Sweeping Beam"],"picked":"Gash","floor":18},{"not_picked":["Steam","Lockon"],"picked":"Hologram","floor":20},{"not_picked":["Conserve Battery","Steam"],"picked":"Self Repair","floor":21}],"player_experience":2924919,"relics_obtained":[{"floor":6,"key":"Singing Bowl"},{"floor":8,"key":"Unceasing Top"},{"floor":9,"key":"Lantern"},{"floor":10,"key":"Sundial"}],"event_choices":[{"damage_healed":0,"gold_gain":75,"player_choice":"Gather Gold","damage_taken":11,"max_hp_gain":0,"max_hp_loss":0,"event_name":"World of Goop","floor":2,"gold_loss":0},{"damage_healed":0,"gold_gain":0,"cards_transformed":["Strike_B"],"player_choice":"Change","damage_taken":0,"max_hp_gain":0,"max_hp_loss":0,"event_name":"Living Wall","floor":3,"gold_loss":0,"cards_obtained":["Fusion"]},{"damage_healed":0,"gold_gain":0,"player_choice":"Ignored","damage_taken":0,"max_hp_gain":0,"max_hp_loss":0,"event_name":"Vampires","floor":22,"gold_loss":0}],"is_beta":true,"boss_relics":[{"not_picked":["Pandora\u0027s Box","Philosopher\u0027s Stone"],"picked":"Nuclear Battery"}],"items_purged_floors":[4,12],"is_endless":false,"potions_floor_spawned":[6,8,10,13,14,20,21],"killed_by":"Slavers","ascension_level":17}