{"gold_per_floor":[110,35,35,35,45,45,60,89,89,99,116,116,66,80,80,176,176,194,111,130,0,10,10,10,10,10,10,27,27],"floor_reached":29,"playtime":1725,"items_purged":["Parasite","Strike_R","Strike_R","Defend_R"],"score":326,"play_id":"8703007d-382a-4476-9492-a7f469cdb5d6","local_time":"20190602182752","is_ascension_mode":true,"campfire_choices":[{"data":"Entrench","floor":6.0,"key":"SMITH"},{"floor":12.0,"key":"REST"},{"floor":15.0,"key":"REST"},{"floor":23.0,"key":"REST"},{"floor":25.0,"key":"REST"},{"floor":27.0,"key":"REST"}],"neow_cost":"CURSE","seed_source_timestamp":0,"circlet_count":0,"master_deck":["Strike_R","Strike_R","Defend_R","Defend_R","Bash","Entrench+1","Dropkick","Shrug It Off","Thunderclap","Headbutt","Pommel Strike+1","Thunderclap+1","Pommel Strike+1","Double Tap","Shrug It Off+1","Ghostly Armor","Inflame","Shrug It Off+1"],"special_seed":0,"relics":["Burning Blood","Question Card","Molten Egg 2","Lizard Tail","Nloth\u0027s Gift","Thread and Needle"],"potions_floor_usage":[],"damage_taken":[{"damage":7.0,"enemies":"2 Louse","floor":1.0,"turns":3.0},{"damage":14.0,"enemies":"Jaw Worm","floor":5.0,"turns":5.0},{"damage":0.0,"enemies":"Cultist","floor":7.0,"turns":2.0},{"damage":44.0,"enemies":"Lagavulin","floor":8.0,"turns":11.0},{"damage":17.0,"enemies":"Red Slaver","floor":10.0,"turns":6.0},{"damage":9.0,"enemies":"3 Louse","floor":11.0,"turns":3.0},{"damage":11.0,"enemies":"Looter","floor":14.0,"turns":3.0},{"damage":33.0,"enemies":"Slime Boss","floor":16.0,"turns":8.0},{"damage":14.0,"enemies":"2 Thieves","floor":18.0,"turns":3.0},{"damage":19.0,"enemies":"Chosen","floor":20.0,"turns":5.0},{"damage":39.0,"enemies":"Sentry and Sphere","floor":22.0,"turns":6.0},{"damage":36.0,"enemies":"Chosen and Byrds","floor":28.0,"turns":7.0},{"damage":98,"enemies":"Gremlin Leader","floor":29,"turns":9}],"seed_played":"809646271619997108","potions_obtained":[{"floor":5.0,"key":"Weak Potion"},{"floor":11.0,"key":"EssenceOfSteel"},{"floor":14.0,"key":"Fire Potion"},{"floor":16.0,"key":"EssenceOfSteel"},{"floor":20.0,"key":"EssenceOfSteel"},{"floor":22.0,"key":"Poison Potion"}],"is_trial":false,"path_per_floor":["M","$","?","?","M","R","M","E","T","M","M","R","$","M","R","B",null,"M","$","M","$","M","R","?","R","T","R","M","E"],"character_chosen":"IRONCLAD","items_purchased":["Ghostly Armor","Inflame"],"campfire_rested":5,"item_purchase_floors":[19,21],"current_hp_per_floor":[71,71,53,77,69,69,75,37,37,26,23,46,46,41,64,37,67,59,59,46,46,13,36,36,59,59,77,47,0],"gold":27,"neow_bonus":"TRANSFORM_TWO_CARDS","is_prod":false,"is_daily":false,"chose_seed":false,"campfire_upgraded":1,"win_rate":0,"timestamp":1559514472,"path_taken":["M","$","?","?","M","R","M","E","T","M","M","R","$","M","R","BOSS","M","$","M","$","M","R","?","R","T","R","M","E"],"build_version":"2019-01-23","purchased_purges":4,"victory":false,"max_hp_per_floor":[80,77,77,77,77,77,77,77,77,77,77,77,77,77,77,77,77,77,77,77,77,77,77,77,77,77,77,77,77],"card_choices":[{"not_picked":["Havoc","Perfected Strike","Anger"],"picked":"SKIP","floor":1.0},{"not_picked":["Hemokinesis","Perfected Strike","Cleave"],"picked":"Shrug It Off","floor":5.0},{"not_picked":["Havoc","Armaments","Spot Weakness"],"picked":"Thunderclap","floor":7.0},{"not_picked":["Berserk","Bloodletting","Battle Trance"],"picked":"Headbutt","floor":8.0},{"not_picked":["True Grit","Rupture","Whirlwind+1"],"picked":"Pommel Strike+1","floor":10.0},{"not_picked":["Wild Strike+1","Pummel+1","Armaments"],"picked":"Thunderclap+1","floor":11.0},{"not_picked":["Shrug It Off","Heavy Blade+1","Dual Wield"],"picked":"Pommel Strike+1","floor":14.0},{"not_picked":["Barricade","Immolate+1","Dark Embrace"],"picked":"Double Tap","floor":16.0},{"not_picked":["Clash+1","Whirlwind+1","Metallicize"],"picked":"Shrug It Off+1","floor":18.0},{"not_picked":["Hemokinesis+1","Armaments","Clothesline+1","Wild Strike+1"],"picked":"SKIP","floor":20.0},{"not_picked":["Combust","Second Wind+1","Sentinel"],"picked":"Shrug It Off+1","floor":22.0},{"not_picked":["Second Wind","Armaments","Iron Wave+1","Body Slam+1"],"picked":"SKIP","floor":28.0}],"player_experience":365372,"relics_obtained":[{"floor":8.0,"key":"Smiling Mask"},{"floor":9.0,"key":"Molten Egg 2"},{"floor":26.0,"key":"Thread and Needle"}],"event_choices":[{"damage_healed":0.0,"max_hp_gain":0.0,"max_hp_loss":0.0,"gold_gain":0.0,"event_name":"Scrap Ooze","player_choice":"Success","floor":3.0,"gold_loss":0.0,"damage_taken":18.0,"relics_obtained":["Question Card"]},{"damage_healed":25.0,"max_hp_gain":0.0,"max_hp_loss":0.0,"gold_gain":0.0,"event_name":"Big Fish","player_choice":"Banana","floor":4.0,"gold_loss":0.0,"damage_taken":0.0},{"damage_healed":0.0,"max_hp_gain":0.0,"max_hp_loss":0.0,"gold_gain":0.0,"event_name":"N\u0027loth","player_choice":"Traded Relic","floor":24.0,"relics_lost":["Smiling Mask"],"gold_loss":0.0,"damage_taken":0.0,"relics_obtained":["Nloth\u0027s Gift"]}],"is_beta":false,"boss_relics":[{"not_picked":["Orrery","Ectoplasm"],"picked":"Lizard Tail"}],"items_purged_floors":[2,13,19,21],"is_endless":false,"potions_floor_spawned":[5,11,14,16,20,22],"killed_by":"Gremlin Leader","ascension_level":9}