{"gold_per_floor":[16,33,46,58,68,68,100,110,161,191,191,223,223,261,261,261],"floor_reached":16,"playtime":465,"items_purged":[],"score":264,"play_id":"19885542-6790-4341-b964-0996ddcdc222","local_time":"20190425015848","is_ascension_mode":true,"campfire_choices":[{"data":"Consume","floor":6.0,"key":"SMITH"},{"floor":11.0,"key":"REST"},{"data":"Storm","floor":15,"key":"SMITH"}],"neow_cost":"NO_GOLD","seed_source_timestamp":341528334005500,"circlet_count":0,"master_deck":["AscendersBane","Strike_B","Strike_B","Strike_B","Defend_B","Defend_B","Defend_B","Zap","Dualcast","Sunder","Storm+1","Reinforced Body","Static Discharge","Consume+1","Heatsinks","Genetic Algorithm","Loop","Turbo"],"special_seed":0,"relics":["Cracked Core","Centennial Puzzle","DataDisk","Mercury Hourglass","Ornamental Fan","Golden Idol","Bag of Marbles"],"potions_floor_usage":[16],"damage_taken":[{"damage":1.0,"enemies":"Small Slimes","floor":1.0,"turns":3.0},{"damage":0.0,"enemies":"2 Louse","floor":2.0,"turns":2.0},{"damage":0.0,"enemies":"Cultist","floor":3.0,"turns":3.0},{"damage":16.0,"enemies":"Exordium Wildlife","floor":4.0,"turns":4.0},{"damage":4.0,"enemies":"2 Fungi Beasts","floor":5.0,"turns":3.0},{"damage":1.0,"enemies":"Lagavulin","floor":7.0,"turns":7.0},{"damage":9.0,"enemies":"Red Slaver","floor":8.0,"turns":4.0},{"damage":13.0,"enemies":"3 Sentries","floor":10.0,"turns":4.0},{"damage":23.0,"enemies":"Gremlin Nob","floor":12.0,"turns":4.0},{"damage":15,"enemies":"Lagavulin","floor":14,"turns":7},{"damage":9,"enemies":"Slime Boss","floor":16,"turns":4}],"seed_played":"-3599599545587000144","potions_obtained":[{"floor":2.0,"key":"AttackPotion"},{"floor":3.0,"key":"FearPotion"},{"floor":14,"key":"FearPotion"}],"is_trial":false,"path_per_floor":["M","M","M","M","M","R","E","M","T","E","R","E","?","E","R","B"],"character_chosen":"DEFECT","items_purchased":[],"campfire_rested":1,"item_purchase_floors":[],"current_hp_per_floor":[63,63,63,47,43,43,42,33,33,20,41,18,18,3,3,0],"gold":261,"neow_bonus":"REMOVE_TWO","is_prod":false,"is_daily":false,"chose_seed":false,"campfire_upgraded":2,"win_rate":0,"timestamp":1556125128,"path_taken":["M","M","M","M","M","R","E","M","T","E","R","E","?","E","R","BOSS"],"build_version":"2019-01-23","purchased_purges":0,"victory":false,"max_hp_per_floor":[71,71,71,71,71,71,71,71,71,71,71,71,64,64,64,64],"card_choices":[{"not_picked":["Streamline","Stack"],"picked":"Sunder","floor":1.0},{"not_picked":["Sweeping Beam","Hello World"],"picked":"Storm","floor":2.0},{"not_picked":["Barrage","Double Energy"],"picked":"Reinforced Body","floor":3.0},{"not_picked":["White Noise","Sunder"],"picked":"Static Discharge","floor":4.0},{"not_picked":["Stack","Cold Snap"],"picked":"Consume","floor":5.0},{"not_picked":["Rebound","Gash","Redo"],"picked":"SKIP","floor":7.0},{"not_picked":["Ball Lightning","Compile Driver"],"picked":"Heatsinks","floor":8.0},{"not_picked":["Reboot","Skim"],"picked":"Genetic Algorithm","floor":10.0},{"not_picked":["Sweeping Beam","Heatsinks"],"picked":"Loop","floor":12.0},{"not_picked":["Sunder","Undo"],"picked":"Turbo","floor":14}],"player_experience":4845140,"relics_obtained":[{"floor":7.0,"key":"Centennial Puzzle"},{"floor":9.0,"key":"DataDisk"},{"floor":10.0,"key":"Mercury Hourglass"},{"floor":12.0,"key":"Ornamental Fan"},{"floor":14,"key":"Bag of Marbles"}],"event_choices":[{"damage_healed":0.0,"max_hp_gain":0.0,"max_hp_loss":7.0,"gold_gain":0.0,"event_name":"Golden Idol","player_choice":"Lose Max HP","floor":13.0,"gold_loss":0.0,"damage_taken":0.0,"relics_obtained":["Golden Idol"]}],"is_beta":false,"boss_relics":[],"items_purged_floors":[],"is_endless":false,"potions_floor_spawned":[2,3,5,7,14],"killed_by":"Slime Boss","ascension_level":20}