{"gold_per_floor":[148,148,160,189,201,213,300,312,399,424,466,489,501,529,541,628,640,666,698,710,722,746,758,781,793,805,828,840,33,48,78,78,155,155,167,167,187,77,90,90,122,122,176,176,191,221,221,251,251,251,251,251,2,37,37],"floor_reached":55,"playtime":5186,"items_purged":[],"score":1533,"play_id":"9d3e355c-bdc4-4adc-a2b3-45a9016c9627","local_time":"20190513073755","is_ascension_mode":true,"campfire_choices":[{"data":"Neutralize","floor":6.0,"key":"SMITH"},{"data":"Flechettes","floor":8.0,"key":"SMITH"},{"data":"Deadly Poison","floor":13.0,"key":"SMITH"},{"data":"Crippling Poison","floor":15.0,"key":"SMITH"},{"floor":23.0,"key":"REST"},{"data":"Malaise","floor":25.0,"key":"SMITH"},{"floor":28.0,"key":"REST"},{"data":"Cloak And Dagger","floor":32.0,"key":"SMITH"},{"data":"Bullet Time","floor":40.0,"key":"SMITH"},{"data":"Calculated Gamble","floor":42.0,"key":"SMITH"},{"data":"Malaise","floor":44.0,"key":"SMITH"},{"floor":49.0,"key":"RECALL"},{"data":"Catalyst","floor":52.0,"key":"SMITH"}],"neow_cost":"NONE","seed_source_timestamp":1430642095357524,"circlet_count":0,"master_deck":["AscendersBane","Defend_G","Defend_G","Defend_G","Defend_G","Defend_G","Strike_G","Survivor","Neutralize+1","Flying Knee","Flechettes+1","Escape Plan","Deadly Poison+1","Expertise","Crippling Poison+1","Bullet Time+1","Outmaneuver","Cloak And Dagger+1","Malaise+1","Grand Finale","Predator","Leg Sweep","Backflip","Bullet Time+1","Noxious Fumes","Crippling Poison","Malaise+1","Cloak And Dagger+1","PiercingWail","Blade Dance+1","Calculated Gamble+1","Blur","Catalyst+1","Deflect+1"],"special_seed":0,"relics":["Ring of the Snake","Tiny Chest","MawBank","Sundial","Odd Mushroom","Runic Pyramid","Kunai","Gremlin Horn","Happy Flower","DollysMirror","PreservedInsect","White Beast Statue","Snake Skull","Regal Pillow","Shuriken","Blue Candle","Bronze Scales","Pen Nib"],"potions_floor_usage":[55],"damage_taken":[{"damage":1.0,"enemies":"Cultist","floor":1.0,"turns":5.0},{"damage":4.0,"enemies":"Small Slimes","floor":4.0,"turns":5.0},{"damage":0.0,"enemies":"Jaw Worm","floor":10.0,"turns":4.0},{"damage":10.0,"enemies":"The Mushroom Lair","floor":11.0,"turns":6.0},{"damage":1.0,"enemies":"Blue Slaver","floor":12.0,"turns":4.0},{"damage":0.0,"enemies":"3 Louse","floor":14.0,"turns":3.0},{"damage":14.0,"enemies":"Hexaghost","floor":16.0,"turns":10.0},{"damage":6.0,"enemies":"2 Thieves","floor":18.0,"turns":4.0},{"damage":0.0,"enemies":"3 Byrds","floor":19.0,"turns":4.0},{"damage":12.0,"enemies":"Colosseum Slavers","floor":21.0,"turns":6.0},{"damage":14.0,"enemies":"Sentry and Sphere","floor":22.0,"turns":6.0},{"damage":7.0,"enemies":"Centurion and Healer","floor":24.0,"turns":5.0},{"damage":11.0,"enemies":"Snake Plant","floor":27.0,"turns":5.0},{"damage":0.0,"enemies":"3 Cultists","floor":30.0,"turns":5.0},{"damage":6.0,"enemies":"Book of Stabbing","floor":31.0,"turns":7.0},{"damage":0.0,"enemies":"Automaton","floor":33.0,"turns":11.0},{"damage":0.0,"enemies":"3 Shapes","floor":35.0,"turns":5.0},{"damage":7.0,"enemies":"Orb Walker","floor":37.0,"turns":5.0},{"damage":1.0,"enemies":"Writhing Mass","floor":39.0,"turns":8.0},{"damage":1.0,"enemies":"Reptomancer","floor":41.0,"turns":8.0},{"damage":0.0,"enemies":"Transient","floor":45.0,"turns":6.0},{"damage":0.0,"enemies":"Nemesis","floor":46.0,"turns":7.0},{"damage":0.0,"enemies":"Giant Head","floor":48.0,"turns":7.0},{"damage":13.0,"enemies":"Time Eater","floor":50.0,"turns":17.0},{"damage":23.0,"enemies":"Shield and Spear","floor":54.0,"turns":7.0},{"damage":56,"enemies":"The Heart","floor":55,"turns":2}],"seed_played":"-7855157151210427457","potions_obtained":[{"floor":1.0,"key":"FearPotion"},{"floor":11.0,"key":"Poison Potion"},{"floor":14.0,"key":"GhostInAJar"},{"floor":19.0,"key":"AttackPotion"},{"floor":22.0,"key":"Fire Potion"},{"floor":27.0,"key":"FairyPotion"},{"floor":31.0,"key":"Energy Potion"},{"floor":39.0,"key":"GamblersBrew"},{"floor":41.0,"key":"Block Potion"},{"floor":45.0,"key":"Energy Potion"},{"floor":46.0,"key":"FearPotion"},{"floor":54.0,"key":"LiquidBronze"}],"is_trial":false,"path_per_floor":["M","T","?","M","?","R","?","R","T","M","?","M","R","M","R","B",null,"M","M","?","?","M","R","M","R","T","M","R","$","M","E","R","B",null,"M","?","M","?","M","R","E","R","T","R","M","E","T","E","R","B",null,"R","$","E","B"],"character_chosen":"THE_SILENT","items_purchased":["Gremlin Horn","Happy Flower","DollysMirror","Noxious Fumes","GhostInAJar","Bronze Scales","GamblersBrew"],"campfire_rested":2,"item_purchase_floors":[29,29,29,29,29,53,53],"current_hp_per_floor":[58,58,58,54,59,59,48,48,48,48,38,37,37,37,37,23,59,53,53,53,41,27,48,41,41,41,30,51,51,51,45,45,45,65,65,65,58,58,57,57,56,56,56,56,56,56,56,56,56,43,64,64,64,41,0],"gold":37,"neow_bonus":"RANDOM_COMMON_RELIC","is_prod":false,"is_daily":false,"chose_seed":false,"campfire_upgraded":10,"win_rate":0,"timestamp":1557700675,"path_taken":["M","?","?","M","?","R","?","R","T","M","?","?","R","M","R","BOSS","M","M","?","?","M","R","M","R","T","M","R","$","M","E","R","BOSS","M","?","M","?","?","R","E","R","T","R","M","E","?","E","R","BOSS","R","$","E","BOSS"],"build_version":"2019-05-07","purchased_purges":0,"victory":false,"max_hp_per_floor":[66,66,66,66,71,71,71,71,71,71,71,71,71,71,71,71,71,71,71,71,71,71,71,71,71,71,71,71,71,71,71,71,71,71,71,71,71,71,71,71,71,71,71,71,71,71,71,71,71,71,71,71,71,71,71],"card_choices":[{"not_picked":["Escape Plan","Quick Slash"],"picked":"Flying Knee","floor":1.0},{"not_picked":["Catalyst","Infinite Blades"],"picked":"Flechettes","floor":4.0},{"not_picked":["Tactician","Bouncing Flask"],"picked":"Escape Plan","floor":10.0},{"not_picked":["Accuracy","Bane"],"picked":"Deadly Poison","floor":11.0},{"not_picked":["Setup","Flechettes"],"picked":"Expertise","floor":12.0},{"not_picked":["Dagger Throw","Sucker Punch"],"picked":"Crippling Poison","floor":14.0},{"not_picked":["Malaise","Unload"],"picked":"Bullet Time","floor":16.0},{"not_picked":["Quick Slash","Flying Knee"],"picked":"Outmaneuver","floor":18.0},{"not_picked":["Well Laid Plans+1","Eviscerate"],"picked":"Cloak And Dagger","floor":19.0},{"not_picked":["Backflip","Eviscerate+1"],"picked":"Predator","floor":22.0},{"not_picked":["Dagger Spray","Terror"],"picked":"Leg Sweep","floor":24.0},{"not_picked":["Crippling Poison","Flying Knee"],"picked":"Backflip","floor":27.0},{"not_picked":["Blade Dance","Prepared","Deadly Poison+1"],"picked":"SKIP","floor":30.0},{"not_picked":["Dagger Throw","Blade Dance"],"picked":"Crippling Poison","floor":31.0},{"not_picked":["Doppelganger","Adrenaline"],"picked":"Malaise","floor":33.0},{"not_picked":["Reflex","Quick Slash+1"],"picked":"Cloak And Dagger+1","floor":35.0},{"not_picked":["Acrobatics","Blade Dance"],"picked":"PiercingWail","floor":37.0},{"not_picked":["Noxious Fumes","Sucker Punch"],"picked":"Blade Dance+1","floor":39.0},{"not_picked":["Riddle With Holes","Setup"],"picked":"Calculated Gamble","floor":41.0},{"not_picked":["Finisher","Acrobatics"],"picked":"Blur","floor":45.0},{"not_picked":["Adrenaline","Deadly Poison"],"picked":"Catalyst","floor":46.0},{"not_picked":["Blade Dance","Poisoned Stab"],"picked":"Deflect+1","floor":48.0},{"not_picked":["Sucker Punch","Dodge and Roll","Dagger Spray"],"picked":"SKIP","floor":54.0}],"player_experience":3215414,"relics_obtained":[{"floor":2.0,"key":"MawBank"},{"floor":9.0,"key":"Sundial"},{"floor":11.0,"key":"Odd Mushroom"},{"floor":26.0,"key":"Kunai"},{"floor":31.0,"key":"PreservedInsect"},{"floor":41.0,"key":"Snake Skull"},{"floor":46.0,"key":"Regal Pillow"},{"floor":47.0,"key":"Shuriken"},{"floor":48.0,"key":"Blue Candle"},{"floor":54.0,"key":"Pen Nib"}],"event_choices":[{"cards_removed":["Strike_G"],"damage_healed":0.0,"max_hp_gain":0.0,"max_hp_loss":0.0,"gold_gain":0.0,"event_name":"Living Wall","player_choice":"Forget","floor":3.0,"gold_loss":0.0,"damage_taken":0.0},{"damage_healed":0.0,"max_hp_gain":5.0,"max_hp_loss":0.0,"gold_gain":0.0,"event_name":"Big Fish","player_choice":"Donut","floor":5.0,"gold_loss":0.0,"damage_taken":0.0},{"damage_healed":0.0,"max_hp_gain":0.0,"max_hp_loss":0.0,"gold_gain":75.0,"event_name":"World of Goop","player_choice":"Gather Gold","floor":7.0,"gold_loss":0.0,"damage_taken":11.0},{"damage_healed":0.0,"max_hp_gain":0.0,"max_hp_loss":0.0,"gold_gain":0.0,"event_name":"Mushrooms","player_choice":"Fought Mushrooms","floor":11.0,"gold_loss":0.0,"damage_taken":0.0},{"damage_healed":0.0,"max_hp_gain":0.0,"max_hp_loss":0.0,"gold_gain":0.0,"cards_transformed":["Strike_G","Strike_G"],"event_name":"Drug Dealer","player_choice":"Became Test Subject","floor":20.0,"gold_loss":0.0,"damage_taken":0.0,"cards_obtained":["Malaise","Grand Finale"]},{"damage_healed":0.0,"max_hp_gain":0.0,"max_hp_loss":0.0,"gold_gain":0.0,"event_name":"Colosseum","player_choice":"Fight","floor":21.0,"gold_loss":0.0,"damage_taken":0.0},{"damage_healed":0.0,"max_hp_gain":0.0,"max_hp_loss":0.0,"gold_gain":0.0,"event_name":"Colosseum","player_choice":"Fled From Nobs","floor":21.0,"gold_loss":0.0,"damage_taken":0.0},{"damage_healed":0.0,"max_hp_gain":0.0,"max_hp_loss":0.0,"gold_gain":0.0,"event_name":"Mysterious Sphere","player_choice":"Ignored","floor":36.0,"gold_loss":0.0,"damage_taken":0.0},{"cards_removed":["Strike_G"],"damage_healed":0.0,"max_hp_gain":0.0,"max_hp_loss":0.0,"gold_gain":0.0,"event_name":"Designer","player_choice":"Upgrade and Remove","floor":38.0,"gold_loss":110.0,"damage_taken":0.0,"cards_upgraded":["Bullet Time"]}],"is_beta":true,"boss_relics":[{"not_picked":["HoveringKite","Busted Crown"],"picked":"Runic Pyramid"},{"not_picked":["Orrery","Runic Dome"],"picked":"White Beast Statue"}],"items_purged_floors":[],"is_endless":false,"potions_floor_spawned":[1,11,14,19,21,22,27,31,35,37,39,41,45,46,48,54],"killed_by":"The Heart","ascension_level":17}