{"gold_per_floor":[215,105,122,122,122,150,150,167,167,187,216,216,244,264,264,361,411,424,424,435,470,166,194,194,229,229,248,19,19,19,19,19,120,120,140,67,67,79,90,90,125,125,125,145,179,196,196,41,41,41],"floor_reached":50,"playtime":3307,"items_purged":["Strike_B","Strike_B","Strike_B","Defend_B"],"score":987,"play_id":"24a44af0-75d0-4321-a5b3-b7b43da8b0c6","local_time":"20190124230407","is_ascension_mode":true,"campfire_choices":[{"data":"Zap","floor":7.0,"key":"SMITH"},{"floor":12.0,"key":"REST"},{"data":"Defragment","floor":15.0,"key":"SMITH"},{"data":"Redo","floor":24,"key":"SMITH"},{"data":"Dualcast","floor":30,"key":"SMITH"},{"data":"Machine Learning","floor":32,"key":"SMITH"},{"data":"Buffer","floor":40,"key":"SMITH"},{"data":"Coolheaded","floor":42,"key":"SMITH"},{"data":"White Noise","floor":47,"key":"SMITH"},{"data":"Defragment","floor":49,"key":"SMITH"}],"neow_cost":"NONE","seed_source_timestamp":1236628342112590,"circlet_count":0,"master_deck":["Defend_B+1","Defend_B","Defend_B+1","Zap+1","Dualcast+1","Ball Lightning+1","Chill+1","Defragment+1","Ball Lightning+1","Darkness","Leap","Genetic Algorithm","Glacier","Biased Cognition","Redo+1","Leap+1","Machine Learning+1","Buffer+1","Force Field+1","Self Repair","Force Field+1","Blizzard+1","Coolheaded+1","Defragment+1","White Noise+1"],"special_seed":0,"relics":["Cracked Core","Pocketwatch","Pen Nib","War Paint","Tiny House","Red Mask","PreservedInsect","Omamori","Happy Flower","Mummified Hand","Darkstone Periapt","Nuclear Battery","Smiling Mask","Cables","Whetstone"],"potions_floor_usage":[21,21,23,25,33,33,35,45,45,45,45,45,45,50,50,50,50],"damage_taken":[{"damage":0.0,"enemies":"Small Slimes","floor":1.0,"turns":2.0},{"damage":0.0,"enemies":"Cultist","floor":3.0,"turns":3.0},{"damage":7.0,"enemies":"3 Sentries","floor":6.0,"turns":6.0},{"damage":2.0,"enemies":"Jaw Worm","floor":8.0,"turns":2.0},{"damage":5.0,"enemies":"Blue Slaver","floor":10.0,"turns":2.0},{"damage":0.0,"enemies":"Gremlin Nob","floor":11.0,"turns":3.0},{"damage":8.0,"enemies":"3 Sentries","floor":13.0,"turns":6.0},{"damage":0.0,"enemies":"Looter","floor":14.0,"turns":3.0},{"damage":0.0,"enemies":"Slime Boss","floor":16.0,"turns":8.0},{"damage":6.0,"enemies":"Chosen","floor":18.0,"turns":4.0},{"damage":1.0,"enemies":"Spheric Guardian","floor":20.0,"turns":4.0},{"damage":13,"enemies":"Masked Bandits","floor":21,"turns":4},{"damage":0,"enemies":"Book of Stabbing","floor":23,"turns":4},{"damage":4,"enemies":"Gremlin Leader","floor":25,"turns":5},{"damage":0,"enemies":"Snake Plant","floor":27,"turns":4},{"damage":30,"enemies":"Champ","floor":33,"turns":14},{"damage":11,"enemies":"3 Darklings","floor":35,"turns":5},{"damage":4,"enemies":"3 Shapes","floor":38,"turns":5},{"damage":0,"enemies":"Spire Growth","floor":39,"turns":9},{"damage":13,"enemies":"Giant Head","floor":41,"turns":10},{"damage":0,"enemies":"4 Shapes","floor":44,"turns":6},{"damage":0,"enemies":"Reptomancer","floor":45,"turns":5},{"damage":11,"enemies":"Sphere and 2 Shapes","floor":46,"turns":5},{"damage":75,"enemies":"Donu and Deca","floor":50,"turns":9}],"seed_played":"1337880376800371727","potions_obtained":[{"floor":3.0,"key":"Block Potion"},{"floor":8.0,"key":"FearPotion"},{"floor":13.0,"key":"Explosive Potion"},{"floor":16.0,"key":"Dexterity Potion"},{"floor":17.0,"key":"LiquidBronze"},{"floor":21,"key":"Fire Potion"},{"floor":25,"key":"Weak Potion"},{"floor":37,"key":"Dexterity Potion"},{"floor":46,"key":"LiquidBronze"}],"is_trial":false,"path_per_floor":["M","$","M","?","?","E","R","M","T","M","E","R","E","M","R","B",null,"M","?","M","?","$","E","R","E","T","M","$","?","R","T","R","B",null,"M","$","?","M","M","R","E","R","T","M","E","M","R","$","R","B"],"character_chosen":"DEFECT","items_purchased":["Chill","PreservedInsect","SkillPotion","EntropicBrew","Self Repair","EntropicBrew"],"campfire_rested":1,"item_purchase_floors":[2,22,22,28,36,48],"current_hp_per_floor":[68,68,68,53,53,46,46,44,44,39,39,61,53,53,53,53,75,69,69,68,55,55,55,55,51,51,51,51,51,51,51,51,21,65,54,54,54,57,64,64,58,58,58,65,72,68,68,68,68,0],"gold":41,"neow_bonus":"HUNDRED_GOLD","is_prod":false,"is_daily":false,"chose_seed":false,"campfire_upgraded":9,"win_rate":0,"timestamp":1548338647,"path_taken":["M","$","M","?","?","E","R","M","T","M","E","R","E","M","R","BOSS","M","?","M","?","$","E","R","E","T","M","$","?","R","?","R","BOSS","M","$","?","M","?","R","E","R","T","M","E","M","R","$","R","BOSS"],"build_version":"2019-01-23","purchased_purges":4,"victory":false,"max_hp_per_floor":[75,75,75,75,75,75,75,75,75,75,75,75,75,75,75,75,80,80,80,80,80,80,80,80,80,80,80,80,80,80,80,80,80,80,80,80,80,80,80,80,80,80,80,80,80,80,80,80,80,80],"card_choices":[{"not_picked":["Compile Driver","Auto Shields"],"picked":"Ball Lightning","floor":1.0},{"not_picked":["Storm","Sweeping Beam"],"picked":"Defragment","floor":3.0},{"not_picked":["Hello World","Storm"],"picked":"Darkness","floor":6.0},{"not_picked":["Static Discharge","Conserve Battery"],"picked":"Leap","floor":8.0},{"not_picked":["Ball Lightning","Conserve Battery"],"picked":"Genetic Algorithm","floor":10.0},{"not_picked":["Rip and Tear","Ball Lightning"],"picked":"Glacier","floor":11.0},{"not_picked":["Stack","Gash","Turbo"],"picked":"SKIP","floor":13.0},{"not_picked":["Compile Driver","BootSequence"],"picked":"Biased Cognition","floor":14.0},{"not_picked":["Streamline","Chaos"],"picked":"Redo","floor":17.0},{"not_picked":["Gash","Reprogram+1","Sunder"],"picked":"SKIP","floor":18.0},{"not_picked":["FTL","Glacier","Beam Cell+1"],"picked":"SKIP","floor":20.0},{"not_picked":["Glacier","Conserve Battery"],"picked":"Leap+1","floor":23},{"not_picked":["Steam+1","Scrape+1","Rebound"],"picked":"SKIP","floor":25},{"not_picked":["Recycle","Cold Snap"],"picked":"Machine Learning","floor":27},{"not_picked":["Rainbow","Amplify"],"picked":"Buffer","floor":33},{"not_picked":["Cold Snap+1","Barrage"],"picked":"Force Field+1","floor":35},{"not_picked":["Glacier","Beam Cell"],"picked":"Force Field+1","floor":38},{"not_picked":["Doom and Gloom","Gash"],"picked":"Blizzard+1","floor":39},{"not_picked":["Meteor Strike","Rebound"],"picked":"Coolheaded","floor":41},{"not_picked":["Streamline+1","Leap"],"picked":"Defragment","floor":44},{"not_picked":["Hello World+1","Steam","Auto Shields+1"],"picked":"SKIP","floor":45},{"not_picked":["Hello World+1","Steam","Auto Shields+1"],"picked":"SKIP","floor":45},{"not_picked":["Stack","Aggregate"],"picked":"White Noise","floor":46}],"player_experience":440625,"relics_obtained":[{"floor":6.0,"key":"Pocketwatch"},{"floor":11.0,"key":"Pen Nib"},{"floor":13.0,"key":"War Paint"},{"floor":21,"key":"Red Mask"},{"floor":23,"key":"Omamori"},{"floor":25,"key":"Happy Flower"},{"floor":26,"key":"Mummified Hand"},{"floor":31,"key":"Darkstone Periapt"},{"floor":41,"key":"Smiling Mask"},{"floor":43,"key":"Cables"},{"floor":45,"key":"Whetstone"}],"event_choices":[{"damage_healed":0.0,"max_hp_gain":0.0,"max_hp_loss":0.0,"gold_gain":0.0,"event_name":"Shining Light","player_choice":"Entered Light","floor":4.0,"gold_loss":0.0,"damage_taken":15.0,"cards_upgraded":["Defend_B","Ball Lightning"]},{"damage_healed":0.0,"max_hp_gain":0.0,"max_hp_loss":0.0,"gold_gain":0.0,"cards_transformed":["Strike_B"],"event_name":"Transmorgrifier","player_choice":"Transformed","floor":5.0,"gold_loss":0.0,"damage_taken":0.0,"cards_obtained":["Ball Lightning"]},{"damage_healed":0.0,"max_hp_gain":0.0,"max_hp_loss":0.0,"gold_gain":0.0,"event_name":"Cursed Tome","player_choice":"Ignored","floor":19.0,"gold_loss":0.0,"damage_taken":0.0},{"damage_healed":0,"gold_gain":0,"player_choice":"Fought Bandits","damage_taken":0,"max_hp_gain":0,"max_hp_loss":0,"event_name":"Masked Bandits","floor":21,"gold_loss":0},{"damage_healed":0,"gold_gain":0,"player_choice":"Ignored","damage_taken":0,"max_hp_gain":0,"max_hp_loss":0,"event_name":"Vampires","floor":29,"gold_loss":0},{"damage_healed":0,"gold_gain":0,"player_choice":"Got Potions","damage_taken":0,"max_hp_gain":0,"max_hp_loss":0,"event_name":"Lab","floor":37,"gold_loss":0}],"is_beta":false,"boss_relics":[{"not_picked":["Cursed Key","Black Star"],"picked":"Tiny House"},{"not_picked":["Pandora\u0027s Box","Coffee Dripper"],"picked":"Nuclear Battery"}],"items_purged_floors":[2,22,28,48],"is_endless":false,"potions_floor_spawned":[3,8,13,16,21,25,33,39,46],"killed_by":"Donu and Deca","ascension_level":9}