{"gold_per_floor":[212,226,301,476,491,526,526,10,35,35,45,45,73,2,2,103,103,116,132,148,159,121,121,152,202,284,51,76,76,94,124,124,226,226,241,260,88,88,104,134,134,134,185,60,94,94,106,119,119,119,119,119,30,56,56],"floor_reached":55,"playtime":2871,"items_purged":["Doubt","Strike_B","Strike_B"],"score":1044,"play_id":"104894b2-030a-49b5-97d4-2fb3237d9c5a","local_time":"20190428200907","is_ascension_mode":true,"campfire_choices":[{"floor":7.0,"key":"REST"},{"data":"Go for the Eyes","floor":12.0,"key":"SMITH"},{"data":"Barrage","floor":15.0,"key":"SMITH"},{"data":"Loop","floor":23,"key":"SMITH"},{"floor":29,"key":"REST"},{"data":"Zap","floor":32,"key":"SMITH"},{"data":"Loop","floor":41,"key":"SMITH"},{"floor":49,"key":"RECALL"},{"data":"Apotheosis","floor":52,"key":"SMITH"}],"neow_cost":"NONE","seed_source_timestamp":0,"circlet_count":0,"master_deck":["Strike_B+1","Strike_B+1","Defend_B","Defend_B","Defend_B","Defend_B","Zap+1","Dualcast","Go for the Eyes+1","Barrage+1","Coolheaded","Hologram","Self Repair","Electrodynamics","Consume+1","Loop+1","Defragment+1","Leap","Turbo+1","Glacier+1","Loop+1","Skim+1","Apotheosis+1","Undo+1","Capacitor","Steam","Lockon+1"],"special_seed":0,"relics":["Cracked Core","Whetstone","Lee\u0027s Waffle","Pear","DataDisk","Meat on the Bone","Dream Catcher","Sozu","Cables","Kunai","Runic Capacitor","Bag of Marbles","Red Mask","Nuclear Battery","Bottled Flame","Oddly Smooth Stone","Happy Flower"],"potions_floor_usage":[39,50],"damage_taken":[{"damage":7.0,"enemies":"Small Slimes","floor":1.0,"turns":4.0},{"damage":1.0,"enemies":"2 Louse","floor":2.0,"turns":3.0},{"damage":2.0,"enemies":"Jaw Worm","floor":5.0,"turns":4.0},{"damage":36.0,"enemies":"Gremlin Nob","floor":6.0,"turns":4.0},{"damage":9.0,"enemies":"Looter","floor":11.0,"turns":3.0},{"damage":7.0,"enemies":"Lagavulin","floor":13.0,"turns":5.0},{"damage":50.0,"enemies":"Slime Boss","floor":16.0,"turns":14.0},{"damage":10,"enemies":"Spheric Guardian","floor":18,"turns":4},{"damage":11,"enemies":"3 Byrds","floor":19,"turns":3},{"damage":20,"enemies":"Snecko","floor":20,"turns":4},{"damage":17,"enemies":"Centurion and Healer","floor":21,"turns":6},{"damage":50,"enemies":"Book of Stabbing","floor":24,"turns":6},{"damage":27,"enemies":"Snake Plant","floor":30,"turns":4},{"damage":7,"enemies":"Masked Bandits","floor":31,"turns":2},{"damage":38,"enemies":"Champ","floor":33,"turns":8},{"damage":6,"enemies":"3 Darklings","floor":35,"turns":3},{"damage":5,"enemies":"3 Shapes","floor":36,"turns":3},{"damage":30,"enemies":"Sphere and 2 Shapes","floor":39,"turns":5},{"damage":32,"enemies":"Reptomancer","floor":40,"turns":5},{"damage":32,"enemies":"Nemesis","floor":45,"turns":7},{"damage":12,"enemies":"Jaw Worm Horde","floor":47,"turns":4},{"damage":0,"enemies":"Maw","floor":48,"turns":6},{"damage":12,"enemies":"Donu and Deca","floor":50,"turns":10},{"damage":57,"enemies":"Shield and Spear","floor":54,"turns":7},{"damage":58,"enemies":"The Heart","floor":55,"turns":2}],"seed_played":"1365870290098958490","potions_obtained":[{"floor":5.0,"key":"FocusPotion"},{"floor":6.0,"key":"Poison Potion"},{"floor":11.0,"key":"EssenceOfSteel"},{"floor":16.0,"key":"Strength Potion"}],"is_trial":false,"path_per_floor":["M","M","?","?","M","E","R","$","T","T","M","R","E","$","R","B",null,"M","M","M","M","$","R","E","?","T","$","T","R","M","?","R","B",null,"M","M","$","?","M","E","R","?","T","$","E","?","M","M","R","B",null,"R","$","E","B"],"character_chosen":"DEFECT","items_purchased":["Lee\u0027s Waffle","Pear","Self Repair","Loop","Runic Capacitor","Leap","Loop","Capacitor","Steam"],"campfire_rested":2,"item_purchase_floors":[8,8,14,22,27,27,37,53,53],"current_hp_per_floor":[61,60,49,49,47,11,33,92,92,92,83,83,76,76,76,45,80,77,73,60,62,62,62,31,31,31,31,31,58,50,55,55,36,78,79,81,81,81,58,45,45,45,45,45,35,35,45,55,55,65,82,82,82,44,0],"gold":56,"neow_bonus":"HUNDRED_GOLD","is_prod":false,"is_daily":false,"chose_seed":false,"campfire_upgraded":6,"win_rate":0,"timestamp":1556474947,"path_taken":["M","M","?","?","M","E","R","$","T","?","M","R","E","?","R","BOSS","M","M","M","M","$","R","E","?","T","$","?","R","M","?","R","BOSS","M","M","$","?","M","E","R","?","T","$","E","?","M","M","R","BOSS","R","$","E","BOSS"],"build_version":"2019-01-23","purchased_purges":3,"victory":false,"max_hp_per_floor":[75,75,75,75,75,75,75,92,92,92,92,92,92,92,92,92,92,92,92,92,92,92,92,92,92,92,92,92,92,92,92,92,92,92,92,92,92,87,87,87,87,87,87,87,87,87,87,87,87,87,87,87,87,87,87],"card_choices":[{"not_picked":["Cold Snap","Lockon","Hello World"],"picked":"SKIP","floor":1.0},{"not_picked":["Auto Shields","Streamline"],"picked":"Go for the Eyes","floor":2.0},{"not_picked":["Capacitor","Double Energy"],"picked":"Barrage","floor":5.0},{"not_picked":["Redo","Go for the Eyes"],"picked":"Coolheaded","floor":6.0},{"not_picked":["Barrage","Stack","Go for the Eyes"],"picked":"SKIP","floor":11.0},{"not_picked":["Coolheaded","Tempest"],"picked":"Hologram","floor":13.0},{"not_picked":["All For One","Thunder Strike"],"picked":"Electrodynamics","floor":16.0},{"not_picked":["Streamline","Skim","Scrape+1"],"picked":"SKIP","floor":18},{"not_picked":["Lockon","Stack"],"picked":"Consume+1","floor":19},{"not_picked":["Undo","Chill","Ball Lightning"],"picked":"SKIP","floor":20},{"not_picked":["Cold Snap+1","Doom and Gloom","Heatsinks"],"picked":"SKIP","floor":21},{"not_picked":["Melter","Steam Power"],"picked":"Defragment+1","floor":24},{"not_picked":["Redo","Conserve Battery"],"picked":"Turbo+1","floor":29},{"not_picked":["Rebound","Blizzard","Cold Snap"],"picked":"SKIP","floor":30},{"not_picked":["Gash+1","Streamline+1"],"picked":"Glacier+1","floor":35},{"not_picked":["Hello World","Redo+1","Genetic Algorithm+1"],"picked":"SKIP","floor":36},{"not_picked":["Aggregate+1","Hello World"],"picked":"Skim+1","floor":39},{"not_picked":["Gash+1","Redo+1","Streamline+1"],"picked":"SKIP","floor":40},{"not_picked":["PanicButton","Forethought"],"picked":"Apotheosis","floor":42},{"not_picked":["Doom and Gloom","Electrodynamics"],"picked":"Undo+1","floor":45},{"not_picked":["Barrage+1","Rebound","Redo+1"],"picked":"SKIP","floor":47},{"not_picked":["Barrage","Cold Snap","Auto Shields"],"picked":"SKIP","floor":48},{"not_picked":["Coolheaded+1","Streamline"],"picked":"Lockon+1","floor":54}],"player_experience":499441,"relics_obtained":[{"floor":6.0,"key":"Whetstone"},{"floor":9.0,"key":"DataDisk"},{"floor":10.0,"key":"Meat on the Bone"},{"floor":13.0,"key":"Dream Catcher"},{"floor":24,"key":"Cables"},{"floor":26,"key":"Kunai"},{"floor":28,"key":"Bag of Marbles"},{"floor":31,"key":"Red Mask"},{"floor":40,"key":"Bottled Flame"},{"floor":45,"key":"Oddly Smooth Stone"},{"floor":54,"key":"Happy Flower"}],"event_choices":[{"damage_healed":0.0,"max_hp_gain":0.0,"max_hp_loss":0.0,"gold_gain":75.0,"event_name":"World of Goop","player_choice":"Gather Gold","floor":3.0,"gold_loss":0.0,"damage_taken":11.0},{"damage_healed":0.0,"max_hp_gain":0.0,"max_hp_loss":0.0,"gold_gain":175.0,"event_name":"Liars Game","player_choice":"AGREE","floor":4.0,"gold_loss":0.0,"damage_taken":0.0,"cards_obtained":["Doubt"]},{"damage_healed":0,"gold_gain":100,"player_choice":"Bet on Murderer","damage_taken":0,"max_hp_gain":0,"max_hp_loss":0,"event_name":"The Joust","floor":25,"gold_loss":50},{"damage_healed":0,"gold_gain":0,"player_choice":"Fought Bandits","damage_taken":0,"max_hp_gain":0,"max_hp_loss":0,"event_name":"Masked Bandits","floor":31,"gold_loss":0},{"damage_healed":0,"gold_gain":0,"player_choice":"Max HP","damage_taken":0,"max_hp_gain":0,"max_hp_loss":5,"event_name":"Winding Halls","floor":38,"gold_loss":0},{"damage_healed":0,"gold_gain":0,"player_choice":"Memory 1","damage_taken":0,"max_hp_gain":0,"max_hp_loss":0,"event_name":"SensoryStone","floor":42,"gold_loss":0},{"damage_healed":0,"gold_gain":0,"player_choice":"Ignored","damage_taken":0,"max_hp_gain":0,"max_hp_loss":0,"event_name":"Tomb of Lord Red Mask","floor":46,"gold_loss":0}],"is_beta":false,"boss_relics":[{"not_picked":["Busted Crown","Empty Cage"],"picked":"Sozu"},{"not_picked":["Cursed Key","Tiny House"],"picked":"Nuclear Battery"}],"items_purged_floors":[8,37,44],"is_endless":false,"potions_floor_spawned":[5,6,11,16,18,33,35,45,48],"killed_by":"The Heart","ascension_level":9}