{"gold_per_floor":[215,365,382,235,235,235,267,280,280,105,136,148,208,240,252,339,351,379,406,22,72,151,151,151],"floor_reached":24,"playtime":1546,"items_purged":["Doubt","Strike_B","Strike_B"],"score":375,"play_id":"0d4259a0-5d86-4738-9de7-d3467a461d61","local_time":"20190602173634","is_ascension_mode":true,"campfire_choices":[{"data":"Consume","floor":6,"key":"SMITH"},{"floor":15,"key":"REST"},{"floor":23,"key":"REST"}],"neow_cost":"NONE","seed_source_timestamp":596350865193020,"circlet_count":0,"master_deck":["AscendersBane","Strike_B","Strike_B","Defend_B","Defend_B","Defend_B","Defend_B","Zap","Dualcast","Cold Snap","Ball Lightning","Consume+1","Leap","BootSequence","Self Repair","Genetic Algorithm","Rip and Tear","Coolheaded","Echo Form","Loop","Echo Form","Undo","Decay"],"relics":["Cracked Core","SsserpentHead","Symbiotic Virus","Bag of Preparation","Girya","MawBank","Fusion Hammer","DollysMirror","Red Mask"],"potions_floor_usage":[16],"damage_taken":[{"damage":8,"enemies":"Small Slimes","floor":1,"turns":3},{"damage":0,"enemies":"Jaw Worm","floor":3,"turns":3},{"damage":30,"enemies":"3 Sentries","floor":7,"turns":6},{"damage":0,"enemies":"Cultist","floor":8,"turns":3},{"damage":21,"enemies":"Gremlin Nob","floor":11,"turns":5},{"damage":4,"enemies":"Exordium Wildlife","floor":12,"turns":4},{"damage":3,"enemies":"Blue Slaver","floor":13,"turns":4},{"damage":6,"enemies":"Lagavulin","floor":14,"turns":5},{"damage":6,"enemies":"The Guardian","floor":16,"turns":16},{"damage":4,"enemies":"Shell Parasite","floor":18,"turns":5},{"damage":24,"enemies":"3 Byrds","floor":19,"turns":5},{"damage":39,"enemies":"Masked Bandits","floor":22,"turns":8},{"damage":59,"enemies":"Gremlin Leader","floor":24,"turns":9}],"seed_played":"6299715113400296125","potions_obtained":[{"floor":3,"key":"FearPotion"},{"floor":8,"key":"SteroidPotion"},{"floor":18,"key":"Ancient Potion"}],"is_trial":false,"path_per_floor":["M","?","M","$","?","R","E","M","T","$","E","M","M","E","R","B",null,"M","M","$","?","?","R","E"],"character_chosen":"DEFECT","items_purchased":["Consume","Self Repair","DollysMirror","Undo"],"campfire_rested":2,"item_purchase_floors":[4,10,20,20],"current_hp_per_floor":[56,56,56,56,56,56,26,26,26,26,12,8,12,13,34,35,62,71,61,61,61,36,57,0],"gold":151,"neow_bonus":"HUNDRED_GOLD","is_prod":false,"is_daily":false,"chose_seed":false,"campfire_upgraded":1,"win_rate":0,"timestamp":1559489794,"path_taken":["M","?","M","$","?","R","E","M","T","$","E","M","?","E","R","BOSS","M","M","$","?","?","R","E"],"build_version":"2019-01-23","purchased_purges":3,"victory":false,"max_hp_per_floor":[71,71,71,71,71,71,71,71,71,71,71,71,71,71,71,71,71,71,71,71,71,71,71,71],"card_choices":[{"not_picked":["Go for the Eyes","Force Field"],"picked":"Cold Snap","floor":1},{"not_picked":["Storm","White Noise"],"picked":"Ball Lightning","floor":3},{"not_picked":["Stack","Seek"],"picked":"Leap","floor":7},{"not_picked":["Compile Driver","Steam"],"picked":"BootSequence","floor":8},{"not_picked":["Amplify","Steam"],"picked":"Genetic Algorithm","floor":11},{"not_picked":["Go for the Eyes","Turbo","Hologram"],"picked":"SKIP","floor":12},{"not_picked":["Chaos","Redo"],"picked":"Rip and Tear","floor":13},{"not_picked":["Turbo","Beam Cell"],"picked":"Coolheaded","floor":14},{"not_picked":["Machine Learning","Meteor Strike"],"picked":"Echo Form","floor":16},{"not_picked":["Rebound","Turbo","BootSequence"],"picked":"SKIP","floor":18},{"not_picked":["Hologram","Steam"],"picked":"Loop","floor":19}],"player_experience":660077,"relics_obtained":[{"floor":7,"key":"Symbiotic Virus"},{"floor":9,"key":"Bag of Preparation"},{"floor":11,"key":"Girya"},{"floor":14,"key":"MawBank"},{"floor":22,"key":"Red Mask"}],"event_choices":[{"damage_healed":0,"gold_gain":150,"player_choice":"AGREE","damage_taken":0,"max_hp_gain":0,"max_hp_loss":0,"event_name":"Liars Game","floor":2,"gold_loss":0,"cards_obtained":["Doubt"]},{"damage_healed":0,"gold_gain":0,"player_choice":"Trade","damage_taken":0,"relics_obtained":["SsserpentHead"],"max_hp_gain":0,"max_hp_loss":0,"event_name":"FaceTrader","floor":5,"gold_loss":0},{"damage_healed":0,"gold_gain":0,"player_choice":"Smashed Altar","damage_taken":0,"max_hp_gain":0,"max_hp_loss":0,"event_name":"Forgotten Altar","floor":21,"gold_loss":0,"cards_obtained":["Decay"]},{"damage_healed":0,"gold_gain":0,"player_choice":"Fought Bandits","damage_taken":0,"max_hp_gain":0,"max_hp_loss":0,"event_name":"Masked Bandits","floor":22,"gold_loss":0}],"is_beta":false,"boss_relics":[{"not_picked":["Runic Pyramid","Ectoplasm"],"picked":"Fusion Hammer"}],"items_purged_floors":[4,10,20],"is_endless":false,"potions_floor_spawned":[3,8,18],"killed_by":"Gremlin Leader","ascension_level":15}