{"gold_per_floor":[109,126,141,141,216,216,232,19,19,19,19,19,59,78,78,174,174,195,195,0,0,21,21,37,37,37,37,37,55,94,94,94,183,183,201,326,659,673,693,693,693,721,721,721,721,721,738,770,770,770],"floor_reached":50,"playtime":3082,"items_purged":[],"score":980,"play_id":"e105fb12-08e6-4f0b-8a53-6ccbcd13206a","local_time":"20190510045145","is_ascension_mode":true,"campfire_choices":[{"data":"Zap","floor":6.0,"key":"SMITH"},{"data":"Apotheosis","floor":10.0,"key":"SMITH"},{"floor":12.0,"key":"REST"},{"floor":15.0,"key":"REST"},{"floor":23.0,"key":"REST"},{"floor":25.0,"key":"REST"},{"data":"Self Repair","floor":27.0,"key":"SMITH"},{"data":"White Noise","floor":28.0,"key":"SMITH"},{"floor":32,"key":"DIG"},{"floor":40,"key":"DIG"},{"floor":41,"key":"DIG"},{"floor":45,"key":"DIG"},{"floor":46,"key":"DIG"},{"floor":49,"key":"RECALL"}],"neow_cost":"PERCENT_DAMAGE","seed_source_timestamp":1163848393241276,"circlet_count":0,"master_deck":["AscendersBane","Strike_B","Strike_B","Strike_B","Strike_B","Defend_B","Defend_B","Defend_B","Defend_B","Zap+1","Dualcast","Streamline","Cold Snap","White Noise+1","Apotheosis+1","Echo Form","Self Repair+1","All For One","Go for the Eyes","Conserve Battery","Echo Form","Ghostly","Ghostly","Ghostly","Thunder Strike","Storm","Loop","Defragment","Madness","Madness","Echo Form","Hologram"],"special_seed":0,"relics":["Cracked Core","WingedGreaves","Sundial","FossilizedHelix","Lizard Tail","Mummified Hand","Shovel","Vajra","Coffee Dripper","Ice Cream","Bag of Preparation","Mango","Lantern","Emotion Chip","Bottled Lightning","Omamori"],"potions_floor_usage":[30,30,47],"damage_taken":[{"damage":6.0,"enemies":"Cultist","floor":1.0,"turns":3.0},{"damage":0.0,"enemies":"Jaw Worm","floor":2.0,"turns":4.0},{"damage":5.0,"enemies":"Small Slimes","floor":3.0,"turns":3.0},{"damage":14.0,"enemies":"3 Louse","floor":7.0,"turns":4.0},{"damage":24.0,"enemies":"Lagavulin","floor":13.0,"turns":5.0},{"damage":5.0,"enemies":"Exordium Wildlife","floor":14.0,"turns":4.0},{"damage":5.0,"enemies":"Slime Boss","floor":16.0,"turns":8.0},{"damage":39.0,"enemies":"2 Thieves","floor":18.0,"turns":4.0},{"damage":0.0,"enemies":"Chosen","floor":22.0,"turns":3.0},{"damage":22.0,"enemies":"3 Cultists","floor":24.0,"turns":5.0},{"damage":0.0,"enemies":"Centurion and Healer","floor":29.0,"turns":6.0},{"damage":52,"enemies":"Gremlin Leader","floor":30,"turns":8},{"damage":12,"enemies":"Champ","floor":33,"turns":11},{"damage":0,"enemies":"3 Shapes","floor":35,"turns":4},{"damage":0,"enemies":"Mind Bloom Boss Battle","floor":36,"turns":8},{"damage":14,"enemies":"3 Darklings","floor":38,"turns":6},{"damage":13,"enemies":"Sphere and 2 Shapes","floor":39,"turns":5},{"damage":1,"enemies":"Reptomancer","floor":42,"turns":6},{"damage":0,"enemies":"4 Shapes","floor":47,"turns":5},{"damage":11,"enemies":"Nemesis","floor":48,"turns":7},{"damage":77,"enemies":"Awakened One","floor":50,"turns":10}],"seed_played":"188029674573295912","potions_obtained":[{"floor":2.0,"key":"SteroidPotion"},{"floor":3.0,"key":"Regen Potion"},{"floor":7.0,"key":"Swift Potion"},{"floor":13.0,"key":"PowerPotion"},{"floor":18.0,"key":"SteroidPotion"},{"floor":38,"key":"Dexterity Potion"},{"floor":47,"key":"Fruit Juice"}],"is_trial":false,"path_per_floor":["M","M","M","?","?","R","M","$","T","R","$","R","E","M","R","B",null,"M","?","?","$","M","R","M","R","T","R","R","M","E","?","R","B",null,"M","?","?","M","M","R","R","E","T","?","R","R","M","E","R","B"],"character_chosen":"DEFECT","items_purchased":["Apotheosis"],"campfire_rested":4,"item_purchase_floors":[8],"current_hp_per_floor":[40,40,35,35,24,24,22,22,22,22,22,41,17,12,31,36,57,28,28,28,28,38,57,35,54,54,54,54,64,22,22,22,20,29,29,32,32,32,32,32,46,46,46,38,38,38,43,42,42,0],"gold":770,"neow_bonus":"ONE_RARE_RELIC","is_prod":false,"is_daily":false,"chose_seed":false,"campfire_upgraded":4,"win_rate":0,"timestamp":1557431505,"path_taken":["M","M","?","?","?","R","M","$","T","R","$","R","E","M","R","BOSS","M","?","?","?","M","R","M","R","T","R","R","M","E","?","R","BOSS","M","?","?","M","M","R","R","E","T","?","R","R","?","E","R","BOSS"],"build_version":"2019-05-07","purchased_purges":0,"victory":false,"max_hp_per_floor":[71,71,71,64,64,64,64,64,64,64,64,64,64,64,64,64,64,64,64,64,64,64,64,64,64,64,64,64,64,64,32,32,32,32,32,32,32,32,32,32,46,46,46,46,46,46,51,51,51,51],"card_choices":[{"not_picked":["Sweeping Beam","Reprogram"],"picked":"Streamline","floor":1.0},{"not_picked":["Rebound","Coolheaded"],"picked":"Cold Snap","floor":2.0},{"not_picked":["Chaos","Sweeping Beam","Beam Cell"],"picked":"SKIP","floor":3.0},{"not_picked":["Chaos","Sweeping Beam","Beam Cell"],"picked":"SKIP","floor":3.0},{"not_picked":["Sweeping Beam","Beam Cell"],"picked":"White Noise","floor":7.0},{"not_picked":["Stack","Gash"],"picked":"Echo Form","floor":13.0},{"not_picked":["Rebound","Turbo"],"picked":"Self Repair","floor":14.0},{"not_picked":["Rainbow","Amplify"],"picked":"All For One","floor":16.0},{"not_picked":["Conserve Battery","Leap"],"picked":"Go for the Eyes","floor":18.0},{"not_picked":["Stack","Storm","Double Energy"],"picked":"SKIP","floor":22.0},{"not_picked":["Rebound","Turbo","Darkness"],"picked":"SKIP","floor":24.0},{"not_picked":["Cold Snap","Recycle"],"picked":"Conserve Battery","floor":29.0},{"not_picked":["Scrape","Leap"],"picked":"Echo Form","floor":30},{"not_picked":["Echo Form","Core Surge"],"picked":"Thunder Strike","floor":33},{"not_picked":["Fusion","Steam"],"picked":"Storm","floor":35},{"not_picked":["Recycle","Sweeping Beam"],"picked":"Loop","floor":38},{"not_picked":["Steam Power","Steam","Consume"],"picked":"SKIP","floor":39},{"not_picked":["White Noise","Beam Cell+1"],"picked":"Defragment","floor":42},{"not_picked":["Stack+1","Conserve Battery+1"],"picked":"Echo Form","floor":47},{"not_picked":["Melter","Barrage"],"picked":"Hologram","floor":48}],"player_experience":3177374,"relics_obtained":[{"floor":9.0,"key":"Sundial"},{"floor":13.0,"key":"FossilizedHelix"},{"floor":26.0,"key":"Mummified Hand"},{"floor":30,"key":"Shovel"},{"floor":32,"key":"Vajra"},{"floor":36,"key":"Ice Cream"},{"floor":40,"key":"Bag of Preparation"},{"floor":41,"key":"Mango"},{"floor":42,"key":"Lantern"},{"floor":45,"key":"Emotion Chip"},{"floor":46,"key":"Bottled Lightning"},{"floor":48,"key":"Omamori"}],"event_choices":[{"damage_healed":0.0,"max_hp_gain":0.0,"max_hp_loss":7.0,"gold_gain":0.0,"event_name":"Golden Idol","player_choice":"Lose Max HP","floor":4.0,"gold_loss":0.0,"damage_taken":0.0,"relics_obtained":["Golden Idol"]},{"damage_healed":0.0,"max_hp_gain":0.0,"max_hp_loss":0.0,"gold_gain":75.0,"event_name":"World of Goop","player_choice":"Gather Gold","floor":5.0,"gold_loss":0.0,"damage_taken":11.0},{"damage_healed":0.0,"max_hp_gain":0.0,"max_hp_loss":0.0,"gold_gain":0.0,"event_name":"Vampires","player_choice":"Ignored","floor":19.0,"gold_loss":0.0,"damage_taken":0.0},{"damage_healed":0.0,"max_hp_gain":0.0,"max_hp_loss":0.0,"gold_gain":0.0,"event_name":"Masked Bandits","player_choice":"Paid Fearfully","floor":20.0,"gold_loss":195.0,"damage_taken":0.0},{"damage_healed":0,"gold_gain":0,"player_choice":"Became a Ghost","damage_taken":0,"max_hp_gain":0,"max_hp_loss":32,"event_name":"Ghosts","floor":31,"gold_loss":0,"cards_obtained":["Ghostly","Ghostly","Ghostly"]},{"damage_healed":0,"gold_gain":0,"player_choice":"Fight","damage_taken":0,"max_hp_gain":0,"max_hp_loss":0,"event_name":"MindBloom","floor":36,"gold_loss":0},{"damage_healed":0,"gold_gain":333,"player_choice":"Gave Idol","damage_taken":0,"max_hp_gain":0,"max_hp_loss":0,"event_name":"The Moai Head","floor":37,"relics_lost":["Golden Idol"],"gold_loss":0},{"damage_healed":0,"gold_gain":0,"player_choice":"Embrace Madness","damage_taken":8,"max_hp_gain":0,"max_hp_loss":0,"event_name":"Winding Halls","floor":44,"gold_loss":0,"cards_obtained":["Madness","Madness"]}],"is_beta":true,"boss_relics":[{"not_picked":["Orrery","Cursed Key"],"picked":"Lizard Tail"},{"not_picked":["Fusion Hammer","Empty Cage"],"picked":"Coffee Dripper"}],"items_purged_floors":[],"is_endless":false,"potions_floor_spawned":[2,3,7,13,18,24,38,47],"killed_by":"Awakened One","ascension_level":17}