{"gold_per_floor":[113,113,113,38,113,140,140,172,172,72,72,91,91,13,13,90,90,107,127,145,70,70,70,86,106,106,132,132,39,57,72,72,72],"floor_reached":33,"playtime":1178,"items_purged":["Regret","Strike_R"],"score":530,"play_id":"0513ecea-90fa-41d2-b131-13f40704fe8a","local_time":"20181201111105","is_ascension_mode":true,"campfire_choices":[{"data":"Shrug It Off","floor":7.0,"key":"SMITH"},{"data":"Whirlwind","floor":11.0,"key":"SMITH"},{"data":"Shrug It Off","floor":13.0,"key":"SMITH"},{"data":"Inflame","floor":15.0,"key":"SMITH"},{"floor":23.0,"key":"REST"},{"data":"Fire Breathing","floor":28.0,"key":"SMITH"},{"floor":32,"key":"REST"}],"neow_cost":"NONE","seed_source_timestamp":115079930789522,"circlet_count":0,"master_deck":["AscendersBane","Bash+1","Shrug It Off+1","Shrug It Off+1","Whirlwind+1","Inflame+1","Ghostly Armor","Headbutt","Reckless Charge","Infernal Blade","Clash","Fire Breathing+1","Iron Wave","Twin Strike","Flex","Combust+1","Rage+1","Madness","Iron Wave+1"],"special_seed":0,"relics":["Burning Blood","NeowsBlessing","Ornamental Fan","Matryoshka","Ancient Tea Set","Mercury Hourglass","Oddly Smooth Stone","Pandora\u0027s Box","Regal Pillow","Bird Faced Urn","Singing Bowl","Red Mask"],"potions_floor_usage":[30,33],"damage_taken":[{"damage":0.0,"enemies":"Jaw Worm","floor":1.0,"turns":1.0},{"damage":0.0,"enemies":"3 Sentries","floor":6.0,"turns":2.0},{"damage":0.0,"enemies":"Gremlin Nob","floor":8.0,"turns":1.0},{"damage":0.0,"enemies":"2 Louse","floor":12.0,"turns":2.0},{"damage":12.0,"enemies":"The Guardian","floor":16.0,"turns":11.0},{"damage":15.0,"enemies":"Shell Parasite","floor":18.0,"turns":5.0},{"damage":9.0,"enemies":"Spheric Guardian","floor":19.0,"turns":4.0},{"damage":30.0,"enemies":"Snake Plant","floor":20.0,"turns":4.0},{"damage":6.0,"enemies":"Snecko","floor":24.0,"turns":4.0},{"damage":3.0,"enemies":"3 Cultists","floor":25.0,"turns":3.0},{"damage":12.0,"enemies":"Masked Bandits","floor":27.0,"turns":2.0},{"damage":14,"enemies":"Snake Plant","floor":30,"turns":4},{"damage":38,"enemies":"Cultist and Chosen","floor":31,"turns":6},{"damage":108,"enemies":"Collector","floor":33,"turns":8}],"seed_played":"7901889381568170674","potions_obtained":[{"floor":8.0,"key":"Poison Potion"},{"floor":19.0,"key":"Regen Potion"},{"floor":24.0,"key":"Ancient Potion"},{"floor":27.0,"key":"Swift Potion"},{"floor":31,"key":"FearPotion"}],"is_trial":false,"path_per_floor":["M","?","?","$","?","E","R","E","T","$","R","M","R","$","R","B",null,"M","M","M","?","T","R","M","M","T","?","R","$","M","M","R","B"],"character_chosen":"IRONCLAD","items_purchased":["Inflame","Madness"],"campfire_rested":2,"item_purchase_floors":[14,29],"current_hp_per_floor":[74,74,51,51,40,46,46,52,52,52,52,58,58,58,58,52,69,60,57,33,33,33,70,74,75,75,69,69,69,67,43,77,0],"gold":72,"neow_bonus":"THREE_ENEMY_KILL","is_prod":false,"is_daily":false,"chose_seed":false,"campfire_upgraded":5,"win_rate":0,"timestamp":1543630265,"path_taken":["M","?","?","$","?","E","R","E","T","$","R","M","R","?","R","BOSS","M","?","?","?","?","R","M","M","T","?","R","?","M","?","R","BOSS"],"build_version":"2018-11-15","purchased_purges":2,"victory":false,"max_hp_per_floor":[75,75,75,75,75,75,75,75,75,75,75,75,75,75,75,75,75,75,75,75,75,75,75,75,75,75,75,75,75,75,77,77,77],"card_choices":[{"not_picked":["Clash","Anger"],"picked":"Shrug It Off","floor":1.0},{"not_picked":["Clash","Evolve"],"picked":"Shrug It Off","floor":6.0},{"not_picked":["Clothesline","Iron Wave"],"picked":"Whirlwind","floor":8.0},{"not_picked":["Power Through","Wild Strike","Perfected Strike"],"picked":"SKIP","floor":12.0},{"not_picked":["Perfected Strike","Blood for Blood"],"picked":"Twin Strike","floor":18.0},{"not_picked":["Headbutt","Wild Strike","Warcry"],"picked":"SKIP","floor":19.0},{"not_picked":["Body Slam","Corruption"],"picked":"Flex","floor":20.0},{"not_picked":["Havoc","Feel No Pain"],"picked":"Combust+1","floor":24.0},{"not_picked":["Armaments","Wild Strike","Power Through"],"picked":"SKIP","floor":25.0},{"not_picked":["Burning Pact","Clash"],"picked":"Rage+1","floor":27.0},{"not_picked":["Pommel Strike","Anger"],"picked":"Iron Wave+1","floor":30},{"not_picked":["Metallicize","Feel No Pain","Perfected Strike"],"picked":"Singing Bowl","floor":31}],"player_experience":2480322,"relics_obtained":[{"floor":6.0,"key":"Matryoshka"},{"floor":8.0,"key":"Ancient Tea Set"},{"floor":9.0,"key":"Mercury Hourglass"},{"floor":9.0,"key":"Oddly Smooth Stone"},{"floor":22.0,"key":"Regal Pillow"},{"floor":22.0,"key":"Bird Faced Urn"},{"floor":26.0,"key":"Singing Bowl"},{"floor":27.0,"key":"Red Mask"}],"event_choices":[{"damage_healed":0.0,"max_hp_gain":0.0,"max_hp_loss":0.0,"gold_gain":0.0,"event_name":"Big Fish","player_choice":"Box","floor":2.0,"gold_loss":0.0,"damage_taken":0.0,"relics_obtained":["Ornamental Fan"],"cards_obtained":["Regret"]},{"damage_healed":0.0,"max_hp_gain":0.0,"max_hp_loss":0.0,"gold_gain":0.0,"event_name":"Shining Light","player_choice":"Entered Light","floor":3.0,"gold_loss":0.0,"damage_taken":23.0,"cards_upgraded":["Bash","Strike_R"]},{"damage_healed":0.0,"max_hp_gain":0.0,"max_hp_loss":0.0,"gold_gain":75.0,"event_name":"World of Goop","player_choice":"Gather Gold","floor":5.0,"gold_loss":0.0,"damage_taken":11.0},{"cards_removed":["Sentinel"],"damage_healed":0.0,"max_hp_gain":0.0,"max_hp_loss":0.0,"gold_gain":0.0,"event_name":"Beggar","player_choice":"Gave Gold","floor":21.0,"gold_loss":75.0,"damage_taken":0.0},{"damage_healed":0.0,"max_hp_gain":0.0,"max_hp_loss":0.0,"gold_gain":0.0,"event_name":"Masked Bandits","player_choice":"Fought Bandits","floor":27.0,"gold_loss":0.0,"damage_taken":0.0}],"is_beta":true,"boss_relics":[{"not_picked":["Orrery","Runic Pyramid"],"picked":"Pandora\u0027s Box"}],"items_purged_floors":[4,10],"is_endless":false,"potions_floor_spawned":[8,19,24,27,31],"killed_by":"Collector","ascension_level":15}