{"gold_per_floor":[119,119,44,119,269,298,30,56,83,83,102,119,137,168,168,247,247,260,80,80,0,12,12,12,45,126,139,139,139],"floor_reached":29,"playtime":1883,"items_purged":["Regret","Strike_G"],"score":572,"play_id":"91992a0b-81d0-4c91-be59-d1c2751a751d","local_time":"20190516052608","is_ascension_mode":true,"campfire_choices":[{"data":"Deadly Poison","floor":10.0,"key":"SMITH"},{"data":"Malaise","floor":15.0,"key":"SMITH"},{"floor":23,"key":"REST"}],"neow_cost":"NONE","seed_source_timestamp":1685596144348033,"circlet_count":0,"master_deck":["AscendersBane","Defend_G","Defend_G","Defend_G","Defend_G","Defend_G","Strike_G","Strike_G","Strike_G","Strike_G","Survivor","Neutralize","Well Laid Plans","Malaise+1","Deadly Poison+1","Tools of the Trade","Deadly Poison","Night Terror","Envenom","Tools of the Trade","Caltrops","Footwork","Catalyst","Cloak And Dagger","Cloak And Dagger","Predator","Footwork","Dagger Spray+1","Acrobatics","Infinite Blades","Tactician"],"special_seed":0,"relics":["Ring of the Snake","NeowsBlessing","Omamori","Incense Burner","Mummified Hand","Turnip","Potion Belt","Matryoshka","Orrery","Kunai","Blood Vial","Molten Egg 2"],"potions_floor_usage":[25,25],"damage_taken":[{"damage":0.0,"enemies":"Jaw Worm","floor":1.0,"turns":1.0},{"damage":0.0,"enemies":"3 Sentries","floor":6.0,"turns":1.0},{"damage":0.0,"enemies":"Lagavulin","floor":8.0,"turns":1.0},{"damage":0.0,"enemies":"2 Louse","floor":11.0,"turns":3.0},{"damage":1.0,"enemies":"Small Slimes","floor":12.0,"turns":4.0},{"damage":1.0,"enemies":"Looter","floor":13.0,"turns":3.0},{"damage":19.0,"enemies":"3 Sentries","floor":14.0,"turns":11.0},{"damage":4.0,"enemies":"Hexaghost","floor":16.0,"turns":9.0},{"damage":10.0,"enemies":"Chosen","floor":18.0,"turns":10.0},{"damage":6.0,"enemies":"2 Thieves","floor":21.0,"turns":5.0},{"damage":5,"enemies":"Centurion and Healer","floor":22,"turns":9},{"damage":50,"enemies":"Slavers","floor":25,"turns":7},{"damage":1,"enemies":"Snecko","floor":27,"turns":6},{"damage":19,"enemies":"Shelled Parasite and Fungi","floor":29,"turns":2}],"seed_played":"196600684423052042","potions_obtained":[{"floor":1.0,"key":"PowerPotion"},{"floor":6.0,"key":"Energy Potion"},{"floor":11.0,"key":"Block Potion"},{"floor":22,"key":"SkillPotion"},{"floor":27,"key":"LiquidBronze"}],"is_trial":false,"path_per_floor":["M","?","$","?","?","E","$","E","T","R","M","M","M","E","R","B",null,"M","$","?","M","M","R","?","E","T","M","?","M"],"character_chosen":"THE_SILENT","items_purchased":["Mummified Hand","Footwork"],"campfire_rested":1,"item_purchase_floors":[7,19],"current_hp_per_floor":[59,59,59,48,48,48,48,48,48,48,48,47,46,27,27,23,55,45,45,45,39,34,53,53,3,3,4,17,0],"gold":139,"neow_bonus":"THREE_ENEMY_KILL","is_prod":false,"is_daily":false,"chose_seed":false,"campfire_upgraded":2,"win_rate":0,"timestamp":1557951968,"path_taken":["M","?","$","?","?","E","?","E","T","R","M","M","M","E","R","BOSS","M","$","?","M","M","R","?","E","T","M","?","M"],"build_version":"2019-05-07","purchased_purges":2,"victory":false,"max_hp_per_floor":[66,66,66,66,66,66,66,66,66,66,66,66,66,66,66,66,66,66,66,66,66,66,66,66,66,66,66,66,66],"card_choices":[{"not_picked":["Concentrate","Expertise"],"picked":"Well Laid Plans","floor":1.0},{"not_picked":["Poisoned Stab","Outmaneuver"],"picked":"Malaise","floor":6.0},{"not_picked":["Poisoned Stab","Underhanded Strike"],"picked":"Deadly Poison","floor":8.0},{"not_picked":["Flying Knee","Sucker Punch"],"picked":"Tools of the Trade","floor":11.0},{"not_picked":["Sucker Punch","Outmaneuver"],"picked":"Deadly Poison","floor":12.0},{"not_picked":["Dodge and Roll","Bane"],"picked":"Night Terror","floor":13.0},{"not_picked":["PiercingWail","Blur"],"picked":"Envenom","floor":14.0},{"not_picked":["Envenom","Bullet Time"],"picked":"Tools of the Trade","floor":16.0},{"not_picked":["Sucker Punch","Concentrate"],"picked":"Caltrops","floor":17.0},{"not_picked":["Blade Dance","Masterful Stab"],"picked":"Footwork","floor":17.0},{"not_picked":["Sucker Punch","Bane"],"picked":"Catalyst","floor":17.0},{"not_picked":["Blade Dance","Escape Plan"],"picked":"Cloak And Dagger","floor":17.0},{"not_picked":["Dagger Throw","Prepared"],"picked":"Cloak And Dagger","floor":17.0},{"not_picked":["Sucker Punch","Bane"],"picked":"Predator","floor":18.0},{"not_picked":["Bane","Underhanded Strike"],"picked":"Dagger Spray+1","floor":21},{"not_picked":["Heel Hook","Bane"],"picked":"Acrobatics","floor":22},{"not_picked":["Setup","Calculated Gamble"],"picked":"Infinite Blades","floor":25},{"not_picked":["Reflex","Outmaneuver"],"picked":"Tactician","floor":27}],"player_experience":3256455,"relics_obtained":[{"floor":6.0,"key":"Incense Burner"},{"floor":8.0,"key":"Turnip"},{"floor":9.0,"key":"Potion Belt"},{"floor":14.0,"key":"Matryoshka"},{"floor":25,"key":"Kunai"},{"floor":26,"key":"Blood Vial"},{"floor":26,"key":"Molten Egg 2"}],"event_choices":[{"damage_healed":0.0,"max_hp_gain":0.0,"max_hp_loss":0.0,"gold_gain":0.0,"event_name":"Big Fish","player_choice":"Box","floor":2.0,"gold_loss":0.0,"damage_taken":0.0,"relics_obtained":["Omamori"],"cards_obtained":["Regret"]},{"damage_healed":0.0,"max_hp_gain":0.0,"max_hp_loss":0.0,"gold_gain":75.0,"event_name":"World of Goop","player_choice":"Gather Gold","floor":4.0,"gold_loss":0.0,"damage_taken":11.0},{"damage_healed":0.0,"max_hp_gain":0.0,"max_hp_loss":0.0,"gold_gain":150.0,"event_name":"Liars Game","player_choice":"AGREE","floor":5.0,"gold_loss":0.0,"damage_taken":0.0,"cards_obtained":["Doubt"]},{"damage_healed":0.0,"max_hp_gain":0.0,"max_hp_loss":0.0,"gold_gain":0.0,"event_name":"Ghosts","player_choice":"Ignored","floor":20.0,"gold_loss":0.0,"damage_taken":0.0},{"damage_healed":0,"gold_gain":0,"player_choice":"Ignored","damage_taken":0,"max_hp_gain":0,"max_hp_loss":0,"event_name":"Beggar","floor":24,"gold_loss":0},{"damage_healed":13,"gold_gain":0,"player_choice":"Heal","damage_taken":0,"max_hp_gain":0,"max_hp_loss":0,"event_name":"The Library","floor":28,"gold_loss":0}],"is_beta":true,"boss_relics":[{"not_picked":["Busted Crown","Philosopher\u0027s Stone"],"picked":"Orrery"}],"items_purged_floors":[3,19],"is_endless":false,"potions_floor_spawned":[1,6,11,22,27],"killed_by":"Shelled Parasite and Fungi","ascension_level":17}