{"gold_per_floor":[119,119,131,148,161,161,174,230,254,254,283,283,283,297,297,388,388,401,415,297,297,313,313,313,313,337,53,53,96,96,114,114,192,192,210,310,323,10,25,59,59,87,87,100,118,39,56,75,75,75,75,75,75,75,110,110],"floor_reached":56,"playtime":3535,"items_purged":["Defend_B"],"score":1978,"play_id":"93eb763b-5033-4f91-b481-fbae720c7139","local_time":"20190530020156","is_ascension_mode":true,"campfire_choices":[{"data":"Streamline","floor":6.0,"key":"SMITH"},{"data":"Turbo","floor":10.0,"key":"SMITH"},{"data":"Dualcast","floor":15.0,"key":"SMITH"},{"floor":23.0,"key":"REST"},{"floor":25.0,"key":"REST"},{"floor":28.0,"key":"REST"},{"floor":32.0,"key":"REST"},{"floor":41.0,"key":"REST"},{"floor":49.0,"key":"RECALL"},{"data":"Recycle","floor":53.0,"key":"SMITH"}],"neow_cost":"NONE","seed_source_timestamp":271719109931500,"circlet_count":0,"master_deck":["AscendersBane","Strike_B+1","Defend_B","Zap+1","Dualcast+1","Turbo+1","FTL","Tempest","Undo","Streamline+1","Cold Snap","Tempest","Steam","Chill","Thunder Strike","Echo Form+1","Undo+1","Leap+1","Reprogram+1","Doom and Gloom+1","Recycle+1","Tempest","Fission","Fusion+1","Self Repair","Coolheaded+1","Conserve Battery+1","Creative AI","Double Energy+1"],"special_seed":0,"relics":["Cracked Core","Tiny Chest","Blood Vial","Centennial Puzzle","Bloody Idol","Astrolabe","Enchiridion","DataDisk","Mummified Hand","Ancient Tea Set","Sozu","Incense Burner","ClockworkSouvenir","Whetstone","Gremlin Horn","Mercury Hourglass"],"potions_floor_usage":[56],"damage_taken":[{"damage":9.0,"enemies":"2 Louse","floor":1.0,"turns":3.0},{"damage":0.0,"enemies":"Cultist","floor":3.0,"turns":3.0},{"damage":0.0,"enemies":"Small Slimes","floor":4.0,"turns":2.0},{"damage":1.0,"enemies":"2 Fungi Beasts","floor":5.0,"turns":3.0},{"damage":3.0,"enemies":"Exordium Wildlife","floor":7.0,"turns":4.0},{"damage":18.0,"enemies":"Lagavulin","floor":8.0,"turns":6.0},{"damage":5.0,"enemies":"3 Sentries","floor":11.0,"turns":5.0},{"damage":3.0,"enemies":"3 Louse","floor":14.0,"turns":2.0},{"damage":0.0,"enemies":"Slime Boss","floor":16.0,"turns":4.0},{"damage":19.0,"enemies":"3 Byrds","floor":18.0,"turns":6.0},{"damage":8.0,"enemies":"Shell Parasite","floor":19.0,"turns":7.0},{"damage":24.0,"enemies":"Snake Plant","floor":22.0,"turns":4.0},{"damage":21.0,"enemies":"Slavers","floor":29.0,"turns":4.0},{"damage":9.0,"enemies":"Centurion and Healer","floor":31.0,"turns":6.0},{"damage":49.0,"enemies":"Collector","floor":33.0,"turns":9.0},{"damage":8.0,"enemies":"Orb Walker","floor":35.0,"turns":4.0},{"damage":10.0,"enemies":"Mind Bloom Boss Battle","floor":36.0,"turns":4.0},{"damage":6.0,"enemies":"3 Shapes","floor":37.0,"turns":2.0},{"damage":1.0,"enemies":"3 Darklings","floor":39.0,"turns":3.0},{"damage":41.0,"enemies":"Reptomancer","floor":40.0,"turns":6.0},{"damage":0.0,"enemies":"Nemesis","floor":42.0,"turns":5.0},{"damage":0.0,"enemies":"Spire Growth","floor":44.0,"turns":3.0},{"damage":3.0,"enemies":"Writhing Mass","floor":45.0,"turns":3.0},{"damage":0.0,"enemies":"Jaw Worm Horde","floor":47.0,"turns":4.0},{"damage":5.0,"enemies":"Transient","floor":48.0,"turns":6.0},{"damage":25.0,"enemies":"Awakened One","floor":50.0,"turns":8.0},{"damage":12.0,"enemies":"Donu and Deca","floor":51.0,"turns":6.0},{"damage":27.0,"enemies":"Shield and Spear","floor":55.0,"turns":5.0},{"damage":52,"enemies":"The Heart","floor":56,"turns":5}],"seed_played":"-6406755531243109319","potions_obtained":[{"floor":1.0,"key":"EssenceOfSteel"},{"floor":4.0,"key":"Fire Potion"},{"floor":14.0,"key":"FocusPotion"},{"floor":18.0,"key":"SpeedPotion"},{"floor":19.0,"key":"SteroidPotion"},{"floor":29.0,"key":"Block Potion"}],"is_trial":false,"path_per_floor":["M","?","M","M","M","R","M","E","T","R","E","?","?","M","R","B",null,"M","M","$","?","M","R","?","R","T","$","R","E","?","M","R","B",null,"M","?","M","$","M","E","R","E","T","M","M","$","M","M","R","B","B",null,"R","$","E","B"],"character_chosen":"DEFECT","items_purchased":["Recycle","Mummified Hand","ClockworkSouvenir","Self Repair","Creative AI"],"campfire_rested":5,"item_purchase_floors":[20,27,38,38,46],"current_hp_per_floor":[55,55,55,55,54,54,51,33,33,33,30,30,35,34,34,36,61,44,38,38,38,16,36,15,35,35,35,55,36,36,34,54,12,55,54,51,52,52,58,24,44,65,65,69,69,69,69,69,69,51,55,66,66,66,53,3],"gold":110,"neow_bonus":"TRANSFORM_CARD","is_prod":false,"is_daily":false,"chose_seed":false,"campfire_upgraded":4,"win_rate":0,"timestamp":1559149316,"path_taken":["M","?","M","M","?","R","M","E","T","R","E","?","?","M","R","BOSS","M","M","$","?","M","R","?","R","T","?","R","E","?","M","R","BOSS","M","?","M","$","M","E","R","E","T","M","M","?","?","M","R","BOSS","BOSS","R","$","E","BOSS"],"build_version":"2019-01-23","purchased_purges":1,"victory":false,"max_hp_per_floor":[71,71,71,71,71,71,71,71,71,71,71,64,69,69,69,69,69,69,69,69,69,69,69,69,69,69,69,69,69,69,69,69,69,69,69,69,69,69,69,69,69,69,69,69,69,69,69,69,69,69,69,69,69,69,69,69],"card_choices":[{"not_picked":["Go for the Eyes","Coolheaded"],"picked":"FTL","floor":1.0},{"not_picked":["Compile Driver","Glacier"],"picked":"Tempest","floor":3.0},{"not_picked":["Static Discharge","Streamline"],"picked":"Undo","floor":4.0},{"not_picked":["Beam Cell","Sweeping Beam"],"picked":"Streamline","floor":5.0},{"not_picked":["Machine Learning","Compile Driver"],"picked":"Cold Snap","floor":7.0},{"not_picked":["Lockon","FTL"],"picked":"Tempest","floor":8.0},{"not_picked":["Streamline","Darkness"],"picked":"Steam","floor":11.0},{"not_picked":["Gash","Leap"],"picked":"Chill","floor":14.0},{"not_picked":["Multi-Cast","Creative AI"],"picked":"Thunder Strike","floor":16.0},{"not_picked":["Rip and Tear","Conserve Battery"],"picked":"Reprogram+1","floor":18.0},{"not_picked":["Hello World","Conserve Battery"],"picked":"Doom and Gloom","floor":19.0},{"not_picked":["Beam Cell+1","Sunder","Redo+1"],"picked":"SKIP","floor":22.0},{"not_picked":["Beam Cell","Conserve Battery"],"picked":"Tempest","floor":29.0},{"not_picked":["Go for the Eyes","Lockon","Ball Lightning"],"picked":"SKIP","floor":31.0},{"not_picked":["Meteor Strike","Biased Cognition"],"picked":"Fission","floor":33.0},{"not_picked":["Rebound","Lockon","Go for the Eyes"],"picked":"SKIP","floor":35.0},{"not_picked":["Streamline","Self Repair"],"picked":"Fusion+1","floor":37.0},{"not_picked":["Coolheaded","Redo","Rebound"],"picked":"SKIP","floor":39.0},{"not_picked":["Stack","Steam Power","Conserve Battery"],"picked":"SKIP","floor":40.0},{"not_picked":["Genetic Algorithm","Aggregate"],"picked":"Coolheaded+1","floor":42.0},{"not_picked":["Barrage","Gash","Cold Snap"],"picked":"SKIP","floor":44.0},{"not_picked":["Gash+1","Leap+1"],"picked":"Conserve Battery+1","floor":45.0},{"not_picked":["Streamline","Conserve Battery","Steam"],"picked":"SKIP","floor":47.0},{"not_picked":["Chill","Reboot"],"picked":"Double Energy+1","floor":48.0},{"not_picked":["Leap","Coolheaded","Steam"],"picked":"SKIP","floor":55.0}],"player_experience":5197603,"relics_obtained":[{"floor":8.0,"key":"Tiny Chest"},{"floor":9.0,"key":"Blood Vial"},{"floor":11.0,"key":"Centennial Puzzle"},{"floor":24.0,"key":"Enchiridion"},{"floor":26.0,"key":"DataDisk"},{"floor":29.0,"key":"Ancient Tea Set"},{"floor":36.0,"key":"Incense Burner"},{"floor":40.0,"key":"Whetstone"},{"floor":42.0,"key":"Gremlin Horn"},{"floor":55.0,"key":"Mercury Hourglass"}],"event_choices":[{"damage_healed":0.0,"max_hp_gain":0.0,"max_hp_loss":0.0,"gold_gain":0.0,"event_name":"Accursed Blacksmith","player_choice":"Forge","floor":2.0,"gold_loss":0.0,"damage_taken":0.0,"cards_upgraded":["Zap"]},{"damage_healed":0.0,"max_hp_gain":0.0,"max_hp_loss":7.0,"gold_gain":0.0,"event_name":"Golden Idol","player_choice":"Lose Max HP","floor":12.0,"gold_loss":0.0,"damage_taken":0.0,"relics_obtained":["Golden Idol"]},{"damage_healed":0.0,"max_hp_gain":5.0,"max_hp_loss":0.0,"gold_gain":0.0,"event_name":"Big Fish","player_choice":"Donut","floor":13.0,"gold_loss":0.0,"damage_taken":0.0},{"cards_removed":["Defend_B"],"damage_healed":0.0,"max_hp_gain":0.0,"max_hp_loss":0.0,"gold_gain":0.0,"event_name":"Back to Basics","player_choice":"Elegance","floor":21.0,"gold_loss":0.0,"damage_taken":0.0},{"damage_healed":0.0,"max_hp_gain":0.0,"max_hp_loss":0.0,"gold_gain":0.0,"event_name":"Cursed Tome","player_choice":"Obtained Book","floor":24.0,"gold_loss":0.0,"damage_taken":21.0},{"damage_healed":0.0,"max_hp_gain":0.0,"max_hp_loss":0.0,"gold_gain":0.0,"event_name":"Forgotten Altar","player_choice":"Gave Idol","floor":30.0,"relics_lost":["Golden Idol"],"gold_loss":0.0,"damage_taken":0.0,"relics_obtained":["Bloody Idol"]},{"damage_healed":0.0,"max_hp_gain":0.0,"max_hp_loss":0.0,"gold_gain":0.0,"event_name":"MindBloom","player_choice":"Fight","floor":36.0,"gold_loss":0.0,"damage_taken":0.0}],"is_beta":false,"boss_relics":[{"not_picked":["Lizard Tail","Runic Dome"],"picked":"Astrolabe"},{"not_picked":["Busted Crown","Inserter"],"picked":"Sozu"}],"items_purged_floors":[20],"is_endless":false,"potions_floor_spawned":[1,4,14,18,19,29,33,36,42,45,47,55],"killed_by":"The Heart","ascension_level":20}