{"gold_per_floor":[118,172,198,236,213,259,271,283,321,333,520,559,90,106,106,204,204,221,321,333,17,29,29,63,63,89,106,106,106,123,135,135,135],"floor_reached":33,"playtime":1551,"items_purged":["Doubt"],"score":440,"play_id":"e87e5153-44be-498d-8ac5-26a2d47be2e5","local_time":"20190501202957","is_ascension_mode":true,"campfire_choices":[{"floor":8,"key":"REST"},{"floor":10,"key":"REST"},{"floor":15,"key":"REST"},{"floor":23,"key":"REST"},{"floor":29,"key":"REST"},{"floor":32,"key":"REST"}],"neow_cost":"NONE","seed_source_timestamp":1737632100913025,"circlet_count":0,"master_deck":["AscendersBane","Strike_R","Strike_R","Strike_R","Strike_R","Strike_R","Defend_R","Defend_R","Defend_R","Defend_R","Bash","Rupture","Rupture","Sword Boomerang","Clash","Bloodletting","Combust","Pummel","Clash","Reaper","Heavy Blade","Whirlwind","Clash","Heavy Blade","Sword Boomerang"],"special_seed":0,"relics":["Burning Blood","Potion Belt","MawBank","Blood Vial","Regal Pillow","Happy Flower","Self Forming Clay","Eternal Feather","Shuriken","Omamori","Juzu Bracelet","MutagenicStrength"],"potions_floor_usage":[12,12,22,27,27,30,31,33],"damage_taken":[{"damage":6.0,"enemies":"Cultist","floor":1.0,"turns":3.0},{"damage":9.0,"enemies":"Jaw Worm","floor":3.0,"turns":4.0},{"damage":16.0,"enemies":"Small Slimes","floor":4.0,"turns":5.0},{"damage":56,"enemies":"Gremlin Nob","floor":6,"turns":5},{"damage":45,"enemies":"Lagavulin","floor":12,"turns":7},{"damage":4,"enemies":"2 Fungi Beasts","floor":14,"turns":4},{"damage":17,"enemies":"Slime Boss","floor":16,"turns":7},{"damage":25,"enemies":"2 Thieves","floor":18,"turns":4},{"damage":23,"enemies":"Spheric Guardian","floor":20,"turns":5},{"damage":41,"enemies":"Shelled Parasite and Fungi","floor":22,"turns":5},{"damage":62,"enemies":"Gremlin Leader","floor":24,"turns":5},{"damage":29,"enemies":"Cultist and Chosen","floor":27,"turns":6},{"damage":24,"enemies":"Snake Plant","floor":30,"turns":4},{"damage":32,"enemies":"Centurion and Healer","floor":31,"turns":5},{"damage":82,"enemies":"Collector","floor":33,"turns":6}],"seed_played":"-5273337215944100607","potions_obtained":[{"floor":4.0,"key":"SkillPotion"},{"floor":6,"key":"Strength Potion"},{"floor":12,"key":"Explosive Potion"},{"floor":22,"key":"FearPotion"},{"floor":24,"key":"Energy Potion"},{"floor":27,"key":"SkillPotion"},{"floor":30,"key":"Poison Potion"},{"floor":31,"key":"GamblersBrew"}],"is_trial":false,"path_per_floor":["M","T","M","M","?","E","?","R","T","R","?","E","$","M","R","B",null,"M","?","M","$","M","R","E","?","T","M","?","R","M","M","R","B"],"character_chosen":"IRONCLAD","items_purchased":["Bloodletting","Combust","Self Forming Clay","Pummel","Shuriken"],"campfire_rested":6,"item_purchase_floors":[13,13,13,13,21],"current_hp_per_floor":[72,72,69,59,79,29,29,53,53,80,80,41,41,45,80,69,77,67,67,52,52,39,80,34,34,34,18,18,69,53,37,80,0],"gold":135,"neow_bonus":"RANDOM_COMMON_RELIC","is_prod":false,"is_daily":false,"chose_seed":false,"campfire_upgraded":0,"win_rate":0,"timestamp":1556731797,"path_taken":["M","?","M","M","?","E","?","R","T","R","?","E","$","M","R","BOSS","M","?","?","$","?","R","E","?","T","M","?","R","M","M","R","BOSS"],"build_version":"2019-01-23","purchased_purges":1,"victory":false,"max_hp_per_floor":[80,80,80,80,80,80,80,80,80,80,80,80,80,80,80,80,80,80,80,80,80,80,80,80,80,80,80,80,80,80,80,80,80],"card_choices":[{"not_picked":["Cleave","Shrug It Off"],"picked":"Rupture","floor":1.0},{"not_picked":["Flame Barrier","Armaments"],"picked":"Rupture","floor":3.0},{"not_picked":["Clash","Thunderclap"],"picked":"Sword Boomerang","floor":4.0},{"not_picked":["Havoc","Second Wind"],"picked":"Clash","floor":6},{"not_picked":["Fire Breathing","Second Wind","Twin Strike"],"picked":"SKIP","floor":12},{"not_picked":["Flex","Burning Pact"],"picked":"Clash","floor":14},{"not_picked":["Berserk","Double Tap"],"picked":"Reaper","floor":16},{"not_picked":["Perfected Strike","Cleave","Wild Strike"],"picked":"SKIP","floor":18},{"not_picked":["Pommel Strike","Flex"],"picked":"Heavy Blade","floor":20},{"not_picked":["Seeing Red","Clothesline"],"picked":"Whirlwind","floor":22},{"not_picked":["Intimidate+1","Thunderclap","Body Slam"],"picked":"SKIP","floor":24},{"not_picked":["Anger","Pommel Strike"],"picked":"Clash","floor":27},{"not_picked":["Anger+1","Flex"],"picked":"Heavy Blade","floor":30},{"not_picked":["Carnage","Headbutt"],"picked":"Sword Boomerang","floor":31}],"player_experience":1293548,"relics_obtained":[{"floor":2.0,"key":"MawBank"},{"floor":6,"key":"Blood Vial"},{"floor":9,"key":"Regal Pillow"},{"floor":12,"key":"Happy Flower"},{"floor":24,"key":"Omamori"},{"floor":26,"key":"Juzu Bracelet"}],"event_choices":[{"damage_healed":20.0,"max_hp_gain":0.0,"max_hp_loss":0.0,"gold_gain":0.0,"event_name":"The Cleric","player_choice":"Healed","floor":5.0,"gold_loss":35.0,"damage_taken":0.0},{"damage_healed":0,"gold_gain":0,"player_choice":"Ignored","damage_taken":0,"max_hp_gain":0,"max_hp_loss":0,"event_name":"Shining Light","floor":7,"gold_loss":0},{"damage_healed":0,"gold_gain":175,"player_choice":"AGREE","damage_taken":0,"max_hp_gain":0,"max_hp_loss":0,"event_name":"Liars Game","floor":11,"gold_loss":0,"cards_obtained":["Doubt"]},{"damage_healed":0,"gold_gain":100,"player_choice":"Pray","damage_taken":0,"max_hp_gain":0,"max_hp_loss":0,"event_name":"Golden Shrine","floor":19,"gold_loss":0},{"damage_healed":0,"gold_gain":0,"player_choice":"Ignored","damage_taken":0,"max_hp_gain":0,"max_hp_loss":0,"event_name":"Cursed Tome","floor":25,"gold_loss":0},{"damage_healed":0,"gold_gain":0,"player_choice":"Inject Mutagens","damage_taken":0,"relics_obtained":["MutagenicStrength"],"max_hp_gain":0,"max_hp_loss":0,"event_name":"Drug Dealer","floor":28,"gold_loss":0}],"is_beta":false,"boss_relics":[{"not_picked":["Velvet Choker","Runic Dome"],"picked":"Eternal Feather"}],"items_purged_floors":[21],"is_endless":false,"potions_floor_spawned":[4,6,12,22,24,27,30,31],"killed_by":"Collector","ascension_level":12}