{"gold_per_floor":[364,381,456,2,13,48,48,48,48,60,77,93,108,119,119,218,218,237,267,285,285,295,295,295],"floor_reached":24,"playtime":1132,"items_purged":["Decay"],"score":293,"play_id":"c16be23f-c5e9-47ad-9a5d-c14eb2b0a964","local_time":"20190414195448","is_ascension_mode":true,"campfire_choices":[{"floor":15,"key":"REST"},{"floor":23,"key":"REST"}],"neow_cost":"CURSE","seed_source_timestamp":255936014503665,"circlet_count":0,"master_deck":["Strike_B","Strike_B","Strike_B","Defend_B","Defend_B","Defend_B","Defend_B","Zap","Dualcast","Gash","Coolheaded","Defragment","Redo+1","Leap+1","Echo Form","Ball Lightning","White Noise+1","Redo+1","Cold Snap","Force Field+1","Rainbow+1","Turbo+1","Steam+1","Consume+1"],"relics":["FrozenCore","Toxic Egg 2","Singing Bowl","Symbiotic Virus","Red Mask"],"potions_floor_usage":[12,16,16],"damage_taken":[{"damage":10,"enemies":"Jaw Worm","floor":1,"turns":4},{"damage":7,"enemies":"2 Louse","floor":2,"turns":2},{"damage":0,"enemies":"Small Slimes","floor":5,"turns":2},{"damage":16,"enemies":"3 Sentries","floor":6,"turns":7},{"damage":4,"enemies":"Exordium Wildlife","floor":10,"turns":3},{"damage":9,"enemies":"3 Louse","floor":11,"turns":2},{"damage":0,"enemies":"Gremlin Gang","floor":12,"turns":1},{"damage":2,"enemies":"2 Fungi Beasts","floor":13,"turns":3},{"damage":7,"enemies":"Exordium Wildlife","floor":14,"turns":2},{"damage":21,"enemies":"The Guardian","floor":16,"turns":12},{"damage":1,"enemies":"Chosen","floor":18,"turns":5},{"damage":41,"enemies":"Masked Bandits","floor":19,"turns":6},{"damage":1,"enemies":"Spheric Guardian","floor":20,"turns":5},{"damage":4,"enemies":"Snecko","floor":22,"turns":6},{"damage":41,"enemies":"Gremlin Leader","floor":24,"turns":5}],"seed_played":"-6209222665079050318","potions_obtained":[{"floor":2,"key":"SkillPotion"},{"floor":10,"key":"SkillPotion"},{"floor":13,"key":"Regen Potion"},{"floor":14,"key":"SpeedPotion"},{"floor":18,"key":"Energy Potion"},{"floor":19,"key":"SmokeBomb"}],"is_trial":false,"path_per_floor":["M","M","?","$","M","E","?","?","T","M","M","M","M","M","R","B",null,"M","?","M","?","M","R","E"],"character_chosen":"DEFECT","items_purchased":["Toxic Egg 2","Defragment","Redo+1"],"campfire_rested":2,"item_purchase_floors":[4,4,4],"current_hp_per_floor":[58,51,40,40,40,24,24,24,24,20,11,11,9,2,24,18,61,60,19,20,20,18,41,0],"gold":295,"neow_bonus":"TWO_FIFTY_GOLD","is_prod":false,"is_daily":false,"chose_seed":false,"campfire_upgraded":0,"win_rate":0,"timestamp":1555264488,"path_taken":["M","M","?","$","M","E","?","?","T","M","M","M","M","?","R","BOSS","M","?","M","?","?","R","E"],"build_version":"2019-01-23","purchased_purges":1,"victory":false,"max_hp_per_floor":[75,75,75,75,75,75,75,75,75,75,75,75,75,75,75,75,75,75,75,77,77,79,79,79],"card_choices":[{"not_picked":["Compile Driver","Hologram"],"picked":"Gash","floor":1},{"not_picked":["Recycle","Sweeping Beam"],"picked":"Coolheaded","floor":2},{"not_picked":["Chaos+1","BootSequence+1"],"picked":"Leap+1","floor":5},{"not_picked":["Double Energy+1","Biased Cognition"],"picked":"Echo Form","floor":6},{"not_picked":["Cold Snap","Steam+1"],"picked":"Ball Lightning","floor":10},{"not_picked":["Compile Driver","Coolheaded+1"],"picked":"White Noise+1","floor":11},{"not_picked":["Go for the Eyes","Coolheaded+1"],"picked":"Redo+1","floor":12},{"not_picked":["Streamline","Ball Lightning"],"picked":"Cold Snap","floor":13},{"not_picked":["FTL","Chaos+1"],"picked":"Force Field+1","floor":14},{"not_picked":["Creative AI","Buffer"],"picked":"Rainbow+1","floor":16},{"not_picked":["Coolheaded+1","Leap+1"],"picked":"Turbo+1","floor":18},{"not_picked":["Streamline","Rebound"],"picked":"Steam+1","floor":19},{"not_picked":["Turbo+1","Sunder+1","Sweeping Beam"],"picked":"Singing Bowl","floor":20},{"not_picked":["Tempest+1","Doom and Gloom","Reprogram+1"],"picked":"Singing Bowl","floor":22}],"player_experience":450112,"relics_obtained":[{"floor":6,"key":"Singing Bowl"},{"floor":9,"key":"Symbiotic Virus"},{"floor":19,"key":"Red Mask"}],"event_choices":[{"damage_healed":0,"gold_gain":75,"player_choice":"Gather Gold","damage_taken":11,"max_hp_gain":0,"max_hp_loss":0,"event_name":"World of Goop","floor":3,"gold_loss":0},{"damage_healed":0,"gold_gain":0,"player_choice":"Ignored","damage_taken":0,"max_hp_gain":0,"max_hp_loss":0,"event_name":"Liars Game","floor":7,"gold_loss":0},{"damage_healed":0,"gold_gain":0,"player_choice":"Ignored","damage_taken":0,"max_hp_gain":0,"max_hp_loss":0,"event_name":"Shining Light","floor":8,"gold_loss":0},{"damage_healed":0,"gold_gain":0,"player_choice":"Fought Bandits","damage_taken":0,"max_hp_gain":0,"max_hp_loss":0,"event_name":"Masked Bandits","floor":19,"gold_loss":0},{"damage_healed":0,"gold_gain":0,"cards_transformed":["Strike_B"],"player_choice":"Transformed","damage_taken":0,"max_hp_gain":0,"max_hp_loss":0,"event_name":"Transmorgrifier","floor":21,"gold_loss":0,"cards_obtained":["Consume"]}],"is_beta":false,"boss_relics":[{"not_picked":["Eternal Feather","Velvet Choker"],"picked":"FrozenCore"}],"items_purged_floors":[4],"is_endless":false,"potions_floor_spawned":[2,10,13,14,18,19,20,22],"killed_by":"Gremlin Leader","ascension_level":9}