{"gold_per_floor":[114,128,143,318,334,334,366,366,366,399,364,417,436,100,100,100],"floor_reached":16,"playtime":714,"items_purged":["Doubt"],"score":182,"play_id":"17c44929-8a7e-48e6-a209-e6742b403244","local_time":"20190529203822","is_ascension_mode":true,"campfire_choices":[{"data":"Consume","floor":6,"key":"SMITH"},{"data":"Zap","floor":8,"key":"SMITH"},{"data":"Loop","floor":15,"key":"SMITH"}],"neow_cost":"NONE","seed_source_timestamp":262480646195436,"circlet_count":0,"master_deck":["AscendersBane","Strike_B","Strike_B","Strike_B","Strike_B","Defend_B","Defend_B+1","Defend_B+1","Defend_B","Zap+1","Dualcast","Consume+1","Sunder","Ball Lightning","Coolheaded","Conserve Battery","Ball Lightning","Hologram","Loop+1","Reinforced Body"],"relics":["Lizard Tail","Darkstone Periapt","Ginger","Emotion Chip","War Paint","Bronze Scales"],"potions_floor_usage":[5,7,16],"damage_taken":[{"damage":3,"enemies":"2 Louse","floor":1,"turns":4},{"damage":18,"enemies":"Jaw Worm","floor":2,"turns":5},{"damage":8,"enemies":"Small Slimes","floor":3,"turns":3},{"damage":20,"enemies":"Exordium Thugs","floor":5,"turns":4},{"damage":38,"enemies":"Gremlin Nob","floor":7,"turns":5},{"damage":22,"enemies":"Lagavulin","floor":10,"turns":7},{"damage":4,"enemies":"Looter","floor":13,"turns":3},{"damage":20,"enemies":"The Guardian","floor":16,"turns":6}],"seed_played":"-5960609217856562116","potions_obtained":[{"floor":2,"key":"Swift Potion"},{"floor":3,"key":"Explosive Potion"},{"floor":10,"key":"AttackPotion"}],"is_trial":false,"path_per_floor":["M","M","M","?","M","R","E","R","T","E","?","T","M","$","R","B"],"character_chosen":"DEFECT","items_purchased":["Bronze Scales","Loop","Reinforced Body"],"campfire_rested":0,"item_purchase_floors":[14,14,14],"current_hp_per_floor":[65,47,39,39,19,19,27,27,27,5,23,23,19,19,19,0],"gold":100,"neow_bonus":"BOSS_RELIC","is_prod":false,"is_daily":false,"chose_seed":false,"campfire_upgraded":3,"win_rate":0,"timestamp":1559155102,"path_taken":["M","M","M","?","M","R","E","R","T","E","?","?","M","$","R","BOSS"],"build_version":"2019-01-23","purchased_purges":1,"victory":false,"max_hp_per_floor":[75,75,75,75,75,75,75,75,75,75,75,75,75,75,75,75],"card_choices":[{"not_picked":["Barrage","Redo"],"picked":"Consume","floor":1},{"not_picked":["Stack","Double Energy"],"picked":"Sunder","floor":2},{"not_picked":["Steam Power","Melter"],"picked":"Ball Lightning","floor":3},{"not_picked":["Melter","Beam Cell"],"picked":"Coolheaded","floor":5},{"not_picked":["Stack","Redo"],"picked":"Conserve Battery","floor":7},{"not_picked":["Steam","Blizzard"],"picked":"Ball Lightning","floor":10},{"not_picked":["Leap","Genetic Algorithm"],"picked":"Hologram","floor":13}],"player_experience":621677,"relics_obtained":[{"floor":7,"key":"Darkstone Periapt"},{"floor":9,"key":"Ginger"},{"floor":10,"key":"Emotion Chip"},{"floor":12,"key":"War Paint"}],"event_choices":[{"damage_healed":0,"gold_gain":175,"player_choice":"AGREE","damage_taken":0,"max_hp_gain":0,"max_hp_loss":0,"event_name":"Liars Game","floor":4,"gold_loss":0,"cards_obtained":["Doubt"]},{"damage_healed":18,"gold_gain":0,"player_choice":"Healed","damage_taken":0,"max_hp_gain":0,"max_hp_loss":0,"event_name":"The Cleric","floor":11,"gold_loss":35}],"is_beta":false,"boss_relics":[],"items_purged_floors":[14],"is_endless":false,"potions_floor_spawned":[2,3,10],"killed_by":"The Guardian","ascension_level":13}