{"gold_per_floor":[210,223,236,249,48,48,62,95,95,95,95,95,115,115,115,115],"floor_reached":16,"playtime":569,"items_purged":["Strike_B"],"score":148,"play_id":"c9a0af7d-8ab3-4c40-84c2-569c2f4a1cf9","local_time":"20190428182453","is_ascension_mode":true,"campfire_choices":[{"data":"Defragment","floor":6,"key":"SMITH"},{"floor":15,"key":"REST"}],"neow_cost":"NONE","seed_source_timestamp":167751645933161,"circlet_count":0,"master_deck":["Strike_B","Strike_B","Strike_B","Defend_B","Defend_B","Defend_B","Defend_B","Zap","Dualcast","Doom and Gloom","Redo","Conserve Battery","Go for the Eyes","Defragment+1","Capacitor"],"relics":["Cracked Core","Darkstone Periapt","Shuriken","Golden Idol","CultistMask"],"potions_floor_usage":[8],"damage_taken":[{"damage":2,"enemies":"Small Slimes","floor":1,"turns":3},{"damage":1,"enemies":"Cultist","floor":2,"turns":3},{"damage":2,"enemies":"2 Louse","floor":3,"turns":2},{"damage":27,"enemies":"Exordium Wildlife","floor":4,"turns":4},{"damage":2,"enemies":"2 Fungi Beasts","floor":7,"turns":3},{"damage":5,"enemies":"Gremlin Nob","floor":8,"turns":3},{"damage":9,"enemies":"Looter","floor":13,"turns":4},{"damage":54,"enemies":"Slime Boss","floor":16,"turns":8}],"seed_played":"-3463935632541793506","potions_obtained":[{"floor":1,"key":"Poison Potion"},{"floor":2,"key":"Strength Potion"}],"is_trial":false,"path_per_floor":["M","M","M","M","$","R","M","E","T","$","?","?","M","?","R","B"],"character_chosen":"DEFECT","items_purchased":["Go for the Eyes","Defragment"],"campfire_rested":1,"item_purchase_floors":[5,5],"current_hp_per_floor":[66,65,63,36,36,36,34,29,29,29,11,11,2,27,49,0],"gold":115,"neow_bonus":"HUNDRED_GOLD","is_prod":false,"is_daily":false,"chose_seed":false,"campfire_upgraded":1,"win_rate":0,"timestamp":1556468693,"path_taken":["M","M","M","M","$","R","M","E","T","$","?","?","?","?","R","BOSS"],"build_version":"2019-01-23","purchased_purges":1,"victory":false,"max_hp_per_floor":[75,75,75,75,75,75,75,75,75,75,75,75,75,75,75,75],"card_choices":[{"not_picked":["White Noise","Lockon"],"picked":"Doom and Gloom","floor":1},{"not_picked":["Redo","Steam Power","Sweeping Beam"],"picked":"SKIP","floor":2},{"not_picked":["Redo","Sweeping Beam","Scrape"],"picked":"SKIP","floor":3},{"not_picked":["Sweeping Beam","Scrape"],"picked":"Redo","floor":3},{"not_picked":["Hello World","Hologram"],"picked":"Conserve Battery","floor":4},{"not_picked":["Compile Driver","Conserve Battery"],"picked":"Capacitor","floor":7},{"not_picked":["Beam Cell","Go for the Eyes","Rebound"],"picked":"SKIP","floor":8},{"not_picked":["Lockon","Sweeping Beam","Beam Cell"],"picked":"SKIP","floor":13}],"player_experience":498872,"relics_obtained":[{"floor":8,"key":"Darkstone Periapt"},{"floor":9,"key":"Shuriken"}],"event_choices":[{"damage_healed":0,"gold_gain":0,"player_choice":"Take Damage","damage_taken":18,"relics_obtained":["Golden Idol"],"max_hp_gain":0,"max_hp_loss":0,"event_name":"Golden Idol","floor":11,"gold_loss":0},{"damage_healed":0,"gold_gain":0,"player_choice":"Trade","damage_taken":0,"relics_obtained":["CultistMask"],"max_hp_gain":0,"max_hp_loss":0,"event_name":"FaceTrader","floor":12,"gold_loss":0},{"damage_healed":25,"gold_gain":0,"player_choice":"Banana","damage_taken":0,"max_hp_gain":0,"max_hp_loss":0,"event_name":"Big Fish","floor":14,"gold_loss":0}],"is_beta":false,"boss_relics":[],"items_purged_floors":[5],"is_endless":false,"potions_floor_spawned":[1,2],"killed_by":"Slime Boss","ascension_level":9}