{"gold_per_floor":[114,264,275,64,64,64,75,103,103,114,114],"floor_reached":11,"playtime":790,"items_purged":["Doubt"],"score":146,"play_id":"ad86aa71-b458-4648-9fd0-522b6620a5de","local_time":"20190514155852","is_ascension_mode":true,"campfire_choices":[{"data":"Noxious Fumes","floor":6,"key":"SMITH"}],"neow_cost":"NONE","seed_source_timestamp":1551933423331588,"circlet_count":0,"master_deck":["AscendersBane","Defend_G","Defend_G","Defend_G","Defend_G+1","Defend_G","Strike_G","Strike_G","Strike_G","Strike_G","Strike_G+1","Survivor","Neutralize","Quick Slash","Predator","Noxious Fumes+1","Backflip","Catalyst","Dodge and Roll"],"relics":["Ring of the Snake","NeowsBlessing","StoneCalendar","Molten Egg 2"],"potions_floor_usage":[8,11,11],"damage_taken":[{"damage":0,"enemies":"Cultist","floor":1,"turns":1},{"damage":0,"enemies":"Jaw Worm","floor":3,"turns":1},{"damage":0,"enemies":"2 Louse","floor":7,"turns":1},{"damage":31,"enemies":"3 Sentries","floor":8,"turns":9},{"damage":0,"enemies":"Blue Slaver","floor":10,"turns":5},{"damage":43,"enemies":"Gremlin Nob","floor":11,"turns":4}],"seed_played":"-8284242688731735517","potions_obtained":[{"floor":1,"key":"Regen Potion"},{"floor":8,"key":"Energy Potion"}],"is_trial":false,"path_per_floor":["M","?","M","$","?","R","M","E","T","M","E"],"character_chosen":"THE_SILENT","items_purchased":["Noxious Fumes","SteroidPotion"],"campfire_rested":0,"item_purchase_floors":[4,4],"current_hp_per_floor":[59,59,59,59,39,39,39,23,23,23,0],"gold":114,"neow_bonus":"THREE_ENEMY_KILL","is_prod":false,"is_daily":false,"chose_seed":false,"campfire_upgraded":1,"win_rate":0,"timestamp":1557817132,"path_taken":["M","?","M","$","?","R","M","E","T","M","E"],"build_version":"2019-05-07","purchased_purges":1,"victory":false,"max_hp_per_floor":[66,66,66,66,66,66,66,66,66,66,66],"card_choices":[{"not_picked":["Outmaneuver","Slice"],"picked":"Quick Slash","floor":1},{"not_picked":["Dodge and Roll","Unload"],"picked":"Predator","floor":3},{"not_picked":["Deflect","Acrobatics"],"picked":"Backflip","floor":7},{"not_picked":["Dodge and Roll","Prepared"],"picked":"Catalyst","floor":8},{"not_picked":["Escape Plan","Eviscerate+1"],"picked":"Dodge and Roll","floor":10}],"player_experience":3234066,"relics_obtained":[{"floor":8,"key":"StoneCalendar"},{"floor":9,"key":"Molten Egg 2"}],"event_choices":[{"damage_healed":0,"gold_gain":150,"player_choice":"AGREE","damage_taken":0,"max_hp_gain":0,"max_hp_loss":0,"event_name":"Liars Game","floor":2,"gold_loss":0,"cards_obtained":["Doubt"]},{"damage_healed":0,"gold_gain":0,"player_choice":"Entered Light","damage_taken":20,"max_hp_gain":0,"max_hp_loss":0,"event_name":"Shining Light","floor":5,"gold_loss":0,"cards_upgraded":["Defend_G","Strike_G"]}],"is_beta":true,"boss_relics":[],"items_purged_floors":[4],"is_endless":false,"potions_floor_spawned":[1,7,8],"killed_by":"Gremlin Nob","ascension_level":20}