{"gold_per_floor":[116,131,131,145,162,162,187,187,187,187,187,203,203,203,203,203],"floor_reached":16,"playtime":817,"items_purged":[],"score":185,"play_id":"4bb54037-2865-46fc-bd36-2e07643fc2f2","local_time":"20190512204857","is_ascension_mode":true,"campfire_choices":[{"data":"Bash","floor":6.0,"key":"SMITH"},{"data":"Shrug It Off","floor":8.0,"key":"SMITH"},{"data":"Iron Wave","floor":10,"key":"SMITH"},{"data":"Body Slam","floor":13,"key":"SMITH"},{"floor":15,"key":"REST"}],"neow_cost":"NONE","seed_source_timestamp":1396501276220512,"circlet_count":0,"master_deck":["AscendersBane","Strike_R","Strike_R","Strike_R","Strike_R","Defend_R","Defend_R","Defend_R","Defend_R","Bash+1","Shrug It Off+1","Iron Wave+1","Heavy Blade","Reaper","Dual Wield","Body Slam+1","True Grit"],"special_seed":0,"relics":["Burning Blood","Dream Catcher","Pantograph","The Courier"],"potions_floor_usage":[16],"damage_taken":[{"damage":5.0,"enemies":"2 Louse","floor":1.0,"turns":3.0},{"damage":1.0,"enemies":"Cultist","floor":2.0,"turns":4.0},{"damage":9.0,"enemies":"Jaw Worm","floor":4.0,"turns":3.0},{"damage":9.0,"enemies":"3 Louse","floor":5.0,"turns":5.0},{"damage":38.0,"enemies":"3 Sentries","floor":7.0,"turns":11.0},{"damage":46,"enemies":"Large Slime","floor":12,"turns":10},{"damage":114,"enemies":"Slime Boss","floor":16,"turns":16}],"seed_played":"7455143906721019136","potions_obtained":[{"floor":2.0,"key":"FearPotion"},{"floor":7.0,"key":"FairyPotion"},{"floor":12,"key":"Explosive Potion"}],"is_trial":false,"path_per_floor":["M","M","?","M","M","R","E","R","T","R","?","M","R","T","R","B"],"character_chosen":"IRONCLAD","items_purchased":[],"campfire_rested":1,"item_purchase_floors":[],"current_hp_per_floor":[76,81,81,78,81,81,57,57,57,57,62,30,30,30,56,0],"gold":203,"neow_bonus":"TEN_PERCENT_HP_BONUS","is_prod":false,"is_daily":false,"chose_seed":false,"campfire_upgraded":4,"win_rate":0,"timestamp":1557661737,"path_taken":["M","M","?","M","?","R","E","R","T","R","?","M","R","?","R","BOSS"],"build_version":"2019-05-07","purchased_purges":0,"victory":false,"max_hp_per_floor":[82,82,82,82,82,82,82,82,82,82,87,87,87,87,87,87],"card_choices":[{"not_picked":["Cleave","Clothesline"],"picked":"Shrug It Off","floor":1.0},{"not_picked":["Rupture","Wild Strike"],"picked":"Iron Wave","floor":2.0},{"not_picked":["Anger","Corruption"],"picked":"Reaper","floor":4.0},{"not_picked":["Clash","Bloodletting"],"picked":"Dual Wield","floor":5.0},{"not_picked":["Havoc","Sentinel","Perfected Strike"],"picked":"SKIP","floor":7.0},{"not_picked":["Havoc","Cleave"],"picked":"Body Slam","floor":12},{"not_picked":["Headbutt","Sword Boomerang"],"picked":"True Grit","floor":15}],"player_experience":3205302,"relics_obtained":[{"floor":7.0,"key":"Dream Catcher"},{"floor":9,"key":"Pantograph"},{"floor":14,"key":"The Courier"}],"event_choices":[{"damage_healed":0.0,"max_hp_gain":0.0,"max_hp_loss":0.0,"gold_gain":0.0,"cards_transformed":["Strike_R"],"event_name":"Transmorgrifier","player_choice":"Transformed","floor":3.0,"gold_loss":0.0,"damage_taken":0.0,"cards_obtained":["Heavy Blade"]},{"damage_healed":0,"gold_gain":0,"player_choice":"Donut","damage_taken":0,"max_hp_gain":5,"max_hp_loss":0,"event_name":"Big Fish","floor":11,"gold_loss":0}],"is_beta":true,"boss_relics":[],"items_purged_floors":[],"is_endless":false,"potions_floor_spawned":[2,7,12],"killed_by":"Slime Boss","ascension_level":17}