{"gold_per_floor":[118,130,37,51,2,36,36,62,135,135,135,135,149,182,182,182],"floor_reached":16,"playtime":740,"items_purged":[],"score":171,"play_id":"133532fb-e582-4e82-bb44-5d1fdd95df50","local_time":"20190422183143","is_ascension_mode":true,"campfire_choices":[{"data":"Defragment","floor":7,"key":"SMITH"},{"floor":10,"key":"REST"},{"data":"Barrage","floor":12,"key":"SMITH"},{"floor":15,"key":"REST"}],"neow_cost":"NONE","seed_source_timestamp":942551491799504,"circlet_count":0,"master_deck":["Strike_B","Strike_B","Strike_B","Defend_B","Defend_B","Defend_B","Defend_B","Zap+1","Dualcast","Coolheaded+1","Coolheaded","Static Discharge","Bandage Up","Defragment+1","Barrage+1","Turbo","Ball Lightning","Steam Power+1"],"relics":["Cracked Core","Peace Pipe","Ancient Tea Set","Toxic Egg 2","War Paint"],"potions_floor_usage":[8,8,16],"damage_taken":[{"damage":7,"enemies":"Jaw Worm","floor":1,"turns":3},{"damage":0,"enemies":"2 Louse","floor":2,"turns":3},{"damage":9,"enemies":"Small Slimes","floor":4,"turns":5},{"damage":28,"enemies":"Lagavulin","floor":6,"turns":8},{"damage":17,"enemies":"3 Sentries","floor":8,"turns":9},{"damage":3,"enemies":"Gremlin Gang","floor":13,"turns":4},{"damage":39,"enemies":"Lagavulin","floor":14,"turns":7},{"damage":42,"enemies":"Slime Boss","floor":16,"turns":5}],"seed_played":"-2666970815631201555","potions_obtained":[{"floor":4,"key":"Block Potion"},{"floor":6,"key":"Ancient Potion"},{"floor":14,"key":"AttackPotion"}],"is_trial":false,"path_per_floor":["M","M","$","M","$","E","R","E","T","R","?","R","M","E","R","B"],"character_chosen":"DEFECT","items_purchased":["Bandage Up","Barrage"],"campfire_rested":2,"item_purchase_floors":[3,5],"current_hp_per_floor":[61,61,61,56,56,32,32,19,19,41,41,41,42,7,29,0],"gold":182,"neow_bonus":"TRANSFORM_CARD","is_prod":false,"is_daily":false,"chose_seed":false,"campfire_upgraded":2,"win_rate":0,"timestamp":1555950703,"path_taken":["M","M","$","M","$","E","R","E","T","R","?","R","M","E","R","BOSS"],"build_version":"2019-01-23","purchased_purges":0,"victory":false,"max_hp_per_floor":[75,75,75,75,75,75,75,75,75,75,75,75,75,75,75,75],"card_choices":[{"not_picked":["Recycle","Steam"],"picked":"Coolheaded","floor":1},{"not_picked":["Reprogram","Beam Cell"],"picked":"Static Discharge","floor":2},{"not_picked":["Coolheaded","Core Surge"],"picked":"Defragment","floor":4},{"not_picked":["Fusion","Beam Cell"],"picked":"Turbo","floor":6},{"not_picked":["Consume","Lockon","Cold Snap"],"picked":"SKIP","floor":8},{"not_picked":["Turbo+1","Skim+1"],"picked":"Ball Lightning","floor":13},{"not_picked":["Beam Cell","Sweeping Beam"],"picked":"Steam Power+1","floor":14}],"player_experience":468931,"relics_obtained":[{"floor":6,"key":"Peace Pipe"},{"floor":8,"key":"Ancient Tea Set"},{"floor":9,"key":"Toxic Egg 2"},{"floor":14,"key":"War Paint"}],"event_choices":[{"damage_healed":0,"gold_gain":0,"player_choice":"Ignored","damage_taken":0,"max_hp_gain":0,"max_hp_loss":0,"event_name":"Golden Wing","floor":11,"gold_loss":0}],"is_beta":false,"boss_relics":[],"items_purged_floors":[],"is_endless":false,"potions_floor_spawned":[4,6,14],"killed_by":"Slime Boss","ascension_level":9}