{"gold_per_floor":[112,127,127,147,222,222,239,271,271,271,306,306,324,357,357,428,428,441,401,6,20,37,37,37,37,116,116,136,150,164,176,176,176],"floor_reached":33,"playtime":1056,"items_purged":["Strike_B"],"score":603,"play_id":"e060b472-ebf0-4a16-8459-a3be331596f8","local_time":"20190330000935","is_ascension_mode":true,"campfire_choices":[{"data":"Zap","floor":6,"key":"SMITH"},{"floor":10,"key":"REST"},{"floor":12,"key":"REST"},{"data":"Zap","floor":15,"key":"SMITH"},{"floor":32,"key":"DIG"}],"neow_cost":"NONE","seed_source_timestamp":1383000152529600,"circlet_count":0,"master_deck":["AscendersBane","Defend_B","Defend_B","Defend_B","Defend_B","Zap+1","Dualcast","All For One","Steam","Go for the Eyes","Zap+1","Streamline","Self Repair","Gash","Reprogram","Cold Snap+1","Turbo","Hyperbeam+1","Doubt","Parasite","Shame","Melter+1","Glacier","Bite+1","Bite+1","Bite+1","Bite+1","Bite+1","Stack+1","Sunder+1","Stack"],"relics":["Cracked Core","Orichalcum","Bottled Lightning","Molten Egg 2","Shovel","Calling Bell","Bag of Marbles","Pear","Girya","Bird Faced Urn","Mercury Hourglass","Tiny Chest","Ice Cream"],"potions_floor_usage":[8,11,18,21,23,33,33],"damage_taken":[{"damage":5,"enemies":"Small Slimes","floor":1,"turns":3},{"damage":6,"enemies":"Cultist","floor":2,"turns":3},{"damage":2,"enemies":"Jaw Worm","floor":4,"turns":5},{"damage":22,"enemies":"Large Slime","floor":7,"turns":5},{"damage":10,"enemies":"Lagavulin","floor":8,"turns":6},{"damage":18,"enemies":"3 Sentries","floor":11,"turns":6},{"damage":12,"enemies":"Gremlin Gang","floor":13,"turns":4},{"damage":16,"enemies":"Lagavulin","floor":14,"turns":5},{"damage":26,"enemies":"Hexaghost","floor":16,"turns":10},{"damage":27,"enemies":"3 Byrds","floor":18,"turns":4},{"damage":8,"enemies":"Chosen","floor":21,"turns":5},{"damage":26,"enemies":"Snake Plant","floor":22,"turns":4},{"damage":0,"enemies":"Book of Stabbing","floor":23,"turns":1},{"damage":6,"enemies":"Chosen and Byrds","floor":28,"turns":4},{"damage":22,"enemies":"Cultist and Chosen","floor":29,"turns":7},{"damage":15,"enemies":"Sentry and Sphere","floor":30,"turns":5},{"damage":6,"enemies":"3 Cultists","floor":31,"turns":4},{"damage":90,"enemies":"Collector","floor":33,"turns":8}],"seed_played":"-1039150491621400717","potions_obtained":[{"floor":1,"key":"Fire Potion"},{"floor":4,"key":"GamblersBrew"},{"floor":16,"key":"Explosive Potion"},{"floor":18,"key":"Weak Potion"},{"floor":19,"key":"SmokeBomb"},{"floor":19,"key":"FocusPotion"},{"floor":27,"key":"Dexterity Potion"},{"floor":27,"key":"FearPotion"}],"is_trial":false,"path_per_floor":["M","M","?","M","?","R","M","E","T","R","E","R","M","E","R","B",null,"M","?","$","M","M","E","?","T","T","?","M","M","M","M","R","B"],"character_chosen":"DEFECT","items_purchased":["Bird Faced Urn"],"campfire_rested":2,"item_purchase_floors":[20],"current_hp_per_floor":[59,53,53,51,40,40,25,22,22,43,32,53,41,32,32,13,67,47,47,47,48,31,31,31,31,31,31,31,36,42,45,45,0],"gold":176,"neow_bonus":"ONE_RANDOM_RARE_CARD","is_prod":false,"is_daily":false,"chose_seed":false,"campfire_upgraded":2,"win_rate":0,"timestamp":1553872175,"path_taken":["M","M","?","?","?","R","M","E","T","R","E","R","M","E","R","BOSS","M","?","$","M","?","E","?","?","T","?","M","?","M","M","R","BOSS"],"build_version":"2019-01-23","purchased_purges":1,"victory":false,"max_hp_per_floor":[71,71,71,71,71,71,71,71,71,71,71,71,71,71,71,71,81,81,81,81,81,81,81,56,56,56,56,56,56,56,56,56,56],"card_choices":[{"not_picked":["Fusion","Coolheaded"],"picked":"Steam","floor":1},{"not_picked":["Fusion","Cold Snap"],"picked":"Go for the Eyes","floor":2},{"not_picked":["Chill","Storm"],"picked":"Self Repair","floor":4},{"not_picked":["Tempest","Steam"],"picked":"Gash","floor":7},{"not_picked":["Coolheaded","Skim"],"picked":"Reprogram","floor":8},{"not_picked":["Double Energy","Stack","Rainbow"],"picked":"SKIP","floor":11},{"not_picked":["Auto Shields","Streamline+1"],"picked":"Cold Snap+1","floor":13},{"not_picked":["Hologram","Leap"],"picked":"Turbo","floor":14},{"not_picked":["Fission","Amplify"],"picked":"Hyperbeam+1","floor":16},{"not_picked":["Lockon+1","Turbo","Storm"],"picked":"SKIP","floor":18},{"not_picked":["Hologram","Go for the Eyes+1"],"picked":"Melter+1","floor":21},{"not_picked":["Turbo","Steam"],"picked":"Glacier","floor":22},{"not_picked":["Blizzard+1","Rebound+1"],"picked":"Stack+1","floor":28},{"not_picked":["Auto Shields","Redo"],"picked":"Sunder+1","floor":29},{"not_picked":["Thunder Strike+1","Coolheaded","Lockon+1"],"picked":"SKIP","floor":30},{"not_picked":["Thunder Strike+1","Coolheaded","Lockon+1"],"picked":"SKIP","floor":30},{"not_picked":["Streamline+1","Redo"],"picked":"Stack","floor":31}],"player_experience":4659713,"relics_obtained":[{"floor":8,"key":"Orichalcum"},{"floor":9,"key":"Bottled Lightning"},{"floor":11,"key":"Molten Egg 2"},{"floor":14,"key":"Shovel"},{"floor":17,"key":"Bag of Marbles"},{"floor":17,"key":"Pear"},{"floor":17,"key":"Girya"},{"floor":25,"key":"Mercury Hourglass"},{"floor":26,"key":"Tiny Chest"},{"floor":32,"key":"Ice Cream"}],"event_choices":[{"damage_healed":0,"gold_gain":0,"player_choice":"2 cards matched","damage_taken":0,"max_hp_gain":0,"max_hp_loss":0,"event_name":"Match and Keep!","floor":3,"gold_loss":0,"cards_obtained":["Zap","Streamline"]},{"damage_healed":0,"gold_gain":75,"player_choice":"Gather Gold","damage_taken":11,"max_hp_gain":0,"max_hp_loss":0,"event_name":"World of Goop","floor":5,"gold_loss":0},{"damage_healed":0,"gold_gain":0,"player_choice":"Bought 3 Potions","damage_taken":0,"max_hp_gain":0,"max_hp_loss":0,"event_name":"The Woman in Blue","floor":19,"gold_loss":0},{"damage_healed":0,"gold_gain":0,"player_choice":"Became a vampire","damage_taken":0,"max_hp_gain":0,"max_hp_loss":25,"event_name":"Vampires","floor":24,"gold_loss":0,"cards_obtained":["Bite","Bite","Bite","Bite","Bite"]},{"damage_healed":0,"gold_gain":0,"player_choice":"Got Potions","damage_taken":0,"max_hp_gain":0,"max_hp_loss":0,"event_name":"Lab","floor":27,"gold_loss":0}],"is_beta":false,"boss_relics":[{"not_picked":["Coffee Dripper","White Beast Statue"],"picked":"Calling Bell"}],"items_purged_floors":[20],"is_endless":false,"potions_floor_spawned":[1,4,7,16,18,29,31],"killed_by":"Collector","ascension_level":20}