{"gold_per_floor":[19,32,51,64,64,64,76,76,76,76,106,134,134,59,59,134,134,144,155,172,190,140,140,40,70,70,83,83,109,127,138,138,214,214,227,327,327,343,358,358,368,368],"floor_reached":42,"playtime":1464,"items_purged":["Strike_B","Defend_B"],"score":884,"play_id":"a72b3dc1-9345-42c3-b282-81af609bcb05","local_time":"20190525130009","is_ascension_mode":true,"campfire_choices":[{"data":"Static Discharge","floor":6,"key":"SMITH"},{"data":"Static Discharge","floor":8,"key":"SMITH"},{"data":"Static Discharge","floor":10,"key":"SMITH"},{"data":"Consume","floor":15,"key":"SMITH"},{"floor":23,"key":"REST"},{"floor":28,"key":"REST"},{"floor":32,"key":"REST"},{"floor":40,"key":"REST"}],"neow_cost":"NO_GOLD","seed_source_timestamp":219684270968300,"circlet_count":0,"master_deck":["AscendersBane","Strike_B+1","Strike_B+1","Defend_B+1","Defend_B","Zap+1","Dualcast","Static Discharge+1","Static Discharge+1","Static Discharge+1","Undo","Consume+1","Biased Cognition","Glacier","Capacitor","BootSequence","Gash","Conserve Battery+1","Thunder Strike","Leap+1"],"relics":["Cracked Core","Matryoshka","Tiny Chest","Whetstone","Pocketwatch","War Paint","Boot","Sozu","Bottled Lightning","DataDisk","Velvet Choker","Emotion Chip","Kunai"],"potions_floor_usage":[4,29,33],"damage_taken":[{"damage":4,"enemies":"Jaw Worm","floor":1,"turns":4},{"damage":1,"enemies":"Cultist","floor":2,"turns":3},{"damage":14,"enemies":"Small Slimes","floor":3,"turns":2},{"damage":17,"enemies":"Gremlin Gang","floor":4,"turns":3},{"damage":14,"enemies":"Exordium Wildlife","floor":7,"turns":5},{"damage":22,"enemies":"3 Sentries","floor":12,"turns":4},{"damage":8,"enemies":"Hexaghost","floor":16,"turns":2},{"damage":3,"enemies":"Spheric Guardian","floor":18,"turns":3},{"damage":3,"enemies":"3 Byrds","floor":19,"turns":3},{"damage":5,"enemies":"Snecko","floor":20,"turns":5},{"damage":21,"enemies":"Shelled Parasite and Fungi","floor":21,"turns":5},{"damage":7,"enemies":"Book of Stabbing","floor":25,"turns":3},{"damage":17,"enemies":"Cultist and Chosen","floor":27,"turns":3},{"damage":32,"enemies":"Slavers","floor":29,"turns":2},{"damage":0,"enemies":"Snake Plant","floor":30,"turns":5},{"damage":0,"enemies":"Sentry and Sphere","floor":31,"turns":14},{"damage":27,"enemies":"Collector","floor":33,"turns":9},{"damage":24,"enemies":"3 Darklings","floor":35,"turns":3},{"damage":0,"enemies":"Mind Bloom Boss Battle","floor":36,"turns":10},{"damage":12,"enemies":"3 Shapes","floor":38,"turns":6},{"damage":1,"enemies":"Sphere and 2 Shapes","floor":39,"turns":7},{"damage":4,"enemies":"Writhing Mass","floor":41,"turns":13},{"damage":36,"enemies":"Nemesis","floor":42,"turns":2}],"seed_played":"9206454202094541757","potions_obtained":[{"floor":2,"key":"AttackPotion"},{"floor":4,"key":"Dexterity Potion"},{"floor":16,"key":"Explosive Potion"}],"is_trial":false,"path_per_floor":["M","M","M","M","?","R","M","R","T","R","T","E","T","$","R","B",null,"M","M","M","M","?","R","$","E","T","M","R","E","M","M","R","B",null,"M","?","T","M","M","R","M","E"],"character_chosen":"DEFECT","items_purchased":[],"campfire_rested":4,"item_purchase_floors":[],"current_hp_per_floor":[60,59,45,28,51,51,37,37,37,37,37,15,15,15,15,7,55,52,49,44,23,23,44,44,37,37,20,41,9,9,9,30,3,54,30,30,30,18,17,38,34,0],"gold":368,"neow_bonus":"REMOVE_TWO","is_prod":false,"is_daily":false,"chose_seed":false,"campfire_upgraded":4,"win_rate":0,"timestamp":1558756809,"path_taken":["M","M","M","M","?","R","M","R","T","R","?","E","?","$","R","BOSS","M","M","M","?","?","R","$","E","T","?","R","E","M","M","R","BOSS","M","?","?","M","M","R","?","E"],"build_version":"2019-01-23","purchased_purges":2,"victory":false,"max_hp_per_floor":[71,71,71,71,71,71,71,71,71,71,71,71,71,71,71,71,71,71,71,71,71,71,71,71,71,71,71,71,71,71,71,71,71,71,71,71,71,71,71,71,71,71],"card_choices":[{"not_picked":["Conserve Battery","Go for the Eyes"],"picked":"Static Discharge","floor":1},{"not_picked":["Storm","Barrage"],"picked":"Static Discharge","floor":2},{"not_picked":["Sweeping Beam","Scrape"],"picked":"Static Discharge","floor":3},{"not_picked":["Capacitor","Beam Cell"],"picked":"Undo","floor":4},{"not_picked":["Ball Lightning","Sweeping Beam","Rip and Tear"],"picked":"SKIP","floor":7},{"not_picked":["Stack","Turbo"],"picked":"Consume","floor":12},{"not_picked":["Seek","Meteor Strike"],"picked":"Biased Cognition","floor":16},{"not_picked":["FTL","Sunder"],"picked":"Glacier","floor":18},{"not_picked":["Chill","Ball Lightning","Hello World"],"picked":"SKIP","floor":19},{"not_picked":["Beam Cell","Doom and Gloom"],"picked":"Capacitor","floor":20},{"not_picked":["Rebound","Barrage","Blizzard"],"picked":"SKIP","floor":21},{"not_picked":["Skim","Genetic Algorithm"],"picked":"BootSequence","floor":25},{"not_picked":["Stack","Barrage"],"picked":"Gash","floor":27},{"not_picked":["Genetic Algorithm","Buffer"],"picked":"Conserve Battery+1","floor":29},{"not_picked":["Turbo","Compile Driver","Streamline"],"picked":"SKIP","floor":30},{"not_picked":["Cold Snap","Sunder+1","Conserve Battery"],"picked":"SKIP","floor":31},{"not_picked":["Hyperbeam","Buffer"],"picked":"Thunder Strike","floor":33},{"not_picked":["Barrage","Hello World","Conserve Battery"],"picked":"SKIP","floor":35},{"not_picked":["Buffer","Sweeping Beam"],"picked":"Leap+1","floor":38},{"not_picked":["Doom and Gloom","Sweeping Beam","Compile Driver"],"picked":"SKIP","floor":39},{"not_picked":["Leap","Streamline","Go for the Eyes"],"picked":"SKIP","floor":41}],"player_experience":5154980,"relics_obtained":[{"floor":9,"key":"Matryoshka"},{"floor":11,"key":"Tiny Chest"},{"floor":11,"key":"Whetstone"},{"floor":12,"key":"Pocketwatch"},{"floor":13,"key":"War Paint"},{"floor":13,"key":"Boot"},{"floor":25,"key":"Bottled Lightning"},{"floor":29,"key":"DataDisk"},{"floor":36,"key":"Emotion Chip"},{"floor":37,"key":"Kunai"}],"event_choices":[{"damage_healed":23,"gold_gain":0,"player_choice":"Banana","damage_taken":0,"max_hp_gain":0,"max_hp_loss":0,"event_name":"Big Fish","floor":5,"gold_loss":0},{"damage_healed":0,"gold_gain":0,"player_choice":"Bet on Murderer","damage_taken":0,"max_hp_gain":0,"max_hp_loss":0,"event_name":"The Joust","floor":22,"gold_loss":50},{"damage_healed":0,"gold_gain":0,"player_choice":"Fight","damage_taken":0,"max_hp_gain":0,"max_hp_loss":0,"event_name":"MindBloom","floor":36,"gold_loss":0}],"is_beta":false,"boss_relics":[{"not_picked":["Lizard Tail","Runic Pyramid"],"picked":"Sozu"},{"not_picked":["FrozenCore","Snecko Eye"],"picked":"Velvet Choker"}],"items_purged_floors":[14,24],"is_endless":false,"potions_floor_spawned":[2,4,16,19,25,29,33,35,36,38],"killed_by":"Nemesis","ascension_level":20}