{"gold_per_floor":[114,114,130,55,55,55,69,102,102,102,127,127,302,202,202,330,330,349],"floor_reached":18,"playtime":1215,"items_purged":["Defend_R","Doubt"],"score":256,"play_id":"bf470514-37b1-47a0-b313-6fb1061fbd8b","local_time":"20190501111032","is_ascension_mode":true,"campfire_choices":[{"data":"Dropkick","floor":6,"key":"SMITH"},{"floor":15,"key":"REST"}],"neow_cost":"NONE","seed_source_timestamp":1704432767257206,"circlet_count":0,"master_deck":["AscendersBane","Strike_R","Strike_R","Strike_R","Strike_R","Strike_R","Defend_R","Defend_R","Defend_R","Bash","Dropkick+1","Parasite"],"relics":["Burning Blood","NeowsBlessing","Golden Idol","Dodecahedron","Ginger","Lizard Tail"],"potions_floor_usage":[8,8,16],"damage_taken":[{"damage":0,"enemies":"Jaw Worm","floor":1,"turns":1},{"damage":0,"enemies":"2 Louse","floor":3,"turns":1},{"damage":0,"enemies":"Cultist","floor":7,"turns":1},{"damage":36,"enemies":"Lagavulin","floor":8,"turns":6},{"damage":11,"enemies":"Blue Slaver","floor":11,"turns":3},{"damage":72,"enemies":"The Guardian","floor":16,"turns":9},{"damage":88,"enemies":"Spheric Guardian","floor":18,"turns":8}],"seed_played":"6953659531771771264","potions_obtained":[{"floor":1,"key":"Weak Potion"},{"floor":7,"key":"SneckoOil"},{"floor":8,"key":"PowerPotion"},{"floor":11,"key":"SteroidPotion"}],"is_trial":false,"path_per_floor":["M","?","M","$","?","R","M","E","T","$","M","?","?","$","R","B",null,"M"],"character_chosen":"IRONCLAD","items_purchased":[],"campfire_rested":1,"item_purchase_floors":[],"current_hp_per_floor":[78,58,64,64,64,64,70,40,40,40,35,55,55,55,79,13,63,24],"gold":349,"neow_bonus":"THREE_ENEMY_KILL","is_prod":false,"is_daily":false,"chose_seed":false,"campfire_upgraded":1,"win_rate":0,"timestamp":1556698232,"path_taken":["M","?","M","$","?","R","M","E","T","?","?","?","?","$","R","BOSS","M"],"build_version":"2019-01-23","purchased_purges":2,"victory":false,"max_hp_per_floor":[80,80,80,80,80,80,80,80,80,80,80,80,80,80,80,80,80,80],"card_choices":[{"not_picked":["Spot Weakness","Sword Boomerang"],"picked":"Dropkick","floor":1},{"not_picked":["Bloodletting","Sever Soul","Power Through"],"picked":"SKIP","floor":3},{"not_picked":["Uppercut","Rampage","Burning Pact"],"picked":"SKIP","floor":7},{"not_picked":["Thunderclap","Warcry","Flex"],"picked":"SKIP","floor":8},{"not_picked":["Inflame","Perfected Strike","Power Through"],"picked":"SKIP","floor":11}],"player_experience":1284684,"relics_obtained":[{"floor":8,"key":"Dodecahedron"},{"floor":9,"key":"Ginger"}],"event_choices":[{"damage_healed":0,"gold_gain":0,"player_choice":"Take Damage","damage_taken":20,"relics_obtained":["Golden Idol"],"max_hp_gain":0,"max_hp_loss":0,"event_name":"Golden Idol","floor":2,"gold_loss":0},{"damage_healed":0,"gold_gain":0,"player_choice":"Ignored","damage_taken":0,"max_hp_gain":0,"max_hp_loss":0,"event_name":"Shining Light","floor":5,"gold_loss":0},{"damage_healed":20,"gold_gain":0,"player_choice":"Healed and dodged fight","damage_taken":0,"max_hp_gain":0,"max_hp_loss":0,"event_name":"Mushrooms","floor":12,"gold_loss":0,"cards_obtained":["Parasite"]},{"damage_healed":0,"gold_gain":175,"player_choice":"AGREE","damage_taken":0,"max_hp_gain":0,"max_hp_loss":0,"event_name":"Liars Game","floor":13,"gold_loss":0,"cards_obtained":["Doubt"]}],"is_beta":false,"boss_relics":[{"not_picked":["White Beast Statue","Snecko Eye"],"picked":"Lizard Tail"}],"items_purged_floors":[4,14],"is_endless":false,"potions_floor_spawned":[1,7,8,11],"killed_by":"Spheric Guardian","ascension_level":12}