{"gold_per_floor":[16,26,38,52,52,52,82,82,82,82,108,123,123,123,123,201,201,217,236,254,46,46,46,76,87,112,37,37,37,62,75,75,152,182,197,50,66,66,90,90,121,121,144,174,174,192,192,221,221,221,221,221,16,44,44],"floor_reached":56,"playtime":5014,"items_purged":["Bash","Pain","Dropkick"],"score":2254,"play_id":"3ae730f0-3a55-4e40-b968-dbc80ebfaa10","local_time":"20190513022820","is_ascension_mode":true,"campfire_choices":[{"data":"Immolate","floor":6,"key":"SMITH"},{"data":"1","floor":10,"key":"LIFT"},{"data":"Entrench","floor":15,"key":"SMITH"},{"data":"Armaments","floor":23,"key":"SMITH"},{"floor":29,"key":"REST"},{"floor":32,"key":"REST"},{"data":"2","floor":40,"key":"LIFT"},{"data":"3","floor":42,"key":"LIFT"},{"data":"Feel No Pain","floor":45,"key":"SMITH"},{"data":"Offering","floor":47,"key":"SMITH"},{"floor":49,"key":"RECALL"},{"data":"Impervious","floor":52,"key":"SMITH"}],"neow_cost":"NO_GOLD","seed_source_timestamp":1412661557178905,"circlet_count":0,"master_deck":["AscendersBane","Immolate+1","Reckless Charge","Rage","Intimidate","Barricade","Reckless Charge","Entrench+1","Offering+1","Dual Wield","Armaments+1","Iron Wave","Heavy Blade","Rage","Dark Embrace+1","Feel No Pain+1","Ghostly Armor","True Grit","Seeing Red+1","Evolve","Shame","Second Wind","Juggernaut","Impervious+1","Shame","Shame","Intimidate+1","Battle Trance","Reckless Charge+1","Battle Trance","Shrug It Off"],"relics":["Burning Blood","Pocketwatch","Girya","Turnip","Paper Frog","Pandora\u0027s Box","Potion Belt","Oddly Smooth Stone","Calipers","Anchor","Orichalcum","Calling Bell","Tiny Chest","The Courier","Gambling Chip","Self Forming Clay","Art of War","Bird Faced Urn","Red Skull","Centennial Puzzle"],"potions_floor_usage":[4,38,50,55,55,55,55],"damage_taken":[{"damage":7,"enemies":"Jaw Worm","floor":1,"turns":2},{"damage":3,"enemies":"2 Louse","floor":2,"turns":2},{"damage":1,"enemies":"Cultist","floor":3,"turns":3},{"damage":31,"enemies":"Exordium Thugs","floor":4,"turns":4},{"damage":13,"enemies":"3 Sentries","floor":7,"turns":4},{"damage":1,"enemies":"Lagavulin","floor":11,"turns":7},{"damage":6,"enemies":"Exordium Wildlife","floor":12,"turns":2},{"damage":12,"enemies":"The Guardian","floor":16,"turns":13},{"damage":6,"enemies":"Chosen","floor":18,"turns":6},{"damage":6,"enemies":"Spheric Guardian","floor":19,"turns":8},{"damage":15,"enemies":"Shelled Parasite and Fungi","floor":20,"turns":11},{"damage":38,"enemies":"Gremlin Leader","floor":24,"turns":7},{"damage":6,"enemies":"Chosen and Byrds","floor":25,"turns":9},{"damage":6,"enemies":"Slavers","floor":30,"turns":5},{"damage":25,"enemies":"Snecko","floor":31,"turns":7},{"damage":6,"enemies":"Collector","floor":33,"turns":10},{"damage":18,"enemies":"Orb Walker","floor":35,"turns":6},{"damage":0,"enemies":"3 Shapes","floor":37,"turns":3},{"damage":31,"enemies":"Spire Growth","floor":38,"turns":7},{"damage":6,"enemies":"Nemesis","floor":41,"turns":12},{"damage":6,"enemies":"Giant Head","floor":44,"turns":9},{"damage":6,"enemies":"Jaw Worm Horde","floor":46,"turns":4},{"damage":38,"enemies":"Reptomancer","floor":48,"turns":6},{"damage":40,"enemies":"Awakened One","floor":50,"turns":16},{"damage":46,"enemies":"Shield and Spear","floor":54,"turns":9},{"damage":13,"enemies":"The Heart","floor":55,"turns":10}],"seed_played":"-7986822857935767775","potions_obtained":[{"floor":1,"key":"Weak Potion"},{"floor":2,"key":"BloodPotion"},{"floor":11,"key":"Fire Potion"},{"floor":16,"key":"Dexterity Potion"},{"floor":18,"key":"Strength Potion"},{"floor":19,"key":"Dexterity Potion"},{"floor":37,"key":"Ancient Potion"},{"floor":41,"key":"LiquidBronze"},{"floor":54,"key":"SkillPotion"}],"is_trial":false,"path_per_floor":["M","M","M","M","?","R","E","?","T","R","E","M","$","?","R","B",null,"M","M","M","$","?","R","E","M","T","$","?","R","E","M","R","B",null,"M","$","M","M","T","R","E","R","T","E","R","M","R","E","R","B",null,"R","$","E","B",null],"character_chosen":"IRONCLAD","items_purchased":["Evolve","Potion Belt","Regen Potion","Strength Potion","GamblersBrew"],"campfire_rested":2,"item_purchase_floors":[21,21,36,53,53],"current_hp_per_floor":[67,70,75,57,62,62,55,55,55,55,60,60,60,55,55,49,72,72,72,63,63,63,63,31,31,31,31,31,55,55,36,60,60,75,63,63,69,58,58,58,58,58,58,58,58,66,66,44,44,18,65,65,65,35,38],"gold":44,"neow_bonus":"THREE_RARE_CARDS","is_prod":false,"is_daily":false,"chose_seed":false,"campfire_upgraded":6,"win_rate":0,"timestamp":1557682100,"path_taken":["M","M","M","M","?","R","E","?","T","R","E","?","$","?","R","BOSS","M","M","M","$","?","R","E","M","T","$","?","R","E","M","R","BOSS","M","$","M","M","?","R","E","R","T","E","R","M","R","E","R","BOSS","R","$","E","BOSS"],"build_version":"2019-05-07","purchased_purges":3,"victory":true,"max_hp_per_floor":[75,75,75,75,80,80,80,80,80,80,80,80,80,80,80,80,80,80,80,80,80,80,80,80,80,80,80,80,80,80,80,80,80,80,80,80,80,80,80,80,80,80,80,80,80,80,80,80,80,80,80,80,80,80,80],"card_choices":[{"not_picked":["Impervious","Bludgeon"],"picked":"Immolate","floor":0},{"not_picked":["Pommel Strike","Clash"],"picked":"Reckless Charge","floor":1},{"not_picked":["Cleave","Sword Boomerang","Body Slam"],"picked":"SKIP","floor":2},{"not_picked":["Pommel Strike","Cleave"],"picked":"Rage","floor":3},{"not_picked":["Entrench","Fire Breathing"],"picked":"Intimidate","floor":4},{"not_picked":["Warcry","Thunderclap"],"picked":"Barricade","floor":7},{"not_picked":["Fire Breathing","Seeing Red","Perfected Strike"],"picked":"SKIP","floor":11},{"not_picked":["Warcry","Heavy Blade"],"picked":"Entrench","floor":12},{"not_picked":["Limit Break","Feed"],"picked":"Offering","floor":16},{"not_picked":["Carnage","Havoc","Flex"],"picked":"SKIP","floor":18},{"not_picked":["Clash","Sword Boomerang"],"picked":"True Grit","floor":19},{"not_picked":["Flex","Heavy Blade"],"picked":"Seeing Red+1","floor":20},{"not_picked":["Warcry","Sword Boomerang+1","Wild Strike"],"picked":"SKIP","floor":24},{"not_picked":["Perfected Strike+1","Thunderclap"],"picked":"Second Wind","floor":25},{"not_picked":["Burning Pact","Armaments"],"picked":"Juggernaut","floor":30},{"not_picked":["Twin Strike","Havoc"],"picked":"Dropkick","floor":31},{"not_picked":["Offering","Juggernaut"],"picked":"Impervious","floor":33},{"not_picked":["Shrug It Off","Ghostly Armor"],"picked":"Intimidate+1","floor":35},{"not_picked":["Sentinel","Pommel Strike"],"picked":"Battle Trance","floor":37},{"not_picked":["Thunderclap","Anger"],"picked":"Reckless Charge+1","floor":38},{"not_picked":["Havoc","Sword Boomerang+1","Heavy Blade"],"picked":"SKIP","floor":41},{"not_picked":["Armaments+1","Bludgeon"],"picked":"Battle Trance","floor":44},{"not_picked":["Flex","Reckless Charge","Battle Trance"],"picked":"SKIP","floor":46},{"not_picked":["Heavy Blade","Wild Strike"],"picked":"Shrug It Off","floor":48},{"not_picked":["Perfected Strike","Spot Weakness+1","Dual Wield"],"picked":"SKIP","floor":54}],"player_experience":3210400,"relics_obtained":[{"floor":7,"key":"Pocketwatch"},{"floor":9,"key":"Girya"},{"floor":11,"key":"Turnip"},{"floor":24,"key":"Calipers"},{"floor":26,"key":"Anchor"},{"floor":30,"key":"Orichalcum"},{"floor":34,"key":"Tiny Chest"},{"floor":34,"key":"The Courier"},{"floor":34,"key":"Gambling Chip"},{"floor":41,"key":"Self Forming Clay"},{"floor":43,"key":"Art of War"},{"floor":44,"key":"Bird Faced Urn"},{"floor":48,"key":"Red Skull"},{"floor":54,"key":"Centennial Puzzle"}],"event_choices":[{"damage_healed":0,"gold_gain":0,"player_choice":"Donut","damage_taken":0,"max_hp_gain":5,"max_hp_loss":0,"event_name":"Big Fish","floor":5,"gold_loss":0},{"damage_healed":0,"gold_gain":0,"cards_transformed":["Strike_R"],"player_choice":"Transformed","damage_taken":0,"max_hp_gain":0,"max_hp_loss":0,"event_name":"Transmorgrifier","floor":8,"gold_loss":0,"cards_obtained":["Reckless Charge"]},{"damage_healed":0,"gold_gain":0,"player_choice":"Success","damage_taken":5,"relics_obtained":["Paper Frog"],"max_hp_gain":0,"max_hp_loss":0,"event_name":"Scrap Ooze","floor":14,"gold_loss":0},{"damage_healed":0,"gold_gain":0,"player_choice":"Stole Relic","damage_taken":0,"relics_obtained":["Oddly Smooth Stone"],"max_hp_gain":0,"max_hp_loss":0,"event_name":"Addict","floor":22,"gold_loss":0,"cards_obtained":["Shame"]},{"damage_healed":0,"gold_gain":0,"player_choice":"Upgraded","damage_taken":0,"max_hp_gain":0,"max_hp_loss":0,"event_name":"Upgrade Shrine","floor":28,"gold_loss":0,"cards_upgraded":["Dark Embrace"]}],"is_beta":true,"boss_relics":[{"not_picked":["Empty Cage","Busted Crown"],"picked":"Pandora\u0027s Box"},{"not_picked":["Snecko Eye","Orrery"],"picked":"Calling Bell"}],"items_purged_floors":[27,36,53],"is_endless":false,"potions_floor_spawned":[1,2,11,16,18,19,20,37,41,48,54],"ascension_level":17}