{"gold_per_floor":[118,118,136,146,158,183,183,193,219,219,219,230,77,104,104,202,202,220,320,355,371,371,371,387,387,387,417,45,45,45,64,64,161,161,174,220,220,220,237,237,268,268,268,268,268,268,98,115,115,115],"floor_reached":51,"playtime":2536,"items_purged":["Strike_B","Dualcast"],"score":1172,"play_id":"04222293-80a6-4d28-b2ac-c0c50de08f7e","local_time":"20190520234748","is_ascension_mode":true,"campfire_choices":[{"floor":7,"key":"REST"},{"floor":15,"key":"REST"},{"floor":23,"key":"REST"},{"floor":25,"key":"REST"},{"data":"1","floor":32,"key":"LIFT"},{"floor":40,"key":"DIG"},{"floor":42,"key":"DIG"},{"floor":44,"key":"DIG"},{"floor":49,"key":"REST"}],"neow_cost":"NONE","seed_source_timestamp":273278502713125,"circlet_count":0,"master_deck":["AscendersBane","Defend_B","Defend_B","Defend_B+1","Defend_B","Zap+1","Reinforced Body","Go for the Eyes","Ball Lightning","Biased Cognition","Hologram","Defragment","Echo Form","Echo Form","Coolheaded+1","Cold Snap+1","Chaos+1","Coolheaded+1","Turbo+1","Defragment","Storm+1","Creative AI+1","Barrage+1","Glacier","Panache+1","Panacea+1","Self Repair+1","Leap+1","Undo+1"],"relics":["Fusion Hammer","Mummified Hand","Anchor","Bag of Preparation","Astrolabe","Girya","Letter Opener","Red Mask","Centennial Puzzle","Potion Belt","Frozen Egg 2","Inserter","Shovel","War Paint","Smiling Mask","Molten Egg 2","Shuriken","Toxic Egg 2"],"potions_floor_usage":[16,16,36,50,50],"damage_taken":[{"damage":4,"enemies":"2 Louse","floor":1,"turns":2},{"damage":0,"enemies":"Small Slimes","floor":3,"turns":3},{"damage":2,"enemies":"Cultist","floor":4,"turns":4},{"damage":7,"enemies":"Large Slime","floor":5,"turns":5},{"damage":0,"enemies":"Lagavulin","floor":6,"turns":6},{"damage":9,"enemies":"Blue Slaver","floor":8,"turns":2},{"damage":0,"enemies":"2 Fungi Beasts","floor":12,"turns":3},{"damage":13,"enemies":"3 Sentries","floor":14,"turns":6},{"damage":16,"enemies":"Slime Boss","floor":16,"turns":8},{"damage":0,"enemies":"Spheric Guardian","floor":18,"turns":4},{"damage":8,"enemies":"Colosseum Slavers","floor":19,"turns":3},{"damage":3,"enemies":"Colosseum Nobs","floor":19,"turns":4},{"damage":6,"enemies":"Masked Bandits","floor":20,"turns":4},{"damage":4,"enemies":"2 Thieves","floor":21,"turns":4},{"damage":0,"enemies":"Snake Plant","floor":24,"turns":3},{"damage":3,"enemies":"Book of Stabbing","floor":27,"turns":6},{"damage":0,"enemies":"Cultist and Chosen","floor":31,"turns":4},{"damage":1,"enemies":"Champ","floor":33,"turns":8},{"damage":0,"enemies":"3 Shapes","floor":35,"turns":2},{"damage":2,"enemies":"2 Orb Walkers","floor":36,"turns":3},{"damage":5,"enemies":"Orb Walker","floor":39,"turns":3},{"damage":0,"enemies":"Giant Head","floor":41,"turns":7},{"damage":15,"enemies":"Writhing Mass","floor":48,"turns":5},{"damage":24,"enemies":"Time Eater","floor":50,"turns":10}],"seed_played":"-3169066704799627246","potions_obtained":[{"floor":1,"key":"Strength Potion"},{"floor":3,"key":"Swift Potion"},{"floor":16,"key":"LiquidBronze"},{"floor":19,"key":"Fire Potion"},{"floor":24,"key":"Energy Potion"},{"floor":31,"key":"Dexterity Potion"},{"floor":41,"key":"Fire Potion"}],"is_trial":false,"path_per_floor":["M","?","M","M","M","E","R","M","T","?","?","M","$","E","R","B",null,"M","?","?","M","?","R","M","R","T","E","$","?","?","M","R","B",null,"M","?","?","?","M","R","E","R","T","R","?","?","$","M","R","B",null],"character_chosen":"DEFECT","items_purchased":["Defragment","Frozen Egg 2","Storm+1","SpeedPotion","Self Repair+1","Leap+1"],"campfire_rested":5,"item_purchase_floors":[13,28,28,28,47,47],"current_hp_per_floor":[64,64,64,62,55,55,75,66,66,51,51,51,51,38,60,44,67,67,56,50,46,46,68,68,75,75,72,72,72,72,72,72,71,74,74,72,72,72,67,67,67,67,67,67,57,57,57,52,71,57],"gold":115,"neow_bonus":"BOSS_RELIC","is_prod":false,"is_daily":false,"chose_seed":false,"campfire_upgraded":0,"win_rate":0,"timestamp":1558388868,"path_taken":["M","?","M","M","M","E","R","M","T","?","?","M","$","E","R","BOSS","M","?","?","M","?","R","M","R","T","E","$","?","?","M","R","BOSS","M","?","?","?","M","R","E","R","T","R","?","?","$","M","R","BOSS"],"build_version":"2019-01-23","purchased_purges":2,"victory":true,"max_hp_per_floor":[75,75,75,75,75,75,75,75,75,75,75,75,75,75,75,75,75,75,75,75,75,75,75,75,75,75,75,75,75,75,75,75,75,75,75,75,75,75,75,75,75,75,75,75,75,71,71,71,71,71],"card_choices":[{"not_picked":["White Noise","Go for the Eyes"],"picked":"Reinforced Body","floor":1},{"not_picked":["Aggregate","Redo"],"picked":"Go for the Eyes","floor":3},{"not_picked":["Hologram","Streamline"],"picked":"Ball Lightning","floor":4},{"not_picked":["Reprogram","Barrage"],"picked":"Cold Snap","floor":5},{"not_picked":["All For One","Leap"],"picked":"Ball Lightning","floor":6},{"not_picked":["Ball Lightning","Go for the Eyes"],"picked":"Biased Cognition","floor":8},{"not_picked":["Conserve Battery","Skim"],"picked":"Hologram","floor":12},{"not_picked":["Hologram","Storm"],"picked":"Echo Form","floor":14},{"not_picked":["Biased Cognition","Reboot"],"picked":"Echo Form","floor":16},{"not_picked":["Sweeping Beam","Barrage"],"picked":"Coolheaded","floor":18},{"not_picked":["Steam","All For One"],"picked":"Turbo","floor":21},{"not_picked":["Beam Cell","Force Field"],"picked":"Defragment","floor":24},{"not_picked":["Amplify","Consume","Lockon"],"picked":"SKIP","floor":27},{"not_picked":["Coolheaded","Hologram","Cold Snap"],"picked":"SKIP","floor":31},{"not_picked":["Reboot","Biased Cognition+1"],"picked":"Creative AI+1","floor":33},{"not_picked":["Defragment+1","Go for the Eyes"],"picked":"Barrage+1","floor":35},{"not_picked":["Double Energy+1","Conserve Battery"],"picked":"Glacier","floor":36},{"not_picked":["Rebound","Redo","Cold Snap+1"],"picked":"SKIP","floor":39},{"not_picked":["Sunder+1","Ball Lightning","Redo"],"picked":"SKIP","floor":41},{"not_picked":["Transmutation+1","Chrysalis+1"],"picked":"Panache+1","floor":45},{"not_picked":["Violence+1","The Bomb+1"],"picked":"Panacea+1","floor":45},{"not_picked":["Aggregate+1","Lockon+1"],"picked":"Undo+1","floor":48}],"player_experience":601844,"relics_obtained":[{"floor":6,"key":"Mummified Hand"},{"floor":9,"key":"Anchor"},{"floor":14,"key":"Bag of Preparation"},{"floor":19,"key":"Girya"},{"floor":19,"key":"Letter Opener"},{"floor":20,"key":"Red Mask"},{"floor":26,"key":"Centennial Puzzle"},{"floor":27,"key":"Potion Belt"},{"floor":36,"key":"Shovel"},{"floor":40,"key":"War Paint"},{"floor":41,"key":"Smiling Mask"},{"floor":42,"key":"Molten Egg 2"},{"floor":43,"key":"Shuriken"},{"floor":44,"key":"Toxic Egg 2"}],"event_choices":[{"damage_healed":0,"gold_gain":0,"player_choice":"Grow","damage_taken":0,"max_hp_gain":0,"max_hp_loss":0,"event_name":"Living Wall","floor":2,"gold_loss":0,"cards_upgraded":["Zap"]},{"damage_healed":0,"gold_gain":0,"player_choice":"Entered Light","damage_taken":15,"max_hp_gain":0,"max_hp_loss":0,"event_name":"Shining Light","floor":10,"gold_loss":0,"cards_upgraded":["Strike_B","Defend_B"]},{"cards_removed":["Strike_B"],"damage_healed":0,"gold_gain":0,"player_choice":"Offered Basic","damage_taken":0,"max_hp_gain":0,"max_hp_loss":0,"event_name":"Bonfire Elementals","floor":11,"gold_loss":0},{"damage_healed":0,"gold_gain":0,"player_choice":"Fight","damage_taken":0,"max_hp_gain":0,"max_hp_loss":0,"event_name":"Colosseum","floor":19,"gold_loss":0},{"damage_healed":0,"gold_gain":0,"player_choice":"Fought Nobs","damage_taken":0,"max_hp_gain":0,"max_hp_loss":0,"event_name":"Colosseum","floor":19,"gold_loss":0},{"damage_healed":0,"gold_gain":0,"player_choice":"Fought Bandits","damage_taken":0,"max_hp_gain":0,"max_hp_loss":0,"event_name":"Masked Bandits","floor":20,"gold_loss":0},{"damage_healed":0,"gold_gain":0,"player_choice":"Ignored","damage_taken":0,"max_hp_gain":0,"max_hp_loss":0,"event_name":"The Mausoleum","floor":22,"gold_loss":0},{"damage_healed":0,"gold_gain":0,"player_choice":"Ignored","damage_taken":0,"max_hp_gain":0,"max_hp_loss":0,"event_name":"Vampires","floor":29,"gold_loss":0},{"damage_healed":0,"gold_gain":0,"player_choice":"Ignored","damage_taken":0,"max_hp_gain":0,"max_hp_loss":0,"event_name":"Beggar","floor":30,"gold_loss":0},{"damage_healed":0,"gold_gain":0,"player_choice":"Fight","damage_taken":0,"max_hp_gain":0,"max_hp_loss":0,"event_name":"Mysterious Sphere","floor":36,"gold_loss":0},{"cards_removed":["Ball Lightning"],"damage_healed":0,"gold_gain":0,"player_choice":"Removed Attack","damage_taken":0,"max_hp_gain":0,"max_hp_loss":0,"event_name":"Falling","floor":37,"gold_loss":0},{"damage_healed":0,"gold_gain":0,"player_choice":"Ignored","damage_taken":0,"max_hp_gain":0,"max_hp_loss":0,"event_name":"Tomb of Lord Red Mask","floor":38,"gold_loss":0},{"damage_healed":0,"gold_gain":0,"player_choice":"Memory 3","damage_taken":10,"max_hp_gain":0,"max_hp_loss":0,"event_name":"SensoryStone","floor":45,"gold_loss":0},{"damage_healed":0,"gold_gain":0,"player_choice":"Max HP","damage_taken":0,"max_hp_gain":0,"max_hp_loss":4,"event_name":"Winding Halls","floor":46,"gold_loss":0}],"is_beta":false,"boss_relics":[{"not_picked":["Coffee Dripper","Philosopher\u0027s Stone"],"picked":"Astrolabe"},{"not_picked":["Calling Bell","Black Star"],"picked":"Inserter"}],"items_purged_floors":[13,47],"is_endless":false,"potions_floor_spawned":[1,3,4,16,19,19,24,31,33,41,48],"ascension_level":12}