{"gold_per_floor":[112,131,143,156,156,156,188,199,281,281,281,281,302,341,341,431,431,456,456,131,200,200,200,238,238,238,238,153,192,205,228,228,321,321,334,23,23,44,44,77,77],"floor_reached":41,"playtime":1140,"items_purged":["Strike_B","Strike_B"],"score":1009,"play_id":"95df6d9e-c0c8-41c6-ad18-85c3fcf7188e","local_time":"20190422012426","is_ascension_mode":true,"campfire_choices":[{"data":"Zap","floor":6,"key":"SMITH"},{"data":"Redo","floor":11,"key":"SMITH"},{"data":"Consume","floor":15,"key":"SMITH"},{"data":"Hologram","floor":23,"key":"SMITH"},{"data":"Capacitor","floor":25,"key":"SMITH"},{"data":"Biased Cognition","floor":27,"key":"SMITH"},{"floor":32,"key":"REST"}],"neow_cost":"NONE","seed_source_timestamp":79669408482800,"circlet_count":0,"master_deck":["AscendersBane","Strike_B+1","Defend_B","Defend_B","Defend_B","Defend_B","Zap+1","Dualcast","Ball Lightning+1","Rebound","Auto Shields","Coolheaded","Undo","Redo+1","Consume+1","Biased Cognition+1","Cold Snap","Hologram+1","Capacitor+1","Tempest+1","Stack","White Noise","White Noise","Buffer","Gash+1","Apotheosis","Go for the Eyes+1"],"relics":["Cracked Core","Dream Catcher","Matryoshka","Whetstone","Golden Idol","Pen Nib","Velvet Choker","Lee\u0027s Waffle","Molten Egg 2","Bottled Tornado","Dodecahedron","Pear","Kunai","Symbiotic Virus","Runic Pyramid","Strawberry","Singing Bowl"],"potions_floor_usage":[7,33],"damage_taken":[{"damage":9,"enemies":"Jaw Worm","floor":1,"turns":4},{"damage":14,"enemies":"Small Slimes","floor":2,"turns":3},{"damage":0,"enemies":"2 Louse","floor":3,"turns":1},{"damage":8,"enemies":"Exordium Thugs","floor":4,"turns":5},{"damage":8,"enemies":"Lagavulin","floor":7,"turns":6},{"damage":6,"enemies":"Large Slime","floor":8,"turns":6},{"damage":0,"enemies":"Looter","floor":13,"turns":3},{"damage":0,"enemies":"3 Sentries","floor":14,"turns":5},{"damage":30,"enemies":"Hexaghost","floor":16,"turns":9},{"damage":6,"enemies":"Spheric Guardian","floor":18,"turns":3},{"damage":32,"enemies":"Book of Stabbing","floor":24,"turns":6},{"damage":6,"enemies":"Gremlin Leader","floor":29,"turns":8},{"damage":3,"enemies":"Shell Parasite","floor":30,"turns":3},{"damage":9,"enemies":"Centurion and Healer","floor":31,"turns":5},{"damage":31,"enemies":"Automaton","floor":33,"turns":11},{"damage":11,"enemies":"Orb Walker","floor":35,"turns":2},{"damage":8,"enemies":"3 Shapes","floor":38,"turns":3},{"damage":46,"enemies":"Nemesis","floor":40,"turns":7},{"damage":11,"enemies":"3 Darklings","floor":41,"turns":2}],"seed_played":"757144370339506695","potions_obtained":[{"floor":3,"key":"Regen Potion"},{"floor":7,"key":"Fire Potion"},{"floor":13,"key":"Dexterity Potion"},{"floor":16,"key":"Strength Potion"},{"floor":33,"key":"Strength Potion"}],"is_trial":false,"path_per_floor":["M","M","M","M","?","R","E","M","T","T","R","?","M","E","R","B",null,"M","?","$","T","?","R","E","R","T","R","?","E","M","M","R","B",null,"M","$","?","M","?","E","M"],"character_chosen":"DEFECT","items_purchased":["Lee\u0027s Waffle","Hologram","Apotheosis"],"campfire_rested":1,"item_purchase_floors":[20,20,36],"current_hp_per_floor":[55,41,41,33,56,56,60,54,54,54,54,54,54,54,54,24,54,48,48,71,71,71,71,39,39,49,49,49,43,40,31,55,24,67,56,56,56,48,55,11,0],"gold":77,"neow_bonus":"REMOVE_CARD","is_prod":false,"is_daily":false,"chose_seed":false,"campfire_upgraded":6,"win_rate":0,"timestamp":1555863866,"path_taken":["M","M","M","M","?","R","E","M","T","?","R","?","M","E","R","BOSS","M","?","$","?","?","R","E","R","T","R","?","E","M","M","R","BOSS","M","$","?","M","?","E","?"],"build_version":"2019-01-23","purchased_purges":2,"victory":false,"max_hp_per_floor":[71,71,71,71,71,71,71,71,71,71,71,64,64,64,64,64,64,64,64,71,71,71,71,71,71,81,81,81,81,81,81,81,81,81,81,81,81,81,88,90,90],"card_choices":[{"not_picked":["Turbo","Cold Snap"],"picked":"Ball Lightning","floor":1},{"not_picked":["Compile Driver","Sweeping Beam"],"picked":"Rebound","floor":2},{"not_picked":["Stack","Rebound"],"picked":"Auto Shields","floor":3},{"not_picked":["Aggregate","Barrage"],"picked":"Coolheaded","floor":4},{"not_picked":["Streamline","Cold Snap"],"picked":"Undo","floor":7},{"not_picked":["Double Energy","Gash"],"picked":"Redo","floor":8},{"not_picked":["Storm","BootSequence"],"picked":"Ball Lightning","floor":13},{"not_picked":["White Noise","Lockon"],"picked":"Consume","floor":14},{"not_picked":["Rainbow","Buffer"],"picked":"Biased Cognition","floor":16},{"not_picked":["Compile Driver","Consume"],"picked":"Cold Snap","floor":18},{"not_picked":["Glacier","Reinforced Body"],"picked":"Capacitor","floor":24},{"not_picked":["Rebound+1","Barrage+1"],"picked":"Tempest+1","floor":29},{"not_picked":["Barrage+1","Steam Power+1"],"picked":"Stack","floor":30},{"not_picked":["Hologram","Reprogram"],"picked":"White Noise","floor":31},{"not_picked":["Go for the Eyes+1","Gash+1"],"picked":"White Noise","floor":32},{"not_picked":["Biased Cognition","Machine Learning"],"picked":"Buffer","floor":33},{"not_picked":["Hello World+1","Stack"],"picked":"Gash+1","floor":35},{"not_picked":["Conserve Battery","Heatsinks+1"],"picked":"Go for the Eyes+1","floor":38},{"not_picked":["Auto Shields","Compile Driver+1","Defragment"],"picked":"Singing Bowl","floor":40}],"player_experience":4856085,"relics_obtained":[{"floor":7,"key":"Dream Catcher"},{"floor":9,"key":"Matryoshka"},{"floor":10,"key":"Whetstone"},{"floor":14,"key":"Pen Nib"},{"floor":21,"key":"Molten Egg 2"},{"floor":21,"key":"Bottled Tornado"},{"floor":24,"key":"Dodecahedron"},{"floor":26,"key":"Pear"},{"floor":29,"key":"Symbiotic Virus"},{"floor":39,"key":"Strawberry"},{"floor":40,"key":"Singing Bowl"}],"event_choices":[{"damage_healed":23,"gold_gain":0,"player_choice":"Banana","damage_taken":0,"max_hp_gain":0,"max_hp_loss":0,"event_name":"Big Fish","floor":5,"gold_loss":0},{"damage_healed":0,"gold_gain":0,"player_choice":"Lose Max HP","damage_taken":0,"relics_obtained":["Golden Idol"],"max_hp_gain":0,"max_hp_loss":7,"event_name":"Golden Idol","floor":12,"gold_loss":0},{"damage_healed":0,"gold_gain":0,"player_choice":"Got Potions","damage_taken":0,"max_hp_gain":0,"max_hp_loss":0,"event_name":"Lab","floor":19,"gold_loss":0},{"damage_healed":0,"gold_gain":0,"player_choice":"Ignored","damage_taken":0,"max_hp_gain":0,"max_hp_loss":0,"event_name":"The Mausoleum","floor":22,"gold_loss":0},{"damage_healed":0,"gold_gain":0,"player_choice":"Obtained Relic","damage_taken":0,"relics_obtained":["Kunai"],"max_hp_gain":0,"max_hp_loss":0,"event_name":"Addict","floor":28,"gold_loss":85},{"cards_removed":["Ball Lightning"],"damage_healed":0,"gold_gain":0,"player_choice":"Removed Attack","damage_taken":0,"max_hp_gain":0,"max_hp_loss":0,"event_name":"Falling","floor":37,"gold_loss":0},{"damage_healed":0,"gold_gain":0,"player_choice":"Relic","damage_taken":0,"max_hp_gain":0,"max_hp_loss":0,"event_name":"Wheel of Change","floor":39,"gold_loss":0}],"is_beta":false,"boss_relics":[{"not_picked":["Nuclear Battery","Sozu"],"picked":"Velvet Choker"},{"not_picked":["Eternal Feather","Philosopher\u0027s Stone"],"picked":"Runic Pyramid"}],"items_purged_floors":[20,36],"is_endless":false,"potions_floor_spawned":[3,7,13,16,30,33,35],"killed_by":"3 Darklings","ascension_level":20}