{"gold_per_floor":[117,117,136,136,136,136,68,79,79,90,120,45,45,71,71,71],"floor_reached":16,"playtime":479,"items_purged":["Strike_R"],"score":140,"play_id":"42aa1086-48f3-4037-b0e0-5cd74dbdfc58","local_time":"20190110214826","is_ascension_mode":true,"campfire_choices":[{"data":"Bash","floor":6,"key":"SMITH"},{"data":"Sword Boomerang","floor":13,"key":"SMITH"},{"floor":15,"key":"REST"}],"neow_cost":"NONE","seed_source_timestamp":25337344565070,"circlet_count":0,"master_deck":["Strike_R","Strike_R","Defend_R","Defend_R","Defend_R","Defend_R","Bash+1","Evolve","Havoc","Sword Boomerang+1","Battle Trance","Rampage","Sword Boomerang","Inflame","Power Through"],"relics":["Burning Blood","Boot","NlothsMask","Blood Vial","Lantern"],"potions_floor_usage":[10,10,14],"damage_taken":[{"damage":7,"enemies":"Jaw Worm","floor":1,"turns":3},{"damage":6,"enemies":"2 Louse","floor":3,"turns":3},{"damage":6,"enemies":"Cultist","floor":8,"turns":3},{"damage":11,"enemies":"Gremlin Gang","floor":10,"turns":3},{"damage":40,"enemies":"Lagavulin","floor":11,"turns":5},{"damage":30,"enemies":"3 Sentries","floor":14,"turns":5},{"damage":38,"enemies":"Slime Boss","floor":16,"turns":7}],"seed_played":"-7480879819206888361","potions_obtained":[{"floor":3,"key":"Explosive Potion"},{"floor":10,"key":"Fruit Juice"},{"floor":11,"key":"PowerPotion"}],"is_trial":false,"path_per_floor":["M","?","M","?","?","R","$","M","T","M","E","$","R","E","R","B"],"character_chosen":"IRONCLAD","items_purchased":["Battle Trance"],"campfire_rested":1,"item_purchase_floors":[7],"current_hp_per_floor":[71,71,71,64,64,64,64,64,64,64,30,30,30,8,33,0],"gold":71,"neow_bonus":"RANDOM_COMMON_RELIC","is_prod":false,"is_daily":false,"chose_seed":false,"campfire_upgraded":2,"win_rate":0,"timestamp":1547124506,"path_taken":["M","?","M","?","?","R","$","?","T","M","E","$","R","E","R","BOSS"],"build_version":"2019-01-03v4","purchased_purges":1,"victory":false,"max_hp_per_floor":[80,80,80,80,80,80,80,80,80,85,85,85,85,85,85,85],"card_choices":[{"not_picked":["Wild Strike","Pommel Strike"],"picked":"Evolve","floor":1},{"not_picked":["Combust","Thunderclap"],"picked":"Sword Boomerang","floor":3},{"not_picked":["Havoc","Sentinel"],"picked":"Rampage","floor":8},{"not_picked":["Warcry","Battle Trance"],"picked":"Sword Boomerang","floor":10},{"not_picked":["Bloodletting","Wild Strike"],"picked":"Inflame","floor":11},{"not_picked":["Sword Boomerang","Immolate"],"picked":"Power Through","floor":14}],"player_experience":334778,"relics_obtained":[{"floor":11,"key":"Blood Vial"},{"floor":14,"key":"Lantern"}],"event_choices":[{"damage_healed":0,"gold_gain":0,"cards_transformed":["Strike_R"],"player_choice":"Change","damage_taken":0,"max_hp_gain":0,"max_hp_loss":0,"event_name":"Living Wall","floor":2,"gold_loss":0,"cards_obtained":["Havoc"]},{"cards_removed":["Strike_R"],"damage_healed":0,"gold_gain":0,"player_choice":"Card Removal","damage_taken":7,"max_hp_gain":0,"max_hp_loss":0,"event_name":"Golden Wing","floor":4,"gold_loss":0},{"damage_healed":0,"gold_gain":0,"player_choice":"Trade","damage_taken":0,"relics_obtained":["NlothsMask"],"max_hp_gain":0,"max_hp_loss":0,"event_name":"FaceTrader","floor":5,"gold_loss":0}],"is_beta":false,"boss_relics":[],"items_purged_floors":[12],"is_endless":false,"potions_floor_spawned":[3,10,11],"killed_by":"Slime Boss","ascension_level":6}