{"gold_per_floor":[111,111,62,79,79,104,104,133,158,169,169,182,182,147,147,218,218,202,202],"floor_reached":19,"playtime":2221,"items_purged":[],"score":340,"play_id":"76d9bb3b-fd91-4fd6-a234-ce94214c043a","local_time":"20190509191856","is_ascension_mode":true,"campfire_choices":[{"data":"Carnage","floor":7,"key":"SMITH"},{"floor":13,"key":"REST"},{"floor":15,"key":"REST"}],"neow_cost":"NONE","seed_source_timestamp":2423918664121150,"circlet_count":0,"master_deck":["AscendersBane","Strike_R","Strike_R","Strike_R","Strike_R","Strike_R","Defend_R","Defend_R","Defend_R","Defend_R","Bash","Shrug It Off","Carnage+1","Regret","Battle Trance","Warcry","Shrug It Off","Pommel Strike","Offering","Warcry"],"relics":["Burning Blood","NeowsBlessing","Juzu Bracelet","Bird Faced Urn","Matryoshka","Strawberry","Ancient Tea Set","White Beast Statue"],"potions_floor_usage":[12,16,18,19],"damage_taken":[{"damage":0,"enemies":"2 Louse","floor":1,"turns":1},{"damage":0,"enemies":"Jaw Worm","floor":4,"turns":1},{"damage":0,"enemies":"3 Sentries","floor":6,"turns":2},{"damage":72,"enemies":"Gremlin Nob","floor":8,"turns":5},{"damage":4,"enemies":"Cultist","floor":10,"turns":3},{"damage":1,"enemies":"Looter","floor":12,"turns":2},{"damage":52,"enemies":"Slime Boss","floor":16,"turns":13},{"damage":16,"enemies":"2 Thieves","floor":18,"turns":4},{"damage":46,"enemies":"3 Byrds","floor":19,"turns":5}],"seed_played":"-5165038131890412110","potions_obtained":[{"floor":8,"key":"SkillPotion"},{"floor":12,"key":"Block Potion"},{"floor":16,"key":"SkillPotion"},{"floor":18,"key":"GamblersBrew"}],"is_trial":false,"path_per_floor":["M","?","$","M","?","E","R","E","T","M","?","M","R","?","R","B",null,"M","M"],"character_chosen":"IRONCLAD","items_purchased":["Shrug It Off"],"campfire_rested":2,"item_purchase_floors":[3],"current_hp_per_floor":[74,74,74,75,75,75,75,9,16,18,18,23,47,67,82,36,71,61,15],"gold":202,"neow_bonus":"THREE_ENEMY_KILL","is_prod":false,"is_daily":false,"chose_seed":false,"campfire_upgraded":1,"win_rate":0,"timestamp":1557418736,"path_taken":["M","?","$","M","?","E","R","E","T","M","?","M","R","?","R","BOSS","M","M"],"build_version":"2019-01-23","purchased_purges":0,"victory":false,"max_hp_per_floor":[75,75,75,75,75,75,75,75,82,82,82,82,82,82,82,82,82,82,82],"card_choices":[{"not_picked":["Cleave","Fire Breathing","Clothesline"],"picked":"SKIP","floor":1},{"not_picked":["Bloodletting","Clothesline"],"picked":"Carnage","floor":4},{"not_picked":["Clothesline","Bloodletting"],"picked":"Battle Trance","floor":6},{"not_picked":["True Grit","Uppercut"],"picked":"Warcry","floor":8},{"not_picked":["Fire Breathing","Limit Break"],"picked":"Shrug It Off","floor":10},{"not_picked":["Clash","Twin Strike"],"picked":"Pommel Strike","floor":12},{"not_picked":["Reaper","Brutality"],"picked":"Offering","floor":16},{"not_picked":["Clothesline","Dual Wield"],"picked":"Warcry","floor":18}],"player_experience":1322452,"relics_obtained":[{"floor":6,"key":"Bird Faced Urn"},{"floor":8,"key":"Matryoshka"},{"floor":9,"key":"Strawberry"},{"floor":9,"key":"Ancient Tea Set"}],"event_choices":[{"damage_healed":0,"gold_gain":0,"player_choice":"Ignored","damage_taken":0,"max_hp_gain":0,"max_hp_loss":0,"event_name":"Golden Wing","floor":2,"gold_loss":0},{"damage_healed":0,"gold_gain":0,"player_choice":"Box","damage_taken":0,"relics_obtained":["Juzu Bracelet"],"max_hp_gain":0,"max_hp_loss":0,"event_name":"Big Fish","floor":5,"gold_loss":0,"cards_obtained":["Regret"]},{"damage_healed":0,"gold_gain":0,"player_choice":"Ignored","damage_taken":0,"max_hp_gain":0,"max_hp_loss":0,"event_name":"Shining Light","floor":11,"gold_loss":0},{"damage_healed":20,"gold_gain":0,"player_choice":"Healed","damage_taken":0,"max_hp_gain":0,"max_hp_loss":0,"event_name":"The Cleric","floor":14,"gold_loss":35}],"is_beta":false,"boss_relics":[{"not_picked":["Snecko Eye","Pandora\u0027s Box"],"picked":"White Beast Statue"}],"items_purged_floors":[],"is_endless":false,"potions_floor_spawned":[8,12,16,18],"killed_by":"3 Byrds","ascension_level":14}