{"gold_per_floor":[113,129,129,139,314,346,359,609,609,609,609],"floor_reached":11,"playtime":330,"items_purged":[],"score":73,"play_id":"7394fbce-dfca-461a-a74a-8110e21984e5","local_time":"20180711184051","daily_mods":["Heirloom","Allstar","Vintage"],"is_ascension_mode":false,"campfire_choices":[],"neow_cost":"","seed_source_timestamp":0,"circlet_count":0,"master_deck":["Strike_B","Strike_B","Strike_B","Strike_B","Defend_B","Defend_B","Defend_B","Defend_B","Zap","Dualcast","Trip+1","Madness","Mind Blast+1","Panache","Master of Strategy+1","Doubt","Conserve Battery","Regret"],"relics":["Cracked Core","Prayer Wheel","Frozen Egg 2","Blue Candle","Boot","Vajra","Calipers","Kunai"],"potions_floor_usage":[6,6,6],"damage_taken":[{"damage":0,"enemies":"Cultist","floor":1,"turns":3},{"damage":0,"enemies":"2 Louse","floor":2,"turns":2},{"damage":11,"enemies":"Jaw Worm","floor":4,"turns":2},{"damage":17,"enemies":"3 Sentries","floor":6,"turns":3},{"damage":10,"enemies":"Large Slime","floor":7,"turns":5},{"damage":24,"enemies":"Gremlin Gang","floor":11,"turns":2}],"seed_played":"6857426044135186993","potions_obtained":[{"floor":1,"key":"AttackPotion"},{"floor":2,"key":"Dexterity Potion"},{"floor":4,"key":"Swift Potion"}],"is_trial":true,"path_per_floor":["M","M","?","M","?","E","M","?","T","?"],"character_chosen":"DEFECT","items_purchased":[],"campfire_rested":0,"item_purchase_floors":[],"current_hp_per_floor":[75,75,60,49,49,32,22,22,22,22,0],"gold":609,"neow_bonus":"","is_prod":false,"is_daily":false,"chose_seed":false,"campfire_upgraded":0,"win_rate":0,"timestamp":1531352451,"path_taken":["M","M","?","M","?","E","M","?","T","?","?"],"build_version":"2018-07-05","purchased_purges":0,"victory":false,"max_hp_per_floor":[75,75,75,75,75,75,75,75,75,75,75],"card_choices":[{"not_picked":["Lockon","Rebound"],"picked":"Conserve Battery","floor":6}],"player_experience":291251,"relics_obtained":[{"floor":1,"key":"Frozen Egg 2"},{"floor":2,"key":"Blue Candle"},{"floor":4,"key":"Boot"},{"floor":6,"key":"Vajra"},{"floor":7,"key":"Calipers"},{"floor":9,"key":"Kunai"}],"event_choices":[{"event_name":"Shining Light","player_choice":"Entered Light","floor":3,"damage_taken":0},{"event_name":"Liars Game","player_choice":"agreed","floor":5,"damage_taken":0},{"event_name":"Golden Shrine","player_choice":"Desecrate","floor":8,"damage_taken":0},{"event_name":"Upgrade Shrine","player_choice":"Upgraded","floor":10,"damage_taken":0}],"boss_relics":[],"items_purged_floors":[],"is_endless":false,"potions_floor_spawned":[1,2,4],"killed_by":"Gremlin Gang","ascension_level":0}