{"gold_per_floor":[119,119,394,411,30,56,56,90,90,116,116,127,302,302,302,406,406,421,421],"floor_reached":19,"playtime":645,"items_purged":[],"score":329,"play_id":"3be3958b-e667-444d-8cf4-dcfe1ba77ebf","local_time":"20181103143145","is_ascension_mode":true,"campfire_choices":[{"data":"Loop","floor":7.0,"key":"SMITH"},{"floor":11.0,"key":"REST"},{"floor":15.0,"key":"REST"}],"neow_cost":"NONE","seed_source_timestamp":404889814618391,"circlet_count":0,"master_deck":["Strike_B","Strike_B+1","Strike_B","Defend_B","Defend_B","Defend_B+1","Defend_B+1","Zap","Dualcast","Go for the Eyes","Regret","Defragment","Loop+1","Genetic Algorithm+1","Electrodynamics","FTL","Gash","Doubt","Reboot","Pain","Normality","Doubt","Stack+1"],"special_seed":0,"relics":["Cracked Core","NeowsBlessing","Art of War","Sling","Pear","Girya","Letter Opener","War Paint","Calling Bell","Symbiotic Virus","Happy Flower","Ice Cream"],"potions_floor_usage":[],"damage_taken":[{"damage":0.0,"enemies":"2 Louse","floor":1.0,"turns":1.0},{"damage":0.0,"enemies":"Small Slimes","floor":4.0,"turns":1.0},{"damage":2.0,"enemies":"3 Sentries","floor":6.0,"turns":2.0},{"damage":26.0,"enemies":"Lagavulin","floor":8.0,"turns":5.0},{"damage":28.0,"enemies":"3 Sentries","floor":10.0,"turns":5.0},{"damage":6.0,"enemies":"Cultist","floor":12.0,"turns":3.0},{"damage":7.0,"enemies":"Slime Boss","floor":16.0,"turns":6.0},{"damage":53.0,"enemies":"Shell Parasite","floor":18.0,"turns":5.0},{"damage":33,"enemies":"3 Byrds","floor":19,"turns":3}],"seed_played":"-2693934154879621366","potions_obtained":[{"floor":4.0,"key":"Energy Potion"},{"floor":10.0,"key":"SkillPotion"},{"floor":18.0,"key":"Fire Potion"}],"is_trial":false,"path_per_floor":["M","?","?","M","$","E","R","E","T","E","R","M","?","?","R","B",null,"M","M"],"character_chosen":"DEFECT","items_purchased":["Art of War","Sling","Loop"],"campfire_rested":2,"item_purchase_floors":[5,5,5],"current_hp_per_floor":[75,60,60,60,60,68,68,42,42,14,39,33,33,33,58,51,85,32,0],"gold":421,"neow_bonus":"THREE_ENEMY_KILL","is_prod":false,"is_daily":false,"chose_seed":false,"campfire_upgraded":1,"win_rate":0,"timestamp":1541273505,"path_taken":["M","?","?","?","?","E","R","E","T","E","R","M","?","?","R","BOSS","M","M"],"build_version":"2018-11-01","purchased_purges":0,"victory":false,"max_hp_per_floor":[75,75,75,75,75,85,85,85,85,85,85,85,85,85,85,85,85,85,85],"card_choices":[{"not_picked":["Compile Driver","Ball Lightning"],"picked":"Go for the Eyes","floor":1.0},{"not_picked":["Force Field","Hologram"],"picked":"Defragment","floor":4.0},{"not_picked":["Tempest","Rebound"],"picked":"Genetic Algorithm","floor":6.0},{"not_picked":["Barrage","BootSequence"],"picked":"Electrodynamics","floor":8.0},{"not_picked":["Barrage","Double Energy"],"picked":"FTL","floor":10.0},{"not_picked":["Coolheaded","Barrage"],"picked":"Gash","floor":12.0},{"not_picked":["Multi-Cast","Biased Cognition"],"picked":"Reboot","floor":16.0},{"not_picked":["Defragment","Recycle+1"],"picked":"Stack+1","floor":18.0}],"player_experience":392319,"relics_obtained":[{"floor":6.0,"key":"Pear"},{"floor":8.0,"key":"Girya"},{"floor":9.0,"key":"Letter Opener"},{"floor":10.0,"key":"War Paint"},{"floor":17.0,"key":"Symbiotic Virus"},{"floor":17.0,"key":"Happy Flower"},{"floor":17.0,"key":"Ice Cream"}],"event_choices":[{"damage_healed":0.0,"max_hp_gain":0.0,"max_hp_loss":0.0,"gold_gain":0.0,"event_name":"Shining Light","player_choice":"Entered Light","floor":2.0,"gold_loss":0.0,"damage_taken":15.0,"cards_upgraded":["Defend_B","Strike_B"]},{"damage_healed":0.0,"max_hp_gain":0.0,"max_hp_loss":0.0,"gold_gain":275.0,"event_name":"Golden Shrine","player_choice":"Desecrate","floor":3.0,"gold_loss":0.0,"damage_taken":0.0,"cards_obtained":["Regret"]},{"damage_healed":0.0,"max_hp_gain":0.0,"max_hp_loss":0.0,"gold_gain":175.0,"event_name":"Liars Game","player_choice":"AGREE","floor":13.0,"gold_loss":0.0,"damage_taken":0.0,"cards_obtained":["Doubt"]},{"cards_removed":["Strike_B"],"damage_healed":0.0,"max_hp_gain":0.0,"max_hp_loss":0.0,"gold_gain":0.0,"event_name":"Bonfire Elementals","player_choice":"Offered Basic","floor":14.0,"gold_loss":0.0,"damage_taken":0.0}],"is_beta":false,"boss_relics":[{"not_picked":["Lizard Tail","Coffee Dripper"],"picked":"Calling Bell"}],"items_purged_floors":[],"is_endless":false,"potions_floor_spawned":[4,10,18],"killed_by":"3 Byrds","ascension_level":2}