{"gold_per_floor":[111,124,124,143,143,143,143,143,143,177,177],"floor_reached":11,"playtime":235,"items_purged":[],"score":121,"play_id":"e11b7fa0-ea3e-45c5-a934-7e856d1570b9","local_time":"20190209002213","is_ascension_mode":true,"campfire_choices":[{"data":"Noxious Fumes","floor":6,"key":"SMITH"},{"data":"Underhanded Strike","floor":8,"key":"SMITH"}],"neow_cost":"NONE","seed_source_timestamp":2540416497930544,"circlet_count":0,"master_deck":["AscendersBane","Defend_G+1","Defend_G","Defend_G","Defend_G","Defend_G","Strike_G","Strike_G","Strike_G","Strike_G","Survivor","Neutralize+1","Underhanded Strike+1","Noxious Fumes+1","Well Laid Plans","Outmaneuver","Clumsy","Acrobatics"],"relics":["Cursed Key","Strawberry","Lantern","Centennial Puzzle"],"potions_floor_usage":[10],"damage_taken":[{"damage":0,"enemies":"Jaw Worm","floor":1,"turns":6},{"damage":2,"enemies":"Small Slimes","floor":2,"turns":3},{"damage":4,"enemies":"Cultist","floor":4,"turns":5},{"damage":37,"enemies":"Gremlin Nob","floor":10,"turns":6},{"damage":6,"enemies":"Lots of Slimes","floor":11,"turns":1}],"seed_played":"-3396118351797893533","potions_obtained":[{"floor":1,"key":"Weak Potion"},{"floor":10,"key":"Swift Potion"}],"is_trial":false,"path_per_floor":["M","M","?","M","?","R","?","R","T","E","M"],"character_chosen":"THE_SILENT","items_purchased":[],"campfire_rested":0,"item_purchase_floors":[],"current_hp_per_floor":[59,57,61,57,42,42,42,42,42,5,0],"gold":177,"neow_bonus":"BOSS_RELIC","is_prod":false,"is_daily":false,"chose_seed":false,"campfire_upgraded":2,"win_rate":0,"timestamp":1549639333,"path_taken":["M","M","?","M","?","R","?","R","T","E","M"],"build_version":"2019-01-23","purchased_purges":0,"victory":false,"max_hp_per_floor":[66,66,73,73,73,73,73,73,73,73,73],"card_choices":[{"not_picked":["Finisher","Prepared"],"picked":"Underhanded Strike","floor":1},{"not_picked":["Reflex","Infinite Blades"],"picked":"Noxious Fumes","floor":2},{"not_picked":["Blade Dance","Prepared"],"picked":"Well Laid Plans","floor":4},{"not_picked":["Terror","Accuracy"],"picked":"Acrobatics","floor":10}],"player_experience":579384,"relics_obtained":[{"floor":9,"key":"Lantern"},{"floor":10,"key":"Centennial Puzzle"}],"event_choices":[{"damage_healed":0,"gold_gain":0,"player_choice":"Success","damage_taken":3,"relics_obtained":["Strawberry"],"max_hp_gain":0,"max_hp_loss":0,"event_name":"Scrap Ooze","floor":3,"gold_loss":0},{"damage_healed":0,"gold_gain":0,"player_choice":"Entered Light","damage_taken":15,"max_hp_gain":0,"max_hp_loss":0,"event_name":"Shining Light","floor":5,"gold_loss":0,"cards_upgraded":["Neutralize","Defend_G"]},{"damage_healed":0,"gold_gain":0,"cards_transformed":["Strike_G"],"player_choice":"Change","damage_taken":0,"max_hp_gain":0,"max_hp_loss":0,"event_name":"Living Wall","floor":7,"gold_loss":0,"cards_obtained":["Outmaneuver"]}],"is_beta":false,"boss_relics":[],"items_purged_floors":[],"is_endless":false,"potions_floor_spawned":[1,10],"killed_by":"Lots of Slimes","ascension_level":14}