{"gold_per_floor":[116,291,307,307,43,43,61,87,87,120,130,144,172,188,188,288,288,303,132,144,59,59,59,59,59,59,93,93,103,123,134,134,232,282,292,292,303,313,213,213,233,250,250,262,0,0,16,45,45,45],"floor_reached":51,"playtime":3478,"items_purged":["Strike_B","Strike_B+1"],"score":736,"play_id":"4be603d6-37fc-4e21-ba4d-f39304506825","local_time":"20181209230508","is_ascension_mode":false,"campfire_choices":[{"data":"Dualcast","floor":6.0,"key":"SMITH"},{"floor":15.0,"key":"REST"},{"data":"Zap","floor":23.0,"key":"SMITH"},{"data":"Tempest","floor":25.0,"key":"SMITH"},{"data":"Thunder Strike","floor":32.0,"key":"SMITH"},{"data":"Auto Shields","floor":40,"key":"SMITH"},{"floor":46,"key":"REST"},{"data":"Streamline","floor":49,"key":"SMITH"}],"neow_cost":"NONE","seed_source_timestamp":0,"circlet_count":0,"master_deck":["Strike_B+1","Strike_B+1","Defend_B+1","Defend_B+1","Defend_B+1","Defend_B+1","Zap+1","Dualcast+1","Seek+1","Auto Shields+1","Streamline+1","Tempest+1","Conserve Battery+1","Ball Lightning","Thunder Strike+1","Go for the Eyes","Melter","Echo Form+1","Defragment+1","Steam+1","Hologram+1","Hello World+1","FTL+1","Loop+1","FTL+1","Storm+1","White Noise+1","Force Field+1"],"special_seed":0,"relics":["Cracked Core","Gremlin Horn","Mummified Hand","Ice Cream","Frozen Egg 2","Odd Mushroom","Nuclear Battery","Lantern","Meat on the Bone","Prayer Wheel","Tiny House","Letter Opener","Red Mask","Happy Flower"],"potions_floor_usage":[33,33,48,48,50],"damage_taken":[{"damage":0.0,"enemies":"2 Louse","floor":1.0,"turns":1.0},{"damage":12.0,"enemies":"Jaw Worm","floor":3.0,"turns":4.0},{"damage":0.0,"enemies":"Cultist","floor":7.0,"turns":2.0},{"damage":26.0,"enemies":"Lagavulin","floor":8.0,"turns":5.0},{"damage":4.0,"enemies":"3 Sentries","floor":10.0,"turns":2.0},{"damage":0.0,"enemies":"Looter","floor":11.0,"turns":2.0},{"damage":6.0,"enemies":"2 Fungi Beasts","floor":12.0,"turns":3.0},{"damage":21.0,"enemies":"The Mushroom Lair","floor":13.0,"turns":3.0},{"damage":0.0,"enemies":"Exordium Wildlife","floor":14.0,"turns":2.0},{"damage":11.0,"enemies":"Slime Boss","floor":16.0,"turns":6.0},{"damage":0.0,"enemies":"Spheric Guardian","floor":18.0,"turns":1.0},{"damage":0.0,"enemies":"Chosen","floor":20.0,"turns":3.0},{"damage":27.0,"enemies":"Book of Stabbing","floor":27.0,"turns":5.0},{"damage":0.0,"enemies":"Centurion and Healer","floor":29.0,"turns":4.0},{"damage":0.0,"enemies":"Chosen and Byrds","floor":30.0,"turns":3.0},{"damage":0.0,"enemies":"3 Cultists","floor":31.0,"turns":4.0},{"damage":4,"enemies":"Collector","floor":33,"turns":6},{"damage":23,"enemies":"3 Shapes","floor":35,"turns":2},{"damage":6,"enemies":"3 Darklings","floor":37,"turns":3},{"damage":19,"enemies":"Maw","floor":38,"turns":7},{"damage":0,"enemies":"Transient","floor":41,"turns":5},{"damage":17,"enemies":"3 Darklings","floor":42,"turns":3},{"damage":0,"enemies":"4 Shapes","floor":44,"turns":2},{"damage":4,"enemies":"Jaw Worm Horde","floor":47,"turns":4},{"damage":0,"enemies":"Reptomancer","floor":48,"turns":4},{"damage":33,"enemies":"Donu and Deca","floor":50,"turns":4}],"seed_played":"-105742834444396007","potions_obtained":[{"floor":1.0,"key":"PowerPotion"},{"floor":3.0,"key":"FocusPotion"},{"floor":8.0,"key":"Weak Potion"},{"floor":13.0,"key":"SkillPotion"},{"floor":18.0,"key":"Poison Potion"},{"floor":29.0,"key":"Strength Potion"},{"floor":33,"key":"Fire Potion"},{"floor":34,"key":"Poison Potion"},{"floor":38,"key":"EssenceOfSteel"},{"floor":41,"key":"Regen Potion"},{"floor":47,"key":"FairyPotion"},{"floor":48,"key":"AttackPotion"}],"is_trial":false,"path_per_floor":["M","?","M","?","$","R","M","E","T","E","M","M","?","M","R","B",null,"M","$","M","?","$","R","?","R","T","E","?","M","M","M","R","B",null,"M","?","M","M","$","R","M","M","T","M","?","R","M","E","R","B",null],"character_chosen":"DEFECT","items_purchased":["Streamline","Gremlin Horn","Fruit Juice"],"campfire_rested":2,"item_purchase_floors":[5,5,19],"current_hp_per_floor":[75,75,63,63,63,63,63,37,37,33,33,27,6,6,28,17,75,75,80,80,80,80,80,80,80,80,53,38,50,50,50,50,46,90,67,67,61,54,54,54,54,49,49,49,49,76,72,81,81,48],"gold":45,"neow_bonus":"ONE_RANDOM_RARE_CARD","is_prod":false,"is_daily":false,"chose_seed":false,"campfire_upgraded":6,"win_rate":0,"timestamp":1544364308,"path_taken":["M","?","M","?","$","R","M","E","T","E","M","?","?","M","R","BOSS","M","$","M","?","$","R","?","R","T","E","?","M","M","M","R","BOSS","M","?","M","M","$","R","M","M","T","?","?","R","M","E","R","BOSS"],"build_version":"2018-12-06","purchased_purges":2,"victory":true,"max_hp_per_floor":[75,75,75,75,75,75,75,75,75,75,75,75,75,75,75,75,75,75,80,80,80,80,80,80,80,80,80,85,85,85,85,85,85,90,90,90,90,90,90,90,90,90,90,90,90,90,90,90,90,90],"card_choices":[{"not_picked":["Recycle","Rebound","Hologram"],"picked":"SKIP","floor":1.0},{"not_picked":["Self Repair","Streamline"],"picked":"Auto Shields","floor":3.0},{"not_picked":["Loop","Cold Snap"],"picked":"Tempest","floor":7.0},{"not_picked":["Go for the Eyes","Redo"],"picked":"Conserve Battery","floor":8.0},{"not_picked":["Tempest","BootSequence"],"picked":"Ball Lightning","floor":10.0},{"not_picked":["Leap","Steam Power"],"picked":"Thunder Strike","floor":11.0},{"not_picked":["Heatsinks+1","Darkness"],"picked":"Go for the Eyes","floor":12.0},{"not_picked":["Barrage","Gash"],"picked":"Melter","floor":13.0},{"not_picked":["Static Discharge+1","Aggregate","Recycle"],"picked":"SKIP","floor":14.0},{"not_picked":["Biased Cognition+1","Fission"],"picked":"Echo Form+1","floor":16.0},{"not_picked":["Rebound+1","Go for the Eyes+1"],"picked":"Defragment+1","floor":18.0},{"not_picked":["Streamline+1","Chaos"],"picked":"Steam+1","floor":20.0},{"not_picked":["Compile Driver","Melter+1"],"picked":"Hologram+1","floor":27.0},{"not_picked":["Genetic Algorithm","Tempest"],"picked":"Hello World+1","floor":29.0},{"not_picked":["Streamline+1","Tempest","Stack"],"picked":"SKIP","floor":29.0},{"not_picked":["Hologram","Capacitor+1","Hello World+1"],"picked":"SKIP","floor":30.0},{"not_picked":["Beam Cell","Hologram","Sunder"],"picked":"SKIP","floor":30.0},{"not_picked":["White Noise","Steam"],"picked":"FTL+1","floor":31.0},{"not_picked":["Redo","Storm+1","Undo"],"picked":"SKIP","floor":31.0},{"not_picked":["Capacitor+1","Stack"],"picked":"Loop+1","floor":34},{"not_picked":["Go for the Eyes","Cold Snap+1","Steam+1"],"picked":"SKIP","floor":35},{"not_picked":["Redo","Rebound+1","Darkness"],"picked":"SKIP","floor":35},{"not_picked":["Beam Cell+1","Coolheaded"],"picked":"FTL+1","floor":37},{"not_picked":["Aggregate","Reinforced Body","Streamline"],"picked":"SKIP","floor":37},{"not_picked":["Coolheaded","Go for the Eyes+1"],"picked":"Storm+1","floor":38},{"not_picked":["Force Field","Blizzard+1","Turbo+1"],"picked":"SKIP","floor":38},{"not_picked":["Gash","FTL"],"picked":"White Noise+1","floor":41},{"not_picked":["Cold Snap","Rebound","Barrage+1"],"picked":"SKIP","floor":41},{"not_picked":["Conserve Battery","Fusion+1","Turbo"],"picked":"SKIP","floor":42},{"not_picked":["Conserve Battery+1","Doom and Gloom","Stack"],"picked":"SKIP","floor":42},{"not_picked":["Coolheaded","Skim"],"picked":"Force Field+1","floor":44},{"not_picked":["Gash","Beam Cell","Rebound"],"picked":"SKIP","floor":44},{"not_picked":["Multi-Cast","Reinforced Body","Go for the Eyes"],"picked":"SKIP","floor":47},{"not_picked":["Cold Snap+1","Ball Lightning","Lockon"],"picked":"SKIP","floor":47},{"not_picked":["Undo+1","Barrage+1","Cold Snap+1"],"picked":"SKIP","floor":48}],"player_experience":146240,"relics_obtained":[{"floor":8.0,"key":"Mummified Hand"},{"floor":9.0,"key":"Ice Cream"},{"floor":10.0,"key":"Frozen Egg 2"},{"floor":13.0,"key":"Odd Mushroom"},{"floor":26.0,"key":"Meat on the Bone"},{"floor":27.0,"key":"Prayer Wheel"},{"floor":43,"key":"Letter Opener"},{"floor":48,"key":"Happy Flower"}],"event_choices":[{"damage_healed":0.0,"max_hp_gain":0.0,"max_hp_loss":0.0,"gold_gain":175.0,"event_name":"Liars Game","player_choice":"AGREE","floor":2.0,"gold_loss":0.0,"damage_taken":0.0,"cards_obtained":["Doubt"]},{"cards_removed":["Doubt"],"damage_healed":0.0,"max_hp_gain":0.0,"max_hp_loss":0.0,"gold_gain":0.0,"event_name":"Fountain of Cleansing","player_choice":"Removed Curses","floor":4.0,"gold_loss":0.0,"damage_taken":0.0},{"damage_healed":0.0,"max_hp_gain":0.0,"max_hp_loss":0.0,"gold_gain":0.0,"event_name":"Mushrooms","player_choice":"Fought Mushrooms","floor":13.0,"gold_loss":0.0,"damage_taken":0.0},{"damage_healed":0.0,"max_hp_gain":0.0,"max_hp_loss":0.0,"gold_gain":0.0,"event_name":"Addict","player_choice":"Obtained Relic","floor":21.0,"gold_loss":85.0,"damage_taken":0.0,"relics_obtained":["Lantern"]},{"damage_healed":0.0,"max_hp_gain":0.0,"max_hp_loss":0.0,"gold_gain":0.0,"event_name":"Back to Basics","player_choice":"Simplicity","floor":24.0,"gold_loss":0.0,"damage_taken":0.0,"cards_upgraded":["Strike_B","Strike_B","Strike_B","Defend_B","Defend_B","Defend_B","Defend_B"]},{"damage_healed":0.0,"max_hp_gain":5.0,"max_hp_loss":0.0,"gold_gain":0.0,"event_name":"Forgotten Altar","player_choice":"Shed Blood","floor":28.0,"gold_loss":0.0,"damage_taken":20.0},{"damage_healed":0,"gold_gain":0,"player_choice":"Upgraded","damage_taken":0,"max_hp_gain":0,"max_hp_loss":0,"event_name":"Upgrade Shrine","floor":36,"gold_loss":0,"cards_upgraded":["Seek"]},{"damage_healed":0,"gold_gain":0,"player_choice":"Paid","damage_taken":0,"relics_obtained":["Red Mask"],"max_hp_gain":0,"max_hp_loss":0,"event_name":"Tomb of Lord Red Mask","floor":45,"gold_loss":262}],"is_beta":false,"boss_relics":[{"not_picked":["Velvet Choker","Black Star"],"picked":"Nuclear Battery"},{"not_picked":["Runic Dome","Calling Bell"],"picked":"Tiny House"}],"items_purged_floors":[19,39],"is_endless":false,"potions_floor_spawned":[1,3,8,13,18,29,33,38,41,44,47,48],"ascension_level":0}