{"gold_per_floor":[115,1,1,15,15,15,30,30,54,54,70,80,110,127,127,127],"floor_reached":16,"playtime":588,"items_purged":["Strike_R"],"score":133,"play_id":"22491540-1968-4f6f-8937-e584cf0d11ea","local_time":"20190120234445","is_ascension_mode":true,"campfire_choices":[{"data":"Rupture","floor":6.0,"key":"SMITH"},{"data":"Entrench","floor":8.0,"key":"SMITH"},{"data":"Hemokinesis","floor":10.0,"key":"SMITH"},{"floor":15.0,"key":"REST"}],"neow_cost":"NONE","seed_source_timestamp":896175894564558,"circlet_count":0,"master_deck":["Strike_R","Strike_R","Defend_R","Defend_R","Defend_R","Defend_R","Bash","Hemokinesis+1","Shockwave","Corruption","Entrench+1","Rupture+1","Clothesline","Feel No Pain","Warcry","Ghostly Armor","Flame Barrier"],"special_seed":0,"relics":["Burning Blood","Dream Catcher","Letter Opener"],"potions_floor_usage":[16],"damage_taken":[{"damage":13.0,"enemies":"2 Louse","floor":1.0,"turns":2.0},{"damage":6.0,"enemies":"Small Slimes","floor":4.0,"turns":3.0},{"damage":4.0,"enemies":"Cultist","floor":7.0,"turns":4.0},{"damage":28.0,"enemies":"Large Slime","floor":11.0,"turns":9.0},{"damage":23.0,"enemies":"Lots of Slimes","floor":12.0,"turns":5.0},{"damage":9.0,"enemies":"3 Louse","floor":14.0,"turns":3.0},{"damage":52,"enemies":"Slime Boss","floor":16,"turns":8}],"seed_played":"2869309962779223472","potions_obtained":[{"floor":4.0,"key":"SpeedPotion"},{"floor":14.0,"key":"Explosive Potion"}],"is_trial":false,"path_per_floor":["M","$","?","M","$","R","M","R","T","R","M","M","?","M","R","B"],"character_chosen":"IRONCLAD","items_purchased":["Corruption"],"campfire_rested":1,"item_purchase_floors":[2],"current_hp_per_floor":[65,65,65,65,65,65,67,67,67,67,45,28,28,25,49,0],"gold":127,"neow_bonus":"TRANSFORM_CARD","is_prod":false,"is_daily":false,"chose_seed":false,"campfire_upgraded":3,"win_rate":0,"timestamp":1547995485,"path_taken":["M","$","?","M","$","R","M","R","T","R","M","M","?","M","R","BOSS"],"build_version":"2019-01-17v2","purchased_purges":1,"victory":false,"max_hp_per_floor":[80,80,80,80,80,80,80,80,80,80,80,80,80,80,80,80],"card_choices":[{"not_picked":["Anger","Warcry"],"picked":"Shockwave","floor":1.0},{"not_picked":["Havoc","Heavy Blade"],"picked":"Rupture","floor":4.0},{"not_picked":["Flex","Anger"],"picked":"Clothesline","floor":7.0},{"not_picked":["Twin Strike","Burning Pact"],"picked":"Feel No Pain","floor":11.0},{"not_picked":["Dark Embrace","Twin Strike"],"picked":"Warcry","floor":12.0},{"not_picked":["Flex","Hemokinesis"],"picked":"Ghostly Armor","floor":14.0},{"not_picked":["Sever Soul","Pummel"],"picked":"Flame Barrier","floor":15.0}],"player_experience":428468,"relics_obtained":[{"floor":9.0,"key":"Dream Catcher"}],"event_choices":[{"damage_healed":0.0,"max_hp_gain":0.0,"max_hp_loss":0.0,"gold_gain":0.0,"cards_transformed":["Strike_R"],"event_name":"Living Wall","player_choice":"Change","floor":3.0,"gold_loss":0.0,"damage_taken":0.0,"cards_obtained":["Entrench"]},{"damage_healed":0.0,"max_hp_gain":0.0,"max_hp_loss":0.0,"gold_gain":30.0,"event_name":"Dead Adventurer","player_choice":"Searched \u00272\u0027 times","floor":13.0,"gold_loss":0.0,"damage_taken":0.0,"relics_obtained":["Letter Opener"]}],"is_beta":false,"boss_relics":[],"items_purged_floors":[2],"is_endless":false,"potions_floor_spawned":[4,14],"killed_by":"Slime Boss","ascension_level":9}