{"gold_per_floor":[111,111,130,55,66,66,84,84,84,102,136,136,136,146,146,219,219,189,207,222,235,287,287,287,298,352,352,379,379,379],"floor_reached":30,"playtime":1658,"items_purged":["Strike_B"],"score":466,"play_id":"9a1e9607-2a39-433b-9e9e-977e1110b620","local_time":"20190410230308","is_ascension_mode":true,"campfire_choices":[{"data":"Zap","floor":6.0,"key":"SMITH"},{"data":"Loop","floor":8.0,"key":"SMITH"},{"floor":13.0,"key":"DIG"},{"floor":15.0,"key":"DIG"},{"floor":23.0,"key":"DIG"},{"floor":27,"key":"REST"},{"data":"Double Energy","floor":29,"key":"SMITH"}],"neow_cost":"TEN_PERCENT_HP_LOSS","seed_source_timestamp":3621603503062989,"circlet_count":0,"master_deck":["AscendersBane","Strike_B","Defend_B","Defend_B+1","Defend_B","Defend_B+1","Zap+1","Dualcast","Conserve Battery","Multi-Cast","Double Energy+1","Loop+1","Chill","Static Discharge","Defragment+1","Go for the Eyes","Machine Learning","Cold Snap","Leap","Creative AI","RitualDagger","Go for the Eyes+1","Recycle"],"special_seed":0,"relics":["Cracked Core","Shovel","Ginger","Pantograph","Cables","Runic Pyramid","War Paint","Meat on the Bone","Girya"],"potions_floor_usage":[25,28],"damage_taken":[{"damage":2.0,"enemies":"Small Slimes","floor":1.0,"turns":3.0},{"damage":1.0,"enemies":"Cultist","floor":3.0,"turns":3.0},{"damage":0.0,"enemies":"Jaw Worm","floor":5.0,"turns":2.0},{"damage":2.0,"enemies":"Red Slaver","floor":7.0,"turns":2.0},{"damage":1.0,"enemies":"Exordium Wildlife","floor":10.0,"turns":2.0},{"damage":25.0,"enemies":"3 Sentries","floor":11.0,"turns":7.0},{"damage":0.0,"enemies":"Large Slime","floor":14.0,"turns":8.0},{"damage":14.0,"enemies":"Hexaghost","floor":16.0,"turns":7.0},{"damage":21.0,"enemies":"2 Thieves","floor":18.0,"turns":4.0},{"damage":0.0,"enemies":"Chosen","floor":19.0,"turns":7.0},{"damage":7.0,"enemies":"Snecko","floor":20.0,"turns":17.0},{"damage":11.0,"enemies":"Shelled Parasite and Fungi","floor":21.0,"turns":7.0},{"damage":2,"enemies":"Chosen and Byrds","floor":25,"turns":6},{"damage":31,"enemies":"Slavers","floor":28,"turns":6},{"damage":27,"enemies":"Colosseum Slavers","floor":30,"turns":2}],"seed_played":"-8396412847803776437","potions_obtained":[{"floor":7.0,"key":"Explosive Potion"},{"floor":10.0,"key":"Strength Potion"},{"floor":11.0,"key":"EssenceOfSteel"},{"floor":14.0,"key":"Swift Potion"},{"floor":16.0,"key":"LiquidBronze"},{"floor":21.0,"key":"FearPotion"}],"is_trial":false,"path_per_floor":["M","?","M","$","M","R","M","R","T","M","E","?","R","M","R","B",null,"M","M","M","M","T","R","?","M","T","R","E","R","?"],"character_chosen":"DEFECT","items_purchased":[],"campfire_rested":1,"item_purchase_floors":[],"current_hp_per_floor":[62,62,61,61,61,61,59,59,59,58,33,33,33,33,33,44,59,38,38,31,20,20,20,14,24,24,43,24,24,0],"gold":379,"neow_bonus":"REMOVE_TWO","is_prod":false,"is_daily":false,"chose_seed":false,"campfire_upgraded":3,"win_rate":0,"timestamp":1554904988,"path_taken":["M","?","M","$","M","R","M","R","T","?","E","?","R","M","R","BOSS","M","M","M","M","?","R","?","M","T","R","E","R","?"],"build_version":"2019-04-04","purchased_purges":1,"victory":false,"max_hp_per_floor":[64,64,64,64,64,64,64,64,64,64,64,64,64,64,64,64,64,64,64,64,64,64,64,64,64,64,64,64,64,64],"card_choices":[{"not_picked":["Double Energy","Compile Driver"],"picked":"Conserve Battery","floor":1.0},{"not_picked":["Hologram","Aggregate"],"picked":"Double Energy","floor":3.0},{"not_picked":["Barrage","Tempest"],"picked":"Loop","floor":5.0},{"not_picked":["Consume","Coolheaded"],"picked":"Chill","floor":7.0},{"not_picked":["Skim","Melter"],"picked":"Static Discharge","floor":10.0},{"not_picked":["Coolheaded","Tempest"],"picked":"Defragment","floor":11.0},{"not_picked":["Heatsinks","Cold Snap"],"picked":"Go for the Eyes","floor":14.0},{"not_picked":["Rainbow","Amplify"],"picked":"Machine Learning","floor":16.0},{"not_picked":["Blizzard","Stack"],"picked":"Cold Snap","floor":18.0},{"not_picked":["Sweeping Beam","Rip and Tear"],"picked":"Leap","floor":19.0},{"not_picked":["Lockon","Coolheaded","Leap"],"picked":"SKIP","floor":20.0},{"not_picked":["Go for the Eyes","Self Repair+1"],"picked":"Creative AI","floor":21.0},{"not_picked":["Rebound","Steam"],"picked":"Go for the Eyes+1","floor":25},{"not_picked":["Hologram+1","Glacier"],"picked":"Recycle","floor":28}],"player_experience":2880258,"relics_obtained":[{"floor":9.0,"key":"Shovel"},{"floor":11.0,"key":"Ginger"},{"floor":13.0,"key":"Pantograph"},{"floor":15.0,"key":"Cables"},{"floor":22.0,"key":"War Paint"},{"floor":23.0,"key":"Meat on the Bone"},{"floor":28,"key":"Girya"}],"event_choices":[{"damage_healed":0.0,"max_hp_gain":0.0,"max_hp_loss":0.0,"gold_gain":0.0,"event_name":"Match and Keep!","player_choice":"1 cards matched","floor":2.0,"gold_loss":0.0,"damage_taken":0.0,"cards_obtained":["Multi-Cast"]},{"damage_healed":0.0,"max_hp_gain":0.0,"max_hp_loss":0.0,"gold_gain":0.0,"event_name":"Upgrade Shrine","player_choice":"Upgraded","floor":12.0,"gold_loss":0.0,"damage_taken":0.0,"cards_upgraded":["Defragment"]},{"damage_healed":0.0,"max_hp_gain":0.0,"max_hp_loss":0.0,"gold_gain":0.0,"event_name":"Nest","player_choice":"Joined the Cult","floor":24.0,"gold_loss":0.0,"damage_taken":6.0,"cards_obtained":["RitualDagger"]},{"damage_healed":0,"gold_gain":0,"player_choice":"Fight","damage_taken":0,"max_hp_gain":0,"max_hp_loss":0,"event_name":"Colosseum","floor":30,"gold_loss":0}],"is_beta":true,"boss_relics":[{"not_picked":["Ectoplasm","Cursed Key"],"picked":"Runic Pyramid"}],"items_purged_floors":[4],"is_endless":false,"potions_floor_spawned":[7,10,11,14,16,18,20,21],"killed_by":"Colosseum Slavers","ascension_level":17}