{"gold_per_floor":[368,387,437,202,202,202,233,233,285,300,327,327,344,51,51,51],"floor_reached":16,"playtime":710,"items_purged":["Regret"],"score":200,"play_id":"17b9391a-b125-4796-a013-8869cc6423cb","local_time":"20190331022024","is_ascension_mode":true,"campfire_choices":[{"data":"Bash","floor":6.0,"key":"SMITH"},{"data":"Armaments","floor":12.0,"key":"SMITH"},{"floor":15,"key":"REST"}],"neow_cost":"CURSE","seed_source_timestamp":2684031564582307,"circlet_count":0,"master_deck":["AscendersBane","Strike_R","Strike_R","Strike_R","Strike_R","Strike_R","Defend_R","Defend_R","Defend_R","Defend_R","Bash+1","Perfected Strike+1","Clothesline","Armaments+1","Burning Pact","Enlightenment","Metamorphosis"],"special_seed":0,"relics":["Burning Blood","Bag of Preparation","Ancient Tea Set","Dodecahedron","Boot","Juzu Bracelet"],"potions_floor_usage":[16],"damage_taken":[{"damage":6.0,"enemies":"Cultist","floor":1.0,"turns":3.0},{"damage":2.0,"enemies":"2 Louse","floor":2.0,"turns":3.0},{"damage":32.0,"enemies":"Gremlin Nob","floor":7.0,"turns":4.0},{"damage":9.0,"enemies":"Jaw Worm","floor":10.0,"turns":3.0},{"damage":30.0,"enemies":"3 Sentries","floor":11.0,"turns":8.0},{"damage":1,"enemies":"Exordium Wildlife","floor":13,"turns":3},{"damage":46,"enemies":"The Guardian","floor":16,"turns":14}],"seed_played":"-5078590607771929760","potions_obtained":[{"floor":1.0,"key":"GamblersBrew"},{"floor":7.0,"key":"GamblersBrew"},{"floor":13,"key":"SkillPotion"}],"is_trial":false,"path_per_floor":["M","M","T","$","?","R","E","T","T","M","E","R","M","$","R","B"],"character_chosen":"IRONCLAD","items_purchased":["Bag of Preparation","Enlightenment","Metamorphosis"],"campfire_rested":1,"item_purchase_floors":[4,14,14],"current_hp_per_floor":[68,72,72,72,72,72,46,46,46,43,19,19,24,24,46,0],"gold":51,"neow_bonus":"TWO_FIFTY_GOLD","is_prod":false,"is_daily":false,"chose_seed":false,"campfire_upgraded":2,"win_rate":0,"timestamp":1553966424,"path_taken":["M","M","?","$","?","R","E","?","T","M","E","R","M","$","R","BOSS"],"build_version":"2019-03-15","purchased_purges":1,"victory":false,"max_hp_per_floor":[75,75,75,75,75,75,75,75,75,75,75,75,75,75,75,75],"card_choices":[{"not_picked":["Burning Pact","Flex"],"picked":"Perfected Strike","floor":1.0},{"not_picked":["Power Through","Warcry","Flex"],"picked":"SKIP","floor":2.0},{"not_picked":["Corruption","Sword Boomerang","Power Through"],"picked":"SKIP","floor":7.0},{"not_picked":["Pummel","Havoc"],"picked":"Clothesline","floor":10.0},{"not_picked":["Carnage","Pommel Strike"],"picked":"Armaments","floor":11.0},{"not_picked":["Wild Strike","Sword Boomerang"],"picked":"Burning Pact","floor":13}],"player_experience":2782086,"relics_obtained":[{"floor":7.0,"key":"Ancient Tea Set"},{"floor":8.0,"key":"Dodecahedron"},{"floor":9.0,"key":"Boot"},{"floor":11.0,"key":"Juzu Bracelet"}],"event_choices":[{"damage_healed":0.0,"max_hp_gain":0.0,"max_hp_loss":0.0,"gold_gain":0.0,"event_name":"Living Wall","player_choice":"Grow","floor":5.0,"gold_loss":0.0,"damage_taken":0.0,"cards_upgraded":["Perfected Strike"]}],"is_beta":true,"boss_relics":[],"items_purged_floors":[4],"is_endless":false,"potions_floor_spawned":[1,7,13],"killed_by":"The Guardian","ascension_level":17}