{"gold_per_floor":[109,123,9,39,39,74,74,93,93,93,112,112,132,163,163,237,237,247,258,183,183,200,200,215,215,215,244,79,89,115,17,17,95,95,112,112,124,135,153,178,178,192,192,225,240,253,253,281,293,305,317,329,58,89,89],"floor_reached":56,"playtime":13527,"items_purged":["Strike_B"],"score":2197,"play_id":"9d815447-55cb-4731-980d-3fc8844cb05f","local_time":"20190501182916","is_ascension_mode":true,"campfire_choices":[{"data":"Defragment","floor":7,"key":"SMITH"},{"data":"Zap","floor":10,"key":"SMITH"},{"data":"Dualcast","floor":12,"key":"SMITH"},{"data":"Fission","floor":15,"key":"SMITH"},{"data":"Hologram","floor":23,"key":"SMITH"},{"data":"Amplify","floor":25,"key":"SMITH"},{"data":"Enlightenment","floor":32,"key":"SMITH"},{"floor":47,"key":"RECALL"},{"data":"Defragment","floor":49,"key":"SMITH"},{"data":"Biased Cognition","floor":52,"key":"SMITH"}],"neow_cost":"NONE","seed_source_timestamp":424968093132141,"circlet_count":0,"master_deck":["AscendersBane","Zap+1","Dualcast+1","Self Repair","BootSequence","Defragment+1","Glacier","Hologram+1","Ball Lightning","Fission+1","Meteor Strike","Biased Cognition+1","Electrodynamics","Heatsinks+1","White Noise","Amplify+1","Compile Driver","BootSequence+1","Defragment+1","Undo","Enlightenment+1","Creative AI","Madness","Madness","Undo+1","Cold Snap"],"relics":["Cracked Core","NeowsBlessing","Tiny Chest","Meat on the Bone","Singing Bowl","Girya","Bird Faced Urn","Pandora\u0027s Box","Regal Pillow","Bag of Marbles","Pantograph","PreservedInsect","Dodecahedron","Busted Crown","Question Card","Orichalcum","MawBank","Runic Capacitor","Gremlin Horn"],"potions_floor_usage":[16,29,42,55,55],"damage_taken":[{"damage":0,"enemies":"2 Louse","floor":1,"turns":1},{"damage":0,"enemies":"Jaw Worm","floor":2,"turns":1},{"damage":0,"enemies":"Lagavulin","floor":6,"turns":2},{"damage":0,"enemies":"Cultist","floor":8,"turns":6},{"damage":4,"enemies":"Red Slaver","floor":11,"turns":3},{"damage":0,"enemies":"3 Louse","floor":13,"turns":4},{"damage":21,"enemies":"Gremlin Nob","floor":14,"turns":5},{"damage":29,"enemies":"Hexaghost","floor":16,"turns":13},{"damage":23,"enemies":"Shell Parasite","floor":18,"turns":4},{"damage":0,"enemies":"3 Byrds","floor":19,"turns":2},{"damage":5,"enemies":"Snecko","floor":22,"turns":4},{"damage":5,"enemies":"Snake Plant","floor":24,"turns":3},{"damage":21,"enemies":"Slavers","floor":27,"turns":3},{"damage":6,"enemies":"3 Cultists","floor":29,"turns":3},{"damage":22,"enemies":"Book of Stabbing","floor":30,"turns":5},{"damage":6,"enemies":"Champ","floor":33,"turns":11},{"damage":21,"enemies":"3 Darklings","floor":35,"turns":3},{"damage":22,"enemies":"3 Shapes","floor":37,"turns":3},{"damage":4,"enemies":"Spire Growth","floor":38,"turns":3},{"damage":41,"enemies":"Jaw Worm Horde","floor":39,"turns":3},{"damage":66,"enemies":"Reptomancer","floor":40,"turns":6},{"damage":0,"enemies":"3 Darklings","floor":42,"turns":2},{"damage":13,"enemies":"Giant Head","floor":44,"turns":5},{"damage":0,"enemies":"Transient","floor":45,"turns":6},{"damage":17,"enemies":"Writhing Mass","floor":46,"turns":5},{"damage":0,"enemies":"Reptomancer","floor":48,"turns":3},{"damage":24,"enemies":"Donu and Deca","floor":50,"turns":8},{"damage":25,"enemies":"Shield and Spear","floor":54,"turns":3},{"damage":1,"enemies":"The Heart","floor":55,"turns":6}],"seed_played":"1476585353812369347","potions_obtained":[{"floor":1,"key":"EssenceOfSteel"},{"floor":8,"key":"SpeedPotion"},{"floor":11,"key":"SteroidPotion"},{"floor":18,"key":"SteroidPotion"},{"floor":24,"key":"GamblersBrew"},{"floor":30,"key":"Energy Potion"},{"floor":40,"key":"GamblersBrew"},{"floor":42,"key":"Weak Potion"},{"floor":54,"key":"PowerPotion"}],"is_trial":false,"path_per_floor":["M","M","$","?","T","E","R","M","T","R","M","R","M","E","R","B",null,"M","M","?","?","M","R","M","R","T","E","$","M","E","$","R","B",null,"M","?","M","M","M","E","?","M","T","E","M","M","R","E","R","B",null,"R","$","E","B",null],"character_chosen":"DEFECT","items_purchased":["Defragment","PreservedInsect","Enlightenment","Runic Capacitor","Swift Potion"],"campfire_rested":0,"item_purchase_floors":[3,28,31,53,53],"current_hp_per_floor":[64,64,64,59,59,66,66,66,66,66,69,69,73,59,59,53,68,73,75,75,75,77,77,79,79,79,81,81,75,72,72,72,81,81,66,51,56,81,67,53,53,91,91,93,93,95,95,97,97,97,97,97,97,99,99],"gold":89,"neow_bonus":"THREE_ENEMY_KILL","is_prod":false,"is_daily":false,"chose_seed":false,"campfire_upgraded":9,"win_rate":0,"timestamp":1556702956,"path_taken":["M","M","$","?","?","E","R","M","T","R","M","R","M","E","R","BOSS","M","M","?","?","M","R","M","R","T","E","$","?","E","?","R","BOSS","M","?","M","M","M","E","?","M","T","E","M","?","R","E","R","BOSS","R","$","E","BOSS"],"build_version":"2019-04-23","purchased_purges":1,"victory":true,"max_hp_per_floor":[71,71,71,71,71,71,71,71,71,71,71,71,73,73,73,73,73,73,75,75,75,77,77,79,79,79,81,81,81,81,81,81,81,81,83,83,85,87,89,91,91,91,91,93,93,95,95,97,97,97,97,97,97,99,99],"card_choices":[{"not_picked":["Hologram","Sweeping Beam"],"picked":"Self Repair","floor":1},{"not_picked":["Ball Lightning","Stack"],"picked":"BootSequence","floor":2},{"not_picked":["Chaos","Reinforced Body"],"picked":"Glacier","floor":6},{"not_picked":["Streamline","Steam"],"picked":"Hologram","floor":8},{"not_picked":["Leap","Beam Cell"],"picked":"Ball Lightning","floor":11},{"not_picked":["Barrage","Steam","Rebound"],"picked":"Singing Bowl","floor":13},{"not_picked":["Conserve Battery","Auto Shields"],"picked":"Fission","floor":14},{"not_picked":["Multi-Cast","Machine Learning"],"picked":"Meteor Strike","floor":16},{"not_picked":["Compile Driver","Steam"],"picked":"BootSequence+1","floor":18},{"not_picked":["Leap","Genetic Algorithm","Aggregate"],"picked":"Singing Bowl","floor":19},{"not_picked":["Consume+1","Recycle","Sweeping Beam"],"picked":"Singing Bowl","floor":22},{"not_picked":["Cold Snap","Steam Power","Fusion"],"picked":"Singing Bowl","floor":24},{"not_picked":["Streamline","Static Discharge","Go for the Eyes"],"picked":"Singing Bowl","floor":27},{"not_picked":["Cold Snap","Redo"],"picked":"Defragment","floor":29},{"not_picked":["Ball Lightning","Hyperbeam"],"picked":"Undo","floor":30},{"not_picked":["Machine Learning","Thunder Strike"],"picked":"Creative AI","floor":33},{"not_picked":["Streamline"],"picked":"Singing Bowl","floor":35},{"not_picked":["Gash"],"picked":"Singing Bowl","floor":37},{"not_picked":["Ball Lightning"],"picked":"Singing Bowl","floor":38},{"not_picked":["Leap"],"picked":"Singing Bowl","floor":39},{"not_picked":["Chaos"],"picked":"Singing Bowl","floor":40},{"not_picked":["FTL"],"picked":"Undo+1","floor":42},{"not_picked":["Conserve Battery","Machine Learning"],"picked":"Singing Bowl","floor":44},{"not_picked":["Streamline+1"],"picked":"Cold Snap","floor":45},{"not_picked":["Consume","Leap"],"picked":"Singing Bowl","floor":46},{"not_picked":["Self Repair","Steam Power"],"picked":"Singing Bowl","floor":48},{"not_picked":["Darkness","Go for the Eyes+1"],"picked":"Singing Bowl","floor":54}],"player_experience":3131932,"relics_obtained":[{"floor":5,"key":"Meat on the Bone"},{"floor":6,"key":"Singing Bowl"},{"floor":9,"key":"Girya"},{"floor":14,"key":"Bird Faced Urn"},{"floor":26,"key":"Bag of Marbles"},{"floor":27,"key":"Pantograph"},{"floor":30,"key":"Dodecahedron"},{"floor":40,"key":"Question Card"},{"floor":44,"key":"Orichalcum"},{"floor":48,"key":"MawBank"},{"floor":54,"key":"Gremlin Horn"}],"event_choices":[{"damage_healed":0,"gold_gain":0,"player_choice":"Success","damage_taken":5,"relics_obtained":["Tiny Chest"],"max_hp_gain":0,"max_hp_loss":0,"event_name":"Scrap Ooze","floor":4,"gold_loss":0},{"cards_removed":["Static Discharge"],"damage_healed":0,"gold_gain":0,"player_choice":"Gave Gold","damage_taken":0,"max_hp_gain":0,"max_hp_loss":0,"event_name":"Beggar","floor":20,"gold_loss":75},{"damage_healed":0,"gold_gain":0,"player_choice":"Gave Potion","damage_taken":0,"relics_obtained":["Regal Pillow"],"max_hp_gain":0,"max_hp_loss":0,"event_name":"WeMeetAgain","floor":21,"gold_loss":0},{"damage_healed":0,"gold_gain":0,"player_choice":"Embrace Madness","damage_taken":15,"max_hp_gain":0,"max_hp_loss":0,"event_name":"Winding Halls","floor":36,"gold_loss":0,"cards_obtained":["Madness","Madness"]},{"damage_healed":0,"gold_gain":0,"player_choice":"Forge","damage_taken":0,"max_hp_gain":0,"max_hp_loss":0,"event_name":"Accursed Blacksmith","floor":41,"gold_loss":0,"cards_upgraded":["Heatsinks"]}],"is_beta":true,"boss_relics":[{"not_picked":["Orrery","Lizard Tail"],"picked":"Pandora\u0027s Box"},{"not_picked":["Cursed Key","Astrolabe"],"picked":"Busted Crown"}],"items_purged_floors":[3],"is_endless":false,"potions_floor_spawned":[1,8,11,18,19,24,30,39,40,42,45,48,54],"ascension_level":17}