{"gold_per_floor":[12,12,27,42,60,60,60,92,92,92,109,127,147,224,224,327,327,347,99,99,99,117,117,132,145,145,171,171,171],"floor_reached":29,"playtime":1456,"items_purged":["Defend_R"],"score":272,"play_id":"04a0f123-ffb9-409c-a611-97b283b80198","local_time":"20181231123437","is_ascension_mode":true,"campfire_choices":[{"data":"Enlightenment","floor":6,"key":"SMITH"},{"floor":10,"key":"REST"},{"data":"Infernal Blade","floor":15,"key":"SMITH"},{"floor":23,"key":"REST"},{"floor":28,"key":"REST"}],"neow_cost":"NO_GOLD","seed_source_timestamp":745030855802635,"circlet_count":0,"master_deck":["Strike_R","Strike_R","Strike_R","Strike_R","Strike_R","Defend_R","Defend_R","Defend_R","Bash","Enlightenment+1","Secret Technique","Infernal Blade+1","Armaments","Shockwave","Uppercut","Pommel Strike","Body Slam","Perfected Strike","Demon Form","Perfected Strike+1","True Grit+1","Clash+1"],"relics":["Black Blood","Ancient Tea Set","Blue Candle","Membership Card","Toxic Egg 2","Strawberry"],"potions_floor_usage":[8,8,20,24,25],"damage_taken":[{"damage":12,"enemies":"Jaw Worm","floor":1,"turns":2},{"damage":11,"enemies":"Cultist","floor":3,"turns":4},{"damage":7,"enemies":"2 Louse","floor":4,"turns":3},{"damage":7,"enemies":"Looter","floor":5,"turns":3},{"damage":42,"enemies":"3 Sentries","floor":8,"turns":8},{"damage":1,"enemies":"Exordium Thugs","floor":11,"turns":4},{"damage":0,"enemies":"Exordium Wildlife","floor":12,"turns":3},{"damage":18,"enemies":"Gremlin Gang","floor":13,"turns":6},{"damage":24,"enemies":"Slime Boss","floor":16,"turns":6},{"damage":20,"enemies":"3 Byrds","floor":18,"turns":5},{"damage":27,"enemies":"Colosseum Slavers","floor":20,"turns":4},{"damage":51,"enemies":"Spheric Guardian","floor":22,"turns":6},{"damage":10,"enemies":"Snecko","floor":24,"turns":3},{"damage":32,"enemies":"Snake Plant","floor":25,"turns":4},{"damage":51,"enemies":"Book of Stabbing","floor":29,"turns":4}],"seed_played":"-6412762647427918095","potions_obtained":[{"floor":1,"key":"LiquidBronze"},{"floor":3,"key":"EssenceOfSteel"},{"floor":12,"key":"Dexterity Potion"},{"floor":13,"key":"Energy Potion"},{"floor":18,"key":"Swift Potion"},{"floor":24,"key":"GamblersBrew"}],"is_trial":false,"path_per_floor":["M","?","M","M","M","R","$","E","T","R","M","M","M","?","R","B",null,"M","$","?","?","M","R","M","M","T","T","R","E"],"character_chosen":"IRONCLAD","items_purchased":["Membership Card"],"campfire_rested":3,"item_purchase_floors":[19],"current_hp_per_floor":[74,66,61,60,59,59,59,23,23,47,52,58,46,46,46,28,80,70,70,53,53,12,36,36,14,14,21,47,0],"gold":171,"neow_bonus":"RANDOM_COLORLESS_2","is_prod":false,"is_daily":false,"chose_seed":false,"campfire_upgraded":2,"win_rate":0,"timestamp":1546227277,"path_taken":["M","?","?","M","M","R","?","E","T","R","M","M","M","?","R","BOSS","M","$","?","?","M","R","M","?","T","?","R","E"],"build_version":"2018-12-20","purchased_purges":1,"victory":false,"max_hp_per_floor":[80,80,80,80,80,80,80,80,80,80,80,80,80,80,80,80,80,80,80,80,80,80,80,80,80,80,87,87,87],"card_choices":[{"not_picked":["Warcry","Cleave"],"picked":"Infernal Blade","floor":1},{"not_picked":["Headbutt","Evolve"],"picked":"Armaments","floor":3},{"not_picked":["Whirlwind","Flex"],"picked":"Shockwave","floor":4},{"not_picked":["Armaments","Pommel Strike"],"picked":"Uppercut","floor":5},{"not_picked":["Thunderclap","Warcry"],"picked":"Pommel Strike","floor":8},{"not_picked":["Shrug It Off","Havoc"],"picked":"Body Slam","floor":11},{"not_picked":["Pommel Strike","Fiend Fire","Sentinel"],"picked":"SKIP","floor":12},{"not_picked":["Iron Wave","Headbutt"],"picked":"Perfected Strike","floor":13},{"not_picked":["Feed","Fiend Fire"],"picked":"Demon Form","floor":16},{"not_picked":["Burning Pact","Body Slam","Pommel Strike"],"picked":"SKIP","floor":18},{"not_picked":["Armaments","Iron Wave"],"picked":"Perfected Strike+1","floor":22},{"not_picked":["Hemokinesis","Sword Boomerang"],"picked":"True Grit+1","floor":24},{"not_picked":["Rampage","Headbutt"],"picked":"Clash+1","floor":25}],"player_experience":291644,"relics_obtained":[{"floor":8,"key":"Ancient Tea Set"},{"floor":9,"key":"Blue Candle"},{"floor":26,"key":"Toxic Egg 2"},{"floor":27,"key":"Strawberry"}],"event_choices":[{"damage_healed":0,"gold_gain":0,"player_choice":"Damaged","damage_taken":8,"max_hp_gain":0,"max_hp_loss":0,"event_name":"Wheel of Change","floor":2,"gold_loss":0},{"damage_healed":0,"gold_gain":77,"player_choice":"Gained Gold","damage_taken":0,"max_hp_gain":0,"max_hp_loss":0,"event_name":"Golden Wing","floor":14,"gold_loss":0},{"damage_healed":0,"gold_gain":0,"player_choice":"Fight","damage_taken":0,"max_hp_gain":0,"max_hp_loss":0,"event_name":"Colosseum","floor":20,"gold_loss":0},{"damage_healed":0,"gold_gain":0,"player_choice":"Fled From Nobs","damage_taken":0,"max_hp_gain":0,"max_hp_loss":0,"event_name":"Colosseum","floor":20,"gold_loss":0},{"damage_healed":0,"gold_gain":0,"player_choice":"Ignored","damage_taken":0,"max_hp_gain":0,"max_hp_loss":0,"event_name":"Ghosts","floor":21,"gold_loss":0}],"is_beta":false,"boss_relics":[{"not_picked":["Ectoplasm","Mark of Pain"],"picked":"Black Blood"}],"items_purged_floors":[19],"is_endless":false,"potions_floor_spawned":[1,3,12,13,18,20,24],"killed_by":"Book of Stabbing","ascension_level":4}