{"gold_per_floor":[19,94,94,111,121,121,140,65,89,89,108,121,46,63,63,142,142,154,79,98,98,21,21,55,55,55,75,75,109,159,173,173,252,252,268,287,287,287,287,313,313,340,340,358,374,374,374,390,390,390,390,390,390,12,37,37],"floor_reached":57,"playtime":3518,"items_purged":["Defend_B"],"score":2734,"play_id":"2d4007d1-ec2c-48fe-a9a9-21a362fda565","local_time":"20190530154056","is_ascension_mode":true,"campfire_choices":[{"data":"Conserve Battery","floor":6,"key":"SMITH"},{"data":"Hologram","floor":10,"key":"SMITH"},{"data":"Zap","floor":15,"key":"SMITH"},{"data":"Recycle","floor":23,"key":"SMITH"},{"floor":25,"key":"REST"},{"floor":28,"key":"REST"},{"data":"Defragment","floor":32,"key":"SMITH"},{"floor":41,"key":"REST"},{"floor":47,"key":"REST"},{"floor":49,"key":"RECALL"},{"data":"Consume","floor":53,"key":"SMITH"}],"neow_cost":"NO_GOLD","seed_source_timestamp":321162255384400,"circlet_count":0,"master_deck":["AscendersBane","Zap+1","Dualcast","Sweeping Beam","Ball Lightning","Conserve Battery+1","Hologram+1","Consume+1","Multi-Cast","Recycle+1","Doom and Gloom","Defragment+1","BootSequence","Turbo","Turbo+1","Echo Form","Capacitor+1","All For One+1","Heatsinks+1","Steam+1","Cold Snap+1","Finesse","BootSequence","Reprogram+1","White Noise","Steam","Echo Form","Coolheaded","Hologram","Glacier"],"relics":["Cracked Core","Regal Pillow","Runic Pyramid","Dream Catcher","Pantograph","Juzu Bracelet","Astrolabe","Centennial Puzzle","Mango","DollysMirror","Cables"],"potions_floor_usage":[14,18,24,24,36,42,50,55],"damage_taken":[{"damage":4,"enemies":"Small Slimes","floor":1,"turns":3},{"damage":7,"enemies":"Jaw Worm","floor":4,"turns":2},{"damage":3,"enemies":"2 Louse","floor":5,"turns":2},{"damage":10,"enemies":"Exordium Thugs","floor":7,"turns":4},{"damage":1,"enemies":"2 Fungi Beasts","floor":11,"turns":2},{"damage":1,"enemies":"Exordium Wildlife","floor":12,"turns":3},{"damage":8,"enemies":"3 Louse","floor":14,"turns":3},{"damage":10,"enemies":"The Guardian","floor":16,"turns":12},{"damage":16,"enemies":"Shell Parasite","floor":18,"turns":6},{"damage":17,"enemies":"2 Thieves","floor":20,"turns":4},{"damage":18,"enemies":"Gremlin Leader","floor":24,"turns":6},{"damage":11,"enemies":"Centurion and Healer","floor":27,"turns":5},{"damage":43,"enemies":"Book of Stabbing","floor":29,"turns":4},{"damage":37,"enemies":"Shelled Parasite and Fungi","floor":31,"turns":5},{"damage":32,"enemies":"Champ","floor":33,"turns":6},{"damage":4,"enemies":"3 Shapes","floor":35,"turns":4},{"damage":43,"enemies":"3 Darklings","floor":36,"turns":4},{"damage":22,"enemies":"Nemesis","floor":40,"turns":5},{"damage":9,"enemies":"Reptomancer","floor":42,"turns":4},{"damage":8,"enemies":"Sphere and 2 Shapes","floor":44,"turns":5},{"damage":6,"enemies":"Writhing Mass","floor":45,"turns":7},{"damage":14,"enemies":"3 Darklings","floor":48,"turns":5},{"damage":74,"enemies":"Awakened One","floor":50,"turns":17},{"damage":46,"enemies":"Time Eater","floor":51,"turns":12},{"damage":2,"enemies":"Shield and Spear","floor":55,"turns":11},{"damage":81,"enemies":"The Heart","floor":56,"turns":11}],"seed_played":"3870701624356932785","potions_obtained":[{"floor":11,"key":"AttackPotion"},{"floor":12,"key":"Ancient Potion"},{"floor":14,"key":"Swift Potion"},{"floor":20,"key":"EntropicBrew"},{"floor":33,"key":"Strength Potion"},{"floor":35,"key":"Regen Potion"},{"floor":36,"key":"FearPotion"},{"floor":40,"key":"Poison Potion"},{"floor":48,"key":"Regen Potion"},{"floor":55,"key":"SneckoOil"}],"is_trial":false,"path_per_floor":["M","?","?","M","M","R","M","?","T","R","M","M","$","M","R","B",null,"M","?","M","?","$","R","E","R","T","M","R","E","?","M","R","B",null,"M","M","?","?","?","E","R","E","T","M","M","?","R","M","R","B","B",null,"R","$","E","B",null],"character_chosen":"DEFECT","items_purchased":["BootSequence","DollysMirror","Coolheaded","Dexterity Potion","Hologram"],"campfire_rested":4,"item_purchase_floors":[22,54,54,54,54],"current_hp_per_floor":[74,63,56,49,46,46,36,36,36,36,35,34,34,26,26,16,68,52,52,35,35,35,35,17,57,57,46,85,42,42,5,5,8,66,62,28,28,28,28,6,46,51,51,43,37,37,81,67,67,33,12,77,77,77,75,18],"gold":37,"neow_bonus":"TWENTY_PERCENT_HP_BONUS","is_prod":false,"is_daily":false,"chose_seed":false,"campfire_upgraded":6,"win_rate":0,"timestamp":1559198456,"path_taken":["M","?","?","M","?","R","M","?","T","R","M","M","?","M","R","BOSS","M","?","M","?","$","R","E","R","T","M","R","E","?","M","R","BOSS","M","M","?","?","?","E","R","E","T","M","M","?","R","M","R","BOSS","BOSS","R","$","E","BOSS"],"build_version":"2019-01-23","purchased_purges":1,"victory":true,"max_hp_per_floor":[85,85,85,85,85,85,85,85,85,85,85,85,85,85,85,85,85,85,85,85,85,85,85,85,85,85,85,85,85,85,85,85,85,85,85,85,85,85,85,85,85,99,99,99,99,99,99,99,99,99,99,99,99,99,99,99],"card_choices":[{"not_picked":["Go for the Eyes","Genetic Algorithm"],"picked":"Sweeping Beam","floor":1},{"not_picked":["Barrage","Loop"],"picked":"Ball Lightning","floor":4},{"not_picked":["Beam Cell","Doom and Gloom"],"picked":"Conserve Battery","floor":5},{"not_picked":["Steam","Chaos"],"picked":"Hologram","floor":7},{"not_picked":["Sweeping Beam","Hologram","Leap"],"picked":"SKIP","floor":11},{"not_picked":["Amplify","Hologram","Tempest"],"picked":"SKIP","floor":12},{"not_picked":["Turbo","Cold Snap"],"picked":"Consume","floor":14},{"not_picked":["Fission","Buffer"],"picked":"Multi-Cast","floor":16},{"not_picked":["Glacier","Gash+1"],"picked":"Recycle","floor":18},{"not_picked":["Cold Snap","Defragment"],"picked":"Doom and Gloom","floor":20},{"not_picked":["Compile Driver","Cold Snap"],"picked":"Turbo","floor":24},{"not_picked":["Streamline","Redo"],"picked":"Core Surge","floor":27},{"not_picked":["Sweeping Beam","Conserve Battery"],"picked":"Turbo+1","floor":29},{"not_picked":["Darkness","Barrage","Beam Cell"],"picked":"SKIP","floor":31},{"not_picked":["Machine Learning","Rainbow"],"picked":"Echo Form","floor":33},{"not_picked":["Turbo","Go for the Eyes"],"picked":"Steam+1","floor":35},{"not_picked":["Reprogram+1","Compile Driver"],"picked":"Cold Snap+1","floor":36},{"not_picked":["Secret Technique","Madness"],"picked":"Finesse","floor":38},{"not_picked":["Machine Learning","Hello World"],"picked":"BootSequence","floor":40},{"not_picked":["Streamline+1","Darkness","Sweeping Beam+1"],"picked":"SKIP","floor":42},{"not_picked":["Ball Lightning+1","Sweeping Beam","Stack"],"picked":"SKIP","floor":44},{"not_picked":["Lockon","Static Discharge"],"picked":"Reprogram+1","floor":45},{"not_picked":["Reprogram","Beam Cell"],"picked":"White Noise","floor":47},{"not_picked":["Capacitor","Leap"],"picked":"Steam","floor":48},{"not_picked":["Consume+1","Fusion"],"picked":"Glacier","floor":55}],"player_experience":5211153,"relics_obtained":[{"floor":9,"key":"Regal Pillow"},{"floor":24,"key":"Dream Catcher"},{"floor":26,"key":"Pantograph"},{"floor":29,"key":"Juzu Bracelet"},{"floor":40,"key":"Centennial Puzzle"},{"floor":42,"key":"Mango"},{"floor":55,"key":"Cables"}],"event_choices":[{"damage_healed":0,"gold_gain":75,"player_choice":"Gather Gold","damage_taken":11,"max_hp_gain":0,"max_hp_loss":0,"event_name":"World of Goop","floor":2,"gold_loss":0},{"cards_removed":["Strike_B"],"damage_healed":0,"gold_gain":0,"player_choice":"Card Removal","damage_taken":7,"max_hp_gain":0,"max_hp_loss":0,"event_name":"Golden Wing","floor":3,"gold_loss":0},{"cards_removed":["Strike_B"],"damage_healed":0,"gold_gain":0,"player_choice":"Card Removal","damage_taken":0,"max_hp_gain":0,"max_hp_loss":0,"event_name":"The Cleric","floor":8,"gold_loss":75},{"cards_removed":["Strike_B"],"damage_healed":0,"gold_gain":0,"player_choice":"Gave Gold","damage_taken":0,"max_hp_gain":0,"max_hp_loss":0,"event_name":"Beggar","floor":19,"gold_loss":75},{"damage_healed":0,"gold_gain":0,"cards_transformed":["Defend_B","Strike_B"],"player_choice":"Became Test Subject","damage_taken":0,"max_hp_gain":0,"max_hp_loss":0,"event_name":"Drug Dealer","floor":21,"gold_loss":0,"cards_obtained":["Scrape","Defragment"]},{"damage_healed":0,"gold_gain":50,"player_choice":"Stole From Cult","damage_taken":0,"max_hp_gain":0,"max_hp_loss":0,"event_name":"Nest","floor":30,"gold_loss":0},{"cards_removed":["Core Surge"],"damage_healed":0,"gold_gain":0,"player_choice":"Removed Attack","damage_taken":0,"max_hp_gain":0,"max_hp_loss":0,"event_name":"Falling","floor":37,"gold_loss":0},{"damage_healed":0,"gold_gain":0,"player_choice":"Memory 1","damage_taken":0,"max_hp_gain":0,"max_hp_loss":0,"event_name":"SensoryStone","floor":38,"gold_loss":0},{"damage_healed":0,"gold_gain":0,"player_choice":"Ignored","damage_taken":0,"max_hp_gain":0,"max_hp_loss":0,"event_name":"Tomb of Lord Red Mask","floor":39,"gold_loss":0},{"damage_healed":0,"gold_gain":0,"player_choice":"Ignored","damage_taken":0,"max_hp_gain":0,"max_hp_loss":0,"event_name":"Mysterious Sphere","floor":46,"gold_loss":0}],"is_beta":false,"boss_relics":[{"not_picked":["Nuclear Battery","Calling Bell"],"picked":"Runic Pyramid"},{"not_picked":["Philosopher\u0027s Stone","Busted Crown"],"picked":"Astrolabe"}],"items_purged_floors":[13],"is_endless":false,"potions_floor_spawned":[11,12,14,16,20,33,35,36,40,48,55],"ascension_level":20}