{"gold_per_floor":[110,127,143,143,119,119,148,163,186,205,234,234,253,107,107,107],"floor_reached":16,"playtime":792,"items_purged":["Strike_G"],"score":179,"play_id":"71136fda-4442-4f20-a9bf-7f3b87e4b8a8","local_time":"20190504142713","is_ascension_mode":true,"campfire_choices":[{"data":"Crippling Poison","floor":6,"key":"SMITH"},{"floor":12,"key":"REST"},{"floor":15,"key":"REST"}],"neow_cost":"NONE","seed_source_timestamp":671681366532611,"circlet_count":0,"master_deck":["AscendersBane","Defend_G","Defend_G","Defend_G","Defend_G","Defend_G","Strike_G","Strike_G","Strike_G","Strike_G","Survivor","Neutralize","Escape Plan","Crippling Poison+1","Poisoned Stab","Calculated Gamble","Crippling Poison","Caltrops","Dagger Spray","Backflip","Dodge and Roll"],"relics":["Ring of the Snake","Oddly Smooth Stone","Centennial Puzzle","Juzu Bracelet","Tingsha"],"potions_floor_usage":[7,10,11],"damage_taken":[{"damage":3,"enemies":"Jaw Worm","floor":1,"turns":5},{"damage":0,"enemies":"Cultist","floor":2,"turns":5},{"damage":0,"enemies":"2 Louse","floor":3,"turns":4},{"damage":29,"enemies":"3 Sentries","floor":7,"turns":13},{"damage":6,"enemies":"Lots of Slimes","floor":8,"turns":2},{"damage":7,"enemies":"Exordium Wildlife","floor":10,"turns":5},{"damage":3,"enemies":"Lagavulin","floor":11,"turns":7},{"damage":8,"enemies":"Looter","floor":13,"turns":3},{"damage":46,"enemies":"Slime Boss","floor":16,"turns":9}],"seed_played":"4060228408950041715","potions_obtained":[{"floor":0,"key":"Block Potion"},{"floor":0,"key":"EssenceOfSteel"},{"floor":7,"key":"Strength Potion"},{"floor":11,"key":"SmokeBomb"},{"floor":13,"key":"Weak Potion"}],"is_trial":false,"path_per_floor":["M","M","M","?","$","R","E","M","T","M","E","R","M","$","R","B"],"character_chosen":"THE_SILENT","items_purchased":["Poisoned Stab","Backflip","Dodge and Roll"],"campfire_rested":2,"item_purchase_floors":[5,14,14],"current_hp_per_floor":[60,60,60,53,53,53,24,18,18,11,8,29,21,21,42,0],"gold":107,"neow_bonus":"THREE_SMALL_POTIONS","is_prod":false,"is_daily":false,"chose_seed":false,"campfire_upgraded":1,"win_rate":0,"timestamp":1556972833,"path_taken":["M","M","M","?","$","R","E","M","T","M","E","R","M","$","R","BOSS"],"build_version":"2019-01-23","purchased_purges":1,"victory":false,"max_hp_per_floor":[70,70,70,70,70,70,70,70,70,70,70,70,70,70,70,70],"card_choices":[{"not_picked":["PiercingWail","Underhanded Strike"],"picked":"Escape Plan","floor":1},{"not_picked":["Reflex","Heel Hook","Acrobatics"],"picked":"SKIP","floor":2},{"not_picked":["Footwork","Bane"],"picked":"Crippling Poison","floor":3},{"not_picked":["Reflex","Riddle With Holes"],"picked":"Calculated Gamble","floor":7},{"not_picked":["Backflip","Terror"],"picked":"Crippling Poison","floor":8},{"not_picked":["Accuracy","Infinite Blades","Flying Knee"],"picked":"SKIP","floor":10},{"not_picked":["Accuracy","Infinite Blades","Flying Knee"],"picked":"SKIP","floor":10},{"not_picked":["Finisher","Calculated Gamble"],"picked":"Caltrops","floor":11},{"not_picked":["Sucker Punch","Phantasmal Killer"],"picked":"Dagger Spray","floor":13}],"player_experience":536219,"relics_obtained":[{"floor":7,"key":"Centennial Puzzle"},{"floor":9,"key":"Juzu Bracelet"},{"floor":11,"key":"Tingsha"}],"event_choices":[{"damage_healed":0,"gold_gain":0,"player_choice":"Success","damage_taken":7,"relics_obtained":["Oddly Smooth Stone"],"max_hp_gain":0,"max_hp_loss":0,"event_name":"Scrap Ooze","floor":4,"gold_loss":0}],"is_beta":false,"boss_relics":[],"items_purged_floors":[14],"is_endless":false,"potions_floor_spawned":[1,7,11,13],"killed_by":"Slime Boss","ascension_level":12}