{"gold_per_floor":[219,233,183,62,80,80,106,106,129,154,168,168,181,106,106,181,181,192,192,172,172,184,214,214,234,261,65,65,65,65,78,78,151,151,164,164,164,178,192,226,226,238,238,271,271,28,76,26,26,26],"floor_reached":51,"playtime":2857,"items_purged":["Strike_B","Zap","Defend_B"],"score":1186,"play_id":"14663729-b686-460d-a950-0f9cc8e720b1","local_time":"20190602154333","is_ascension_mode":true,"campfire_choices":[{"data":"Defragment","floor":6,"key":"SMITH"},{"data":"Capacitor","floor":8,"key":"SMITH"},{"data":"Defragment","floor":15,"key":"SMITH"},{"data":"Chill","floor":24,"key":"SMITH"},{"data":"Barrage","floor":28,"key":"SMITH"},{"data":"Hologram","floor":30,"key":"SMITH"},{"floor":32,"key":"REST"},{"floor":41,"key":"REST"},{"data":"Buffer","floor":45,"key":"SMITH"},{"floor":49,"key":"REST"}],"neow_cost":"NONE","seed_source_timestamp":588245038568048,"circlet_count":0,"master_deck":["AscendersBane","Defend_B","Defend_B","Dualcast","Defragment+1","Capacitor+1","Coolheaded","Coolheaded","Ball Lightning","Defragment+1","Hologram+1","Force Field","Blizzard+1","Storm+1","Coolheaded+1","Barrage+1","Chill+1","Echo Form","Go for the Eyes","Buffer+1","Echo Form","Compile Driver+1","Electrodynamics","Glacier","Leap+1"],"relics":["Cracked Core","Oddly Smooth Stone","Dream Catcher","Bag of Preparation","Astrolabe","Anchor","Matryoshka","Pen Nib","Art of War","Runic Capacitor","Nuclear Battery","PreservedInsect","Smiling Mask","Shuriken","Singing Bowl","Omamori"],"potions_floor_usage":[20,40,50,50],"damage_taken":[{"damage":9,"enemies":"Small Slimes","floor":1,"turns":4},{"damage":0,"enemies":"2 Louse","floor":2,"turns":3},{"damage":0,"enemies":"Cultist","floor":5,"turns":4},{"damage":12,"enemies":"Gremlin Nob","floor":7,"turns":7},{"damage":18,"enemies":"3 Sentries","floor":10,"turns":8},{"damage":3,"enemies":"Looter","floor":11,"turns":3},{"damage":0,"enemies":"2 Fungi Beasts","floor":13,"turns":4},{"damage":4,"enemies":"Slime Boss","floor":16,"turns":11},{"damage":0,"enemies":"Spheric Guardian","floor":18,"turns":4},{"damage":10,"enemies":"2 Thieves","floor":20,"turns":4},{"damage":8,"enemies":"Snake Plant","floor":22,"turns":6},{"damage":3,"enemies":"Book of Stabbing","floor":23,"turns":6},{"damage":8,"enemies":"Centurion and Healer","floor":25,"turns":5},{"damage":8,"enemies":"Shelled Parasite and Fungi","floor":31,"turns":4},{"damage":5,"enemies":"Champ","floor":33,"turns":12},{"damage":0,"enemies":"3 Darklings","floor":35,"turns":4},{"damage":22,"enemies":"3 Shapes","floor":38,"turns":4},{"damage":0,"enemies":"Transient","floor":39,"turns":5},{"damage":25,"enemies":"Reptomancer","floor":40,"turns":6},{"damage":0,"enemies":"Jaw Worm Horde","floor":42,"turns":3},{"damage":5,"enemies":"Giant Head","floor":44,"turns":6},{"damage":7,"enemies":"Donu and Deca","floor":50,"turns":6}],"seed_played":"3987707941504309875","potions_obtained":[{"floor":2,"key":"SmokeBomb"},{"floor":11,"key":"Block Potion"},{"floor":20,"key":"SkillPotion"},{"floor":29,"key":"Swift Potion"},{"floor":39,"key":"FocusPotion"},{"floor":44,"key":"SkillPotion"}],"is_trial":false,"path_per_floor":["M","M","?","$","M","R","E","R","T","E","M","?","M","$","R","B",null,"M","?","M","?","M","E","R","M","T","$","R","?","R","M","R","B",null,"M","?","?","M","M","E","R","M","T","E","R","$","T","$","R","B",null],"character_chosen":"DEFECT","items_purchased":["Capacitor","Coolheaded","Runic Capacitor","Electrodynamics","Glacier"],"campfire_rested":3,"item_purchase_floors":[4,4,27,46,46],"current_hp_per_floor":[55,55,55,55,55,55,43,43,43,25,22,45,45,45,45,41,64,64,64,54,54,46,43,43,35,35,35,35,35,35,27,48,43,64,64,64,64,42,42,17,38,38,38,35,35,35,35,35,56,49],"gold":26,"neow_bonus":"HUNDRED_GOLD","is_prod":false,"is_daily":false,"chose_seed":false,"campfire_upgraded":7,"win_rate":0,"timestamp":1559483013,"path_taken":["M","M","?","$","M","R","E","R","T","E","M","?","M","$","R","BOSS","M","?","?","?","M","E","R","M","T","$","R","?","R","M","R","BOSS","M","?","?","?","M","E","R","M","T","E","R","?","?","$","R","BOSS"],"build_version":"2019-01-23","purchased_purges":3,"victory":true,"max_hp_per_floor":[71,71,71,71,71,71,71,71,71,71,71,71,71,71,71,71,71,71,71,71,71,71,71,71,71,71,71,71,71,71,71,71,71,71,71,71,71,71,71,71,71,71,71,73,73,73,73,73,73,73],"card_choices":[{"not_picked":["Beam Cell","Steam"],"picked":"Cold Snap","floor":1},{"not_picked":["Blizzard","Sunder"],"picked":"Defragment","floor":2},{"not_picked":["Rebound","Fusion"],"picked":"Coolheaded","floor":5},{"not_picked":["Double Energy","Rip and Tear"],"picked":"Ball Lightning","floor":7},{"not_picked":["Gash","Steam"],"picked":"Defragment","floor":10},{"not_picked":["Sweeping Beam","Coolheaded"],"picked":"Hologram","floor":11},{"not_picked":["Aggregate","Go for the Eyes"],"picked":"Force Field","floor":13},{"not_picked":["Compile Driver","Turbo"],"picked":"Barrage","floor":18},{"not_picked":["Compile Driver","Barrage"],"picked":"Chill","floor":20},{"not_picked":["Steam Power","Sweeping Beam"],"picked":"Echo Form","floor":22},{"not_picked":["Hologram","Hello World","Echo Form"],"picked":"SKIP","floor":23},{"not_picked":["Tempest","Doom and Gloom"],"picked":"Go for the Eyes","floor":25},{"not_picked":["Doom and Gloom","Skim","Ball Lightning+1"],"picked":"SKIP","floor":31},{"not_picked":["Creative AI","Reboot"],"picked":"Buffer","floor":33},{"not_picked":["Sweeping Beam","Ball Lightning","Cold Snap+1"],"picked":"SKIP","floor":35},{"not_picked":["Rebound","Turbo","Genetic Algorithm"],"picked":"SKIP","floor":38},{"not_picked":["Sweeping Beam","Tempest","Beam Cell"],"picked":"SKIP","floor":39},{"not_picked":["Go for the Eyes+1","Gash"],"picked":"Compile Driver+1","floor":40},{"not_picked":["Ball Lightning","Compile Driver","Loop"],"picked":"SKIP","floor":42},{"not_picked":["Sweeping Beam","Steam","Rebound"],"picked":"Singing Bowl","floor":44},{"not_picked":["Fission","Tempest"],"picked":"Leap+1","floor":49}],"player_experience":656399,"relics_obtained":[{"floor":7,"key":"Oddly Smooth Stone"},{"floor":9,"key":"Dream Catcher"},{"floor":10,"key":"Bag of Preparation"},{"floor":23,"key":"Matryoshka"},{"floor":26,"key":"Pen Nib"},{"floor":26,"key":"Art of War"},{"floor":40,"key":"PreservedInsect"},{"floor":43,"key":"Smiling Mask"},{"floor":43,"key":"Shuriken"},{"floor":44,"key":"Singing Bowl"},{"floor":47,"key":"Omamori"}],"event_choices":[{"cards_removed":["Strike_B"],"damage_healed":0,"gold_gain":0,"player_choice":"Card Removal","damage_taken":0,"max_hp_gain":0,"max_hp_loss":0,"event_name":"The Cleric","floor":3,"gold_loss":50},{"damage_healed":23,"gold_gain":0,"player_choice":"Banana","damage_taken":0,"max_hp_gain":0,"max_hp_loss":0,"event_name":"Big Fish","floor":12,"gold_loss":0},{"cards_removed":["Cold Snap"],"damage_healed":0,"gold_gain":0,"player_choice":"Purged","damage_taken":0,"max_hp_gain":0,"max_hp_loss":0,"event_name":"Purifier","floor":19,"gold_loss":0},{"damage_healed":0,"gold_gain":0,"player_choice":"Opened","damage_taken":0,"relics_obtained":["Anchor"],"max_hp_gain":0,"max_hp_loss":0,"event_name":"The Mausoleum","floor":21,"gold_loss":0},{"damage_healed":0,"gold_gain":0,"player_choice":"Got Potions","damage_taken":0,"max_hp_gain":0,"max_hp_loss":0,"event_name":"Lab","floor":29,"gold_loss":0},{"damage_healed":0,"gold_gain":0,"player_choice":"Memory 1","damage_taken":0,"max_hp_gain":0,"max_hp_loss":0,"event_name":"SensoryStone","floor":36,"gold_loss":0},{"damage_healed":0,"gold_gain":0,"player_choice":"Copied","damage_taken":0,"max_hp_gain":0,"max_hp_loss":0,"event_name":"Duplicator","floor":37,"gold_loss":0,"cards_obtained":["Echo Form"]}],"is_beta":false,"boss_relics":[{"not_picked":["Philosopher\u0027s Stone","Ectoplasm"],"picked":"Astrolabe"},{"not_picked":["Cursed Key","Sozu"],"picked":"Nuclear Battery"}],"items_purged_floors":[14,46,48],"is_endless":false,"potions_floor_spawned":[2,11,18,20,31,35,39,44],"ascension_level":14}