{"gold_per_floor":[112,124,140,140,140,166,166,179,179,179,179,45,45,5,5,100,100,113,138,0,20,20,20,56,56,56,56],"floor_reached":27,"playtime":1406,"items_purged":["Strike_G"],"score":424,"play_id":"a536de07-2669-4bfb-b024-c70d6e839790","local_time":"20190317203642","is_ascension_mode":true,"campfire_choices":[{"data":"Noxious Fumes","floor":7.0,"key":"SMITH"},{"data":"Neutralize","floor":10.0,"key":"SMITH"},{"data":"Catalyst","floor":13.0,"key":"SMITH"},{"data":"Well Laid Plans","floor":15.0,"key":"SMITH"},{"floor":23,"key":"REST"},{"floor":25,"key":"REST"}],"neow_cost":"NONE","seed_source_timestamp":1539492719861248,"circlet_count":0,"master_deck":["AscendersBane","Defend_G","Defend_G","Defend_G","Defend_G","Defend_G+1","Strike_G","Strike_G","Strike_G","Survivor","Neutralize+1","Bullet Time+1","Cloak And Dagger","A Thousand Cuts","Noxious Fumes+1","Noxious Fumes","Flying Knee","Catalyst+1","Well Laid Plans+1","Burst","Footwork","Flechettes","Dodge and Roll","Leg Sweep"],"special_seed":0,"relics":["Ring of the Snake","Smiling Mask","Golden Idol","Runic Pyramid","Dodecahedron","Kunai"],"potions_floor_usage":[21,24],"damage_taken":[{"damage":4.0,"enemies":"Small Slimes","floor":1.0,"turns":7.0},{"damage":0.0,"enemies":"2 Louse","floor":2.0,"turns":5.0},{"damage":11.0,"enemies":"Jaw Worm","floor":3.0,"turns":8.0},{"damage":22.0,"enemies":"3 Sentries","floor":6.0,"turns":8.0},{"damage":1.0,"enemies":"2 Fungi Beasts","floor":8.0,"turns":3.0},{"damage":1.0,"enemies":"Looter","floor":14.0,"turns":4.0},{"damage":17.0,"enemies":"The Guardian","floor":16.0,"turns":8.0},{"damage":0.0,"enemies":"Chosen","floor":18.0,"turns":4.0},{"damage":23.0,"enemies":"3 Byrds","floor":19.0,"turns":4.0},{"damage":2,"enemies":"Centurion and Healer","floor":21,"turns":6},{"damage":14,"enemies":"Book of Stabbing","floor":24,"turns":9},{"damage":56,"enemies":"Slavers","floor":27,"turns":4}],"seed_played":"-8573352665408565235","potions_obtained":[{"floor":3.0,"key":"Regen Potion"},{"floor":16.0,"key":"Energy Potion"},{"floor":19.0,"key":"SpeedPotion"}],"is_trial":false,"path_per_floor":["M","M","M","?","?","E","R","M","T","R","?","$","R","M","R","B",null,"M","M","?","M","?","R","E","R","T","E"],"character_chosen":"THE_SILENT","items_purchased":["Catalyst"],"campfire_rested":2,"item_purchase_floors":[12],"current_hp_per_floor":[55,55,44,66,46,39,39,38,38,38,38,38,38,37,37,20,50,50,27,27,25,25,43,29,47,47,0],"gold":56,"neow_bonus":"TRANSFORM_CARD","is_prod":false,"is_daily":false,"chose_seed":false,"campfire_upgraded":4,"win_rate":0,"timestamp":1552822602,"path_taken":["M","M","M","?","?","E","R","M","T","R","?","$","R","?","R","BOSS","M","M","?","M","?","R","E","R","T","E"],"build_version":"2019-03-15","purchased_purges":1,"victory":false,"max_hp_per_floor":[66,66,66,66,66,66,66,66,66,66,60,60,60,60,60,60,60,60,60,60,60,60,60,60,60,60,60],"card_choices":[{"not_picked":["Bane","Blade Dance"],"picked":"Cloak And Dagger","floor":1.0},{"not_picked":["Sucker Punch","Underhanded Strike"],"picked":"A Thousand Cuts","floor":2.0},{"not_picked":["Eviscerate","Calculated Gamble"],"picked":"Noxious Fumes","floor":3.0},{"not_picked":["Slice","Cloak And Dagger"],"picked":"Noxious Fumes","floor":6.0},{"not_picked":["Setup","Infinite Blades"],"picked":"Flying Knee","floor":8.0},{"not_picked":["Blur","Deadly Poison"],"picked":"Well Laid Plans","floor":14.0},{"not_picked":["Unload","Wraith Form v2"],"picked":"Burst","floor":16.0},{"not_picked":["Choke","Underhanded Strike"],"picked":"Footwork","floor":18.0},{"not_picked":["Dagger Spray","Underhanded Strike"],"picked":"Flechettes","floor":19.0},{"not_picked":["Quick Slash","Outmaneuver"],"picked":"Dodge and Roll","floor":21},{"not_picked":["Terror","Underhanded Strike"],"picked":"Leg Sweep","floor":24}],"player_experience":2696082,"relics_obtained":[{"floor":6.0,"key":"Smiling Mask"},{"floor":24,"key":"Dodecahedron"},{"floor":26,"key":"Kunai"}],"event_choices":[{"damage_healed":22.0,"max_hp_gain":0.0,"max_hp_loss":0.0,"gold_gain":0.0,"event_name":"Big Fish","player_choice":"Banana","floor":4.0,"gold_loss":0.0,"damage_taken":0.0},{"damage_healed":0.0,"max_hp_gain":0.0,"max_hp_loss":0.0,"gold_gain":0.0,"event_name":"Shining Light","player_choice":"Entered Light","floor":5.0,"gold_loss":0.0,"damage_taken":20.0,"cards_upgraded":["Bullet Time","Defend_G"]},{"damage_healed":0.0,"max_hp_gain":0.0,"max_hp_loss":6.0,"gold_gain":0.0,"event_name":"Golden Idol","player_choice":"Lose Max HP","floor":11.0,"gold_loss":0.0,"damage_taken":0.0,"relics_obtained":["Golden Idol"]},{"damage_healed":0,"gold_gain":0,"player_choice":"Paid Fearfully","damage_taken":0,"max_hp_gain":0,"max_hp_loss":0,"event_name":"Masked Bandits","floor":20,"gold_loss":138},{"damage_healed":0,"gold_gain":0,"player_choice":"Ignored","damage_taken":0,"max_hp_gain":0,"max_hp_loss":0,"event_name":"N\u0027loth","floor":22,"gold_loss":0}],"is_beta":true,"boss_relics":[{"not_picked":["Orrery","HoveringKite"],"picked":"Runic Pyramid"}],"items_purged_floors":[12],"is_endless":false,"potions_floor_spawned":[3,16,19],"killed_by":"Slavers","ascension_level":17}