{"gold_per_floor":[118,118,130,148,168,168,193,211,211,211,211,246,246,257,257,331,331,347,447,460,475,485,485,520,520,520,60,60,87,87,105,105,182,182,199,56,2,17,17,47,63,88,88,103,120,133,133,158,158,158],"floor_reached":50,"playtime":5987,"items_purged":[],"score":1212,"play_id":"fc031068-4332-4e43-9789-70b65b6e6a7a","local_time":"20190313221604","is_ascension_mode":true,"campfire_choices":[{"data":"Defragment","floor":6.0,"key":"SMITH"},{"floor":10.0,"key":"REST"},{"data":"Hologram","floor":13.0,"key":"SMITH"},{"data":"Dualcast","floor":15.0,"key":"SMITH"},{"data":"Self Repair","floor":23.0,"key":"SMITH"},{"data":"Coolheaded","floor":25.0,"key":"SMITH"},{"data":"Hologram","floor":30.0,"key":"SMITH"},{"floor":32.0,"key":"REST"},{"data":"Fusion","floor":47.0,"key":"SMITH"},{"floor":49,"key":"RECALL"}],"neow_cost":"NONE","seed_source_timestamp":1195106234500592,"circlet_count":0,"master_deck":["AscendersBane","Zap+1","Dualcast+1","Hologram+1","Undo","Defragment+1","Hologram+1","Electrodynamics","Gash","Undo","Gash","Core Surge","Go for the Eyes","Coolheaded+1","Self Repair+1","Capacitor","Go for the Eyes+1","Glacier","Creative AI","Machine Learning","Fusion+1","Force Field","Multi-Cast","Rip and Tear","Turbo","Steam","Thunder Strike","Meteor Strike","Redo+1","Chill","Hologram+1","Compile Driver","Madness","Mayhem","Skim+1","Hologram+1","Double Energy"],"special_seed":0,"relics":["Cracked Core","Blue Candle","Bronze Scales","Pen Nib","Sundial","Busted Crown","Prayer Wheel","Bottled Tornado","Red Mask","Question Card","Runic Capacitor","PreservedInsect","Pandora\u0027s Box","Anchor","Mercury Hourglass","Vajra","Orichalcum","Omamori","Symbiotic Virus"],"potions_floor_usage":[48,48],"damage_taken":[{"damage":0.0,"enemies":"2 Louse","floor":1.0,"turns":2.0},{"damage":0.0,"enemies":"Jaw Worm","floor":3.0,"turns":3.0},{"damage":0.0,"enemies":"Small Slimes","floor":4.0,"turns":4.0},{"damage":1.0,"enemies":"Red Slaver","floor":5.0,"turns":4.0},{"damage":11.0,"enemies":"Gremlin Nob","floor":7.0,"turns":4.0},{"damage":6.0,"enemies":"Exordium Thugs","floor":8.0,"turns":4.0},{"damage":0.0,"enemies":"Lagavulin","floor":12.0,"turns":7.0},{"damage":0.0,"enemies":"2 Fungi Beasts","floor":14.0,"turns":3.0},{"damage":0.0,"enemies":"The Guardian","floor":16.0,"turns":8.0},{"damage":0.0,"enemies":"Chosen","floor":18.0,"turns":4.0},{"damage":18.0,"enemies":"Colosseum Slavers","floor":19.0,"turns":5.0},{"damage":14.0,"enemies":"Colosseum Nobs","floor":19.0,"turns":4.0},{"damage":4.0,"enemies":"Spheric Guardian","floor":20.0,"turns":4.0},{"damage":14.0,"enemies":"Centurion and Healer","floor":21.0,"turns":3.0},{"damage":0.0,"enemies":"Snecko","floor":22.0,"turns":7.0},{"damage":0.0,"enemies":"Masked Bandits","floor":24.0,"turns":2.0},{"damage":13.0,"enemies":"Gremlin Leader","floor":29.0,"turns":6.0},{"damage":7.0,"enemies":"Snake Plant","floor":31.0,"turns":3.0},{"damage":36.0,"enemies":"Collector","floor":33.0,"turns":7.0},{"damage":8.0,"enemies":"3 Shapes","floor":35.0,"turns":3.0},{"damage":2.0,"enemies":"Orb Walker","floor":38.0,"turns":3.0},{"damage":13.0,"enemies":"Nemesis","floor":40.0,"turns":11.0},{"damage":0.0,"enemies":"Maw","floor":41.0,"turns":7.0},{"damage":3.0,"enemies":"Giant Head","floor":42.0,"turns":9.0},{"damage":3.0,"enemies":"Spire Growth","floor":44.0,"turns":9.0},{"damage":8.0,"enemies":"Sphere and 2 Shapes","floor":45.0,"turns":4.0},{"damage":27.0,"enemies":"Maw","floor":46.0,"turns":8.0},{"damage":32,"enemies":"Nemesis","floor":48,"turns":8},{"damage":20,"enemies":"Awakened One","floor":50,"turns":2}],"seed_played":"282132630748469273","potions_obtained":[{"floor":4.0,"key":"PowerPotion"},{"floor":5.0,"key":"PowerPotion"},{"floor":7.0,"key":"Weak Potion"},{"floor":12.0,"key":"Ancient Potion"},{"floor":16.0,"key":"Explosive Potion"},{"floor":19.0,"key":"PowerPotion"},{"floor":22.0,"key":"Ancient Potion"},{"floor":33.0,"key":"GamblersBrew"},{"floor":41.0,"key":"EssenceOfSteel"},{"floor":42.0,"key":"SpeedPotion"},{"floor":48,"key":"Poison Potion"}],"is_trial":false,"path_per_floor":["M","?","M","M","M","R","E","M","T","R","?","E","R","M","R","B",null,"M","?","M","M","M","R","?","R","T","$","?","E","R","M","R","B",null,"M","$","?","M","?","E","M","E","T","M","M","M","R","E","R","B"],"character_chosen":"DEFECT","items_purchased":["Question Card","Runic Capacitor","Anchor"],"campfire_rested":2,"item_purchase_floors":[27,27,36],"current_hp_per_floor":[64,43,43,43,42,42,31,25,25,46,41,41,41,41,41,41,64,64,32,28,14,21,21,31,31,31,31,31,28,28,31,52,26,60,52,52,52,50,40,37,47,54,54,61,53,36,36,14,14,0],"gold":158,"neow_bonus":"UPGRADE_CARD","is_prod":false,"is_daily":false,"chose_seed":false,"campfire_upgraded":7,"win_rate":0,"timestamp":1552482964,"path_taken":["M","?","M","M","M","R","E","M","T","R","?","E","R","M","R","BOSS","M","?","M","M","M","R","?","R","T","$","?","E","R","?","R","BOSS","M","$","?","?","?","E","M","E","T","M","M","M","R","E","R","BOSS"],"build_version":"2019-02-06","purchased_purges":0,"victory":false,"max_hp_per_floor":[71,71,71,71,71,71,71,71,71,71,71,71,71,71,71,71,71,71,71,71,71,71,71,71,71,71,71,71,71,71,71,71,71,71,71,71,71,71,71,71,71,71,71,71,71,71,71,71,71,71],"card_choices":[{"not_picked":["Coolheaded","Sweeping Beam"],"picked":"Hologram","floor":1.0},{"not_picked":["Leap","Gash"],"picked":"Undo","floor":3.0},{"not_picked":["Heatsinks","Leap"],"picked":"Defragment","floor":4.0},{"not_picked":["Rainbow","Redo"],"picked":"Hologram","floor":5.0},{"not_picked":["Chill","Cold Snap"],"picked":"Electrodynamics","floor":7.0},{"not_picked":["Heatsinks","Redo"],"picked":"Gash","floor":8.0},{"not_picked":["Leap","Blizzard"],"picked":"Undo","floor":12.0},{"not_picked":["Barrage","Beam Cell"],"picked":"Gash","floor":14.0},{"not_picked":["Meteor Strike","Electrodynamics"],"picked":"Core Surge","floor":16.0},{"not_picked":[],"picked":"Go for the Eyes","floor":18.0},{"not_picked":[],"picked":"Coolheaded","floor":20.0},{"not_picked":["Blizzard"],"picked":"SKIP","floor":20.0},{"not_picked":[],"picked":"Self Repair","floor":21.0},{"not_picked":[],"picked":"Capacitor","floor":21.0},{"not_picked":[],"picked":"Go for the Eyes+1","floor":22.0},{"not_picked":["Gash"],"picked":"SKIP","floor":22.0},{"not_picked":["Turbo"],"picked":"Glacier","floor":29.0},{"not_picked":["Sweeping Beam"],"picked":"Creative AI","floor":31.0},{"not_picked":["Steam","Ball Lightning"],"picked":"SKIP","floor":31.0},{"not_picked":["Meteor Strike"],"picked":"Machine Learning","floor":33.0},{"not_picked":["Melter+1"],"picked":"Redo+1","floor":35.0},{"not_picked":["Leap"],"picked":"Chill","floor":35.0},{"not_picked":["Stack"],"picked":"Hologram+1","floor":38.0},{"not_picked":["Consume+1"],"picked":"Compile Driver","floor":38.0},{"not_picked":["Discovery"],"picked":"Madness","floor":39.0},{"not_picked":["Metamorphosis"],"picked":"Mayhem","floor":39.0},{"not_picked":["Turbo+1","Gash+1"],"picked":"SKIP","floor":40.0},{"not_picked":["Hello World"],"picked":"Skim+1","floor":41.0},{"not_picked":["Aggregate","Blizzard"],"picked":"SKIP","floor":41.0},{"not_picked":["Aggregate","Blizzard"],"picked":"SKIP","floor":41.0},{"not_picked":["Tempest+1","Barrage"],"picked":"SKIP","floor":42.0},{"not_picked":["Coolheaded"],"picked":"Hologram+1","floor":44.0},{"not_picked":["Stack","Compile Driver"],"picked":"SKIP","floor":44.0},{"not_picked":["Amplify","Redo+1"],"picked":"SKIP","floor":45.0},{"not_picked":["Streamline","Steam"],"picked":"SKIP","floor":45.0},{"not_picked":["Hologram"],"picked":"Double Energy","floor":46.0},{"not_picked":["Reinforced Body+1","Go for the Eyes"],"picked":"SKIP","floor":46.0},{"not_picked":["Beam Cell","Gash"],"picked":"SKIP","floor":48}],"player_experience":2673510,"relics_obtained":[{"floor":7.0,"key":"Blue Candle"},{"floor":9.0,"key":"Bronze Scales"},{"floor":12.0,"key":"Sundial"},{"floor":19.0,"key":"Prayer Wheel"},{"floor":19.0,"key":"Bottled Tornado"},{"floor":24.0,"key":"Red Mask"},{"floor":29.0,"key":"PreservedInsect"},{"floor":40.0,"key":"Vajra"},{"floor":42.0,"key":"Orichalcum"},{"floor":43.0,"key":"Omamori"},{"floor":48,"key":"Symbiotic Virus"}],"event_choices":[{"damage_healed":0.0,"max_hp_gain":0.0,"max_hp_loss":0.0,"gold_gain":0.0,"event_name":"Shining Light","player_choice":"Entered Light","floor":2.0,"gold_loss":0.0,"damage_taken":21.0,"cards_upgraded":["Defend_B","Defend_B"]},{"damage_healed":0.0,"max_hp_gain":0.0,"max_hp_loss":0.0,"gold_gain":0.0,"event_name":"Scrap Ooze","player_choice":"Success","floor":11.0,"gold_loss":0.0,"damage_taken":5.0,"relics_obtained":["Pen Nib"]},{"damage_healed":0.0,"max_hp_gain":0.0,"max_hp_loss":0.0,"gold_gain":0.0,"event_name":"Colosseum","player_choice":"Fight","floor":19.0,"gold_loss":0.0,"damage_taken":0.0},{"damage_healed":0.0,"max_hp_gain":0.0,"max_hp_loss":0.0,"gold_gain":0.0,"event_name":"Colosseum","player_choice":"Fought Nobs","floor":19.0,"gold_loss":0.0,"damage_taken":0.0},{"damage_healed":0.0,"max_hp_gain":0.0,"max_hp_loss":0.0,"gold_gain":0.0,"event_name":"Masked Bandits","player_choice":"Fought Bandits","floor":24.0,"gold_loss":0.0,"damage_taken":0.0},{"damage_healed":0.0,"max_hp_gain":0.0,"max_hp_loss":0.0,"gold_gain":0.0,"event_name":"Vampires","player_choice":"Ignored","floor":28.0,"gold_loss":0.0,"damage_taken":0.0},{"damage_healed":0.0,"max_hp_gain":0.0,"max_hp_loss":0.0,"gold_gain":0.0,"event_name":"WeMeetAgain","player_choice":"Paid Gold","floor":37.0,"gold_loss":54.0,"damage_taken":0.0,"relics_obtained":["Mercury Hourglass"]},{"damage_healed":0.0,"max_hp_gain":0.0,"max_hp_loss":0.0,"gold_gain":0.0,"event_name":"SensoryStone","player_choice":"Memory 3","floor":39.0,"gold_loss":0.0,"damage_taken":10.0}],"is_beta":true,"boss_relics":[{"not_picked":["Orrery","Velvet Choker"],"picked":"Busted Crown"},{"not_picked":["Calling Bell","Philosopher\u0027s Stone"],"picked":"Pandora\u0027s Box"}],"items_purged_floors":[],"is_endless":false,"potions_floor_spawned":[4,5,7,12,16,19,20,21,22,33,38,41,42,46,48],"killed_by":"Awakened One","ascension_level":15}