{"gold_per_floor":[115,115,133,144,144,144,157,157,231,242,204,204,230,241,241,318,318,336,352,8,8,8,8,8,34,58,70,70,70,105,30,30,109,109,123,142,142,153,169,169,11,11,35,35,62,8,19,19,19,19],"floor_reached":50,"playtime":2733,"items_purged":["Strike_G"],"score":1150,"play_id":"5d9235f4-b477-4c75-9a3e-de23d5388293","local_time":"20190402163108","is_ascension_mode":true,"campfire_choices":[{"data":"Neutralize","floor":6.0,"key":"SMITH"},{"data":"Distraction","floor":8.0,"key":"SMITH"},{"floor":15.0,"key":"REST"},{"floor":23.0,"key":"REST"},{"data":"Burst","floor":28.0,"key":"SMITH"},{"data":"Cloak And Dagger","floor":32.0,"key":"SMITH"},{"data":"Cloak And Dagger","floor":40.0,"key":"SMITH"},{"data":"Blur","floor":42.0,"key":"SMITH"},{"floor":44.0,"key":"RECALL"},{"floor":49.0,"key":"REST"}],"neow_cost":"TEN_PERCENT_HP_LOSS","seed_source_timestamp":0,"circlet_count":0,"master_deck":["AscendersBane","Defend_G","Defend_G","Defend_G","Defend_G","Defend_G","Strike_G","Survivor","Neutralize+1","Corpse Explosion","Distraction+1","Backstab","Flying Knee","Backstab","PiercingWail","All Out Attack","Outmaneuver","Noxious Fumes","Burst+1","Blur+1","Cloak And Dagger+1","Infinite Blades","Doppelganger","Doppelganger","Cloak And Dagger+1","Acrobatics","Bouncing Flask","Accuracy","Backflip+1","Neutralize","Sucker Punch","Predator","Endless Agony+1"],"special_seed":0,"relics":["Ring of the Snake","Kunai","Question Card","Strawberry","Busted Crown","Ninja Scroll","Singing Bowl","Bag of Marbles","StoneCalendar","WristBlade","Potion Belt","Pen Nib"],"potions_floor_usage":[50,50],"damage_taken":[{"damage":4.0,"enemies":"Jaw Worm","floor":1.0,"turns":3.0},{"damage":0.0,"enemies":"Cultist","floor":3.0,"turns":4.0},{"damage":2.0,"enemies":"Small Slimes","floor":4.0,"turns":4.0},{"damage":4.0,"enemies":"Blue Slaver","floor":7.0,"turns":5.0},{"damage":0.0,"enemies":"Lots of Slimes","floor":10.0,"turns":1.0},{"damage":39.0,"enemies":"Gremlin Nob","floor":13.0,"turns":5.0},{"damage":0.0,"enemies":"2 Fungi Beasts","floor":14.0,"turns":2.0},{"damage":7.0,"enemies":"The Guardian","floor":16.0,"turns":12.0},{"damage":0.0,"enemies":"Chosen","floor":18.0,"turns":5.0},{"damage":12.0,"enemies":"Shell Parasite","floor":19.0,"turns":5.0},{"damage":7.0,"enemies":"Colosseum Slavers","floor":24.0,"turns":3.0},{"damage":0.0,"enemies":"Gremlin Leader","floor":25.0,"turns":5.0},{"damage":4.0,"enemies":"Centurion and Healer","floor":27.0,"turns":4.0},{"damage":7.0,"enemies":"Book of Stabbing","floor":30.0,"turns":8.0},{"damage":0.0,"enemies":"Collector","floor":33.0,"turns":10.0},{"damage":0.0,"enemies":"Orb Walker","floor":35.0,"turns":1.0},{"damage":0.0,"enemies":"3 Shapes","floor":36.0,"turns":5.0},{"damage":10.0,"enemies":"Transient","floor":38.0,"turns":6.0},{"damage":5.0,"enemies":"Jaw Worm Horde","floor":39.0,"turns":4.0},{"damage":11.0,"enemies":"Giant Head","floor":45.0,"turns":7.0},{"damage":0.0,"enemies":"4 Shapes","floor":47.0,"turns":3.0},{"damage":70,"enemies":"Time Eater","floor":50,"turns":17}],"seed_played":"-1048258747880116317","potions_obtained":[{"floor":1.0,"key":"GhostInAJar"},{"floor":10.0,"key":"Ancient Potion"},{"floor":14.0,"key":"Weak Potion"},{"floor":25.0,"key":"Ancient Potion"},{"floor":27.0,"key":"Swift Potion"},{"floor":36.0,"key":"Explosive Potion"},{"floor":38.0,"key":"Poison Potion"},{"floor":39.0,"key":"Dexterity Potion"}],"is_trial":false,"path_per_floor":["M","?","M","M","?","R","M","R","T","M","?","T","E","M","R","B",null,"M","M","$","?","?","R","?","E","T","M","R","?","E","$","R","B",null,"M","M","?","M","M","R","$","R","T","R","E","$","M","?","R","B"],"character_chosen":"THE_SILENT","items_purchased":["Ninja Scroll","Infinite Blades","Potion Belt","SpeedPotion"],"campfire_rested":3,"item_purchase_floors":[20,20,41,46],"current_hp_per_floor":[55,55,55,53,53,53,49,49,49,49,49,49,17,17,37,30,58,58,46,46,28,28,49,42,42,42,38,38,38,31,31,31,33,64,64,64,64,54,51,51,51,51,51,51,42,42,44,44,68,0],"gold":19,"neow_bonus":"THREE_RARE_CARDS","is_prod":false,"is_daily":false,"chose_seed":false,"campfire_upgraded":6,"win_rate":0,"timestamp":1554190268,"path_taken":["M","?","?","M","?","R","M","R","T","M","?","?","E","M","R","BOSS","BOSS","M","M","$","?","?","R","?","E","T","M","R","?","E","?","R","BOSS","M","?","?","?","M","R","?","R","T","R","E","$","M","?","R","BOSS"],"build_version":"2019-03-15","purchased_purges":1,"victory":false,"max_hp_per_floor":[60,60,60,60,60,60,60,60,60,60,60,60,67,67,67,67,67,67,67,67,72,72,72,72,72,72,72,72,72,72,72,72,74,74,74,74,74,74,76,76,76,76,76,76,78,78,80,80,80,80],"card_choices":[{"not_picked":["Adrenaline","Die Die Die"],"picked":"Corpse Explosion","floor":0.0},{"not_picked":["Finisher","Sucker Punch"],"picked":"Distraction","floor":1.0},{"not_picked":["Concentrate","Slice"],"picked":"Flying Knee","floor":3.0},{"not_picked":["Dagger Throw","Finisher"],"picked":"Backstab","floor":4.0},{"not_picked":["Deadly Poison","Grand Finale"],"picked":"PiercingWail","floor":7.0},{"not_picked":["Tactician","Riddle With Holes"],"picked":"All Out Attack","floor":10.0},{"not_picked":["Flechettes","Accuracy","Slice"],"picked":"Outmaneuver","floor":13.0},{"not_picked":["Prepared","Sucker Punch","Poisoned Stab"],"picked":"Noxious Fumes","floor":14.0},{"not_picked":["Phantasmal Killer","Glass Knife","Corpse Explosion"],"picked":"Burst","floor":16.0},{"not_picked":["Poisoned Stab"],"picked":"Blur","floor":18.0},{"not_picked":["Well Laid Plans"],"picked":"Cloak And Dagger","floor":19.0},{"not_picked":["Deadly Poison+1"],"picked":"Cloak And Dagger","floor":25.0},{"not_picked":["Quick Slash"],"picked":"Acrobatics","floor":27.0},{"not_picked":["Cloak And Dagger"],"picked":"Bouncing Flask","floor":30.0},{"not_picked":["Unload","Venomology"],"picked":"Singing Bowl","floor":33.0},{"not_picked":["Dodge and Roll"],"picked":"Accuracy","floor":35.0},{"not_picked":["Underhanded Strike"],"picked":"Backflip+1","floor":36.0},{"not_picked":["Underhanded Strike+1"],"picked":"Endless Agony+1","floor":38.0},{"not_picked":["Concentrate","Setup"],"picked":"Singing Bowl","floor":39.0},{"not_picked":["Prepared","Expertise"],"picked":"Singing Bowl","floor":45.0},{"not_picked":["All Out Attack","Deflect"],"picked":"Singing Bowl","floor":47.0}],"player_experience":2799445,"relics_obtained":[{"floor":9.0,"key":"Kunai"},{"floor":12.0,"key":"Question Card"},{"floor":13.0,"key":"Strawberry"},{"floor":25.0,"key":"Singing Bowl"},{"floor":26.0,"key":"Bag of Marbles"},{"floor":30.0,"key":"StoneCalendar"},{"floor":45.0,"key":"Pen Nib"}],"event_choices":[{"damage_healed":0.0,"max_hp_gain":0.0,"max_hp_loss":0.0,"gold_gain":0.0,"event_name":"Match and Keep!","player_choice":"1 cards matched","floor":2.0,"gold_loss":0.0,"damage_taken":0.0,"cards_obtained":["Backstab"]},{"damage_healed":0.0,"max_hp_gain":0.0,"max_hp_loss":0.0,"gold_gain":0.0,"event_name":"Liars Game","player_choice":"Ignored","floor":5.0,"gold_loss":0.0,"damage_taken":0.0},{"damage_healed":0.0,"max_hp_gain":0.0,"max_hp_loss":0.0,"gold_gain":0.0,"event_name":"World of Goop","player_choice":"Left Gold","floor":11.0,"gold_loss":38.0,"damage_taken":0.0},{"damage_healed":0.0,"max_hp_gain":5.0,"max_hp_loss":0.0,"gold_gain":0.0,"event_name":"Forgotten Altar","player_choice":"Shed Blood","floor":21.0,"gold_loss":0.0,"damage_taken":23.0},{"damage_healed":0.0,"max_hp_gain":0.0,"max_hp_loss":0.0,"gold_gain":0.0,"cards_transformed":["Strike_G","Strike_G"],"event_name":"Drug Dealer","player_choice":"Became Test Subject","floor":22.0,"gold_loss":0.0,"damage_taken":0.0,"cards_obtained":["Doppelganger","Doppelganger"]},{"damage_healed":0.0,"max_hp_gain":0.0,"max_hp_loss":0.0,"gold_gain":0.0,"event_name":"Colosseum","player_choice":"Fight","floor":24.0,"gold_loss":0.0,"damage_taken":0.0},{"damage_healed":0.0,"max_hp_gain":0.0,"max_hp_loss":0.0,"gold_gain":0.0,"event_name":"Colosseum","player_choice":"Fled From Nobs","floor":24.0,"gold_loss":0.0,"damage_taken":0.0},{"damage_healed":0.0,"max_hp_gain":0.0,"max_hp_loss":0.0,"gold_gain":0.0,"event_name":"Beggar","player_choice":"Ignored","floor":29.0,"gold_loss":0.0,"damage_taken":0.0},{"damage_healed":0.0,"max_hp_gain":0.0,"max_hp_loss":0.0,"gold_gain":0.0,"event_name":"Match and Keep!","player_choice":"3 cards matched","floor":37.0,"gold_loss":0.0,"damage_taken":0.0,"cards_obtained":["Neutralize","Sucker Punch","Predator"]},{"cards_removed":["Strike_G"],"damage_healed":0.0,"max_hp_gain":0.0,"max_hp_loss":0.0,"gold_gain":0.0,"event_name":"Purifier","player_choice":"Purged","floor":48.0,"gold_loss":0.0,"damage_taken":0.0}],"is_beta":true,"boss_relics":[{"not_picked":["Fusion Hammer","Runic Dome"],"picked":"Busted Crown"},{"not_picked":["Calling Bell","Orrery"],"picked":"WristBlade"}],"items_purged_floors":[31],"is_endless":false,"potions_floor_spawned":[1,10,14,24,25,27,36,38,39],"killed_by":"Time Eater","ascension_level":17}