{"gold_per_floor":[115,115,290,69,69,96,96,122,148,148,183,183,216,233,233,330,380,398,413,426,426,3,3,18,50,50,50,63,63,73,91,91,187,187,204,218,49,63,80,80,0,15,97,97,124,138,163,191,203,215,227,239,130,157,157],"floor_reached":56,"playtime":4888,"items_purged":["Doubt","Strike_B","Strike_B"],"score":1422,"play_id":"98925999-87a3-4e80-8b48-cd58eb8e7e12","local_time":"20181230002530","is_ascension_mode":true,"campfire_choices":[{"data":"Dualcast","floor":7.0,"key":"SMITH"},{"data":"Beam Cell","floor":10.0,"key":"SMITH"},{"data":"Ball Lightning","floor":12.0,"key":"SMITH"},{"data":"Double Energy","floor":15.0,"key":"SMITH"},{"data":"Meteor Strike","floor":23.0,"key":"SMITH"},{"floor":29.0,"key":"REST"},{"data":"Turbo","floor":32.0,"key":"SMITH"},{"data":"Undo","floor":40.0,"key":"SMITH"},{"floor":44.0,"key":"RECALL"},{"data":"Reinforced Body","floor":49.0,"key":"SMITH"},{"data":"Genetic Algorithm","floor":52.0,"key":"SMITH"}],"neow_cost":"NONE","seed_source_timestamp":608777159825812,"circlet_count":0,"master_deck":["Strike_B","Strike_B","Defend_B","Defend_B","Defend_B","Defend_B+1","Zap+1","Dualcast+1","Ball Lightning+1","Auto Shields+1","Beam Cell+1","Meteor Strike+1","Reinforced Body+1","Double Energy+1","Creative AI+1","Genetic Algorithm+1","Self Repair+1","Heatsinks+1","White Noise+1","Double Energy+1","Turbo+1","Sweeping Beam+1","Undo+1","Meteor Strike+1","Lockon+1","Turbo+1","Defragment+1","Reinforced Body+1"],"special_seed":0,"relics":["Cracked Core","NeowsBlessing","Oddly Smooth Stone","War Paint","Frozen Egg 2","Centennial Puzzle","Bag of Marbles","PreservedInsect","Blood Vial","Bag of Preparation","Tiny House","HandDrill","Omamori","Orichalcum","Molten Egg 2","Busted Crown","Red Mask","Smiling Mask","MawBank","Du-Vu Doll"],"potions_floor_usage":[55],"damage_taken":[{"damage":0.0,"enemies":"2 Louse","floor":1.0,"turns":1.0},{"damage":0.0,"enemies":"Gremlin Nob","floor":6.0,"turns":1.0},{"damage":0.0,"enemies":"Lagavulin","floor":11.0,"turns":1.0},{"damage":4.0,"enemies":"3 Sentries","floor":13.0,"turns":4.0},{"damage":0.0,"enemies":"Jaw Worm","floor":14.0,"turns":2.0},{"damage":34.0,"enemies":"Hexaghost","floor":16.0,"turns":12.0},{"damage":2.0,"enemies":"3 Byrds","floor":18.0,"turns":3.0},{"damage":11.0,"enemies":"Shell Parasite","floor":19.0,"turns":6.0},{"damage":18.0,"enemies":"Snecko","floor":20.0,"turns":5.0},{"damage":12.0,"enemies":"Cultist and Chosen","floor":24.0,"turns":4.0},{"damage":22.0,"enemies":"Book of Stabbing","floor":25.0,"turns":6.0},{"damage":6.0,"enemies":"Shelled Parasite and Fungi","floor":28.0,"turns":5.0},{"damage":21.0,"enemies":"Snake Plant","floor":30.0,"turns":5.0},{"damage":6.0,"enemies":"3 Cultists","floor":31.0,"turns":5.0},{"damage":77.0,"enemies":"Collector","floor":33.0,"turns":10.0},{"damage":25.0,"enemies":"3 Darklings","floor":35.0,"turns":4.0},{"damage":0.0,"enemies":"Orb Walker","floor":36.0,"turns":4.0},{"damage":5.0,"enemies":"3 Darklings","floor":38.0,"turns":3.0},{"damage":0.0,"enemies":"4 Shapes","floor":39.0,"turns":5.0},{"damage":24.0,"enemies":"Writhing Mass","floor":42.0,"turns":6.0},{"damage":0.0,"enemies":"Nemesis","floor":45.0,"turns":5.0},{"damage":6.0,"enemies":"Maw","floor":46.0,"turns":6.0},{"damage":14.0,"enemies":"Jaw Worm Horde","floor":48.0,"turns":4.0},{"damage":56.0,"enemies":"Awakened One","floor":50.0,"turns":14.0},{"damage":10.0,"enemies":"Shield and Spear","floor":54.0,"turns":7.0},{"damage":43,"enemies":"The Heart","floor":55,"turns":9}],"seed_played":"7230298159334637208","potions_obtained":[{"floor":6.0,"key":"Strength Potion"},{"floor":11.0,"key":"Swift Potion"},{"floor":13.0,"key":"AttackPotion"},{"floor":17.0,"key":"LiquidBronze"},{"floor":19.0,"key":"PowerPotion"},{"floor":25.0,"key":"Block Potion"},{"floor":31.0,"key":"FairyPotion"},{"floor":35.0,"key":"Dexterity Potion"},{"floor":38.0,"key":"SkillPotion"},{"floor":42.0,"key":"Ancient Potion"},{"floor":46.0,"key":"GamblersBrew"},{"floor":54.0,"key":"Ancient Potion"}],"is_trial":false,"path_per_floor":["M","?","?","$","T","E","R","T","T","R","E","R","E","M","R","B",null,"M","M","M","?","$","R","M","E","T","?","M","R","M","M","R","B",null,"M","M","$","M","M","R","?","M","T","R","E","M","T","M","R","B",null,"R","$","E","B",null],"character_chosen":"DEFECT","items_purchased":["Auto Shields","War Paint","HandDrill","Omamori","Lockon+1","GamblersBrew"],"campfire_rested":1,"item_purchase_floors":[4,4,22,22,37,53],"current_hp_per_floor":[75,68,68,68,68,68,68,68,68,68,68,68,66,68,68,36,80,78,69,63,63,63,63,63,43,43,43,49,73,64,70,70,18,80,55,57,57,64,76,76,76,64,64,64,76,80,80,76,76,32,80,80,80,80,47],"gold":157,"neow_bonus":"THREE_ENEMY_KILL","is_prod":false,"is_daily":false,"chose_seed":false,"campfire_upgraded":9,"win_rate":0,"timestamp":1546097130,"path_taken":["M","?","?","?","?","E","R","?","T","R","E","R","E","M","R","BOSS","M","?","M","?","$","R","M","E","T","?","M","R","M","M","R","BOSS","M","M","$","?","M","R","?","M","T","R","E","M","?","M","R","BOSS","R","$","E","BOSS"],"build_version":"2018-12-20","purchased_purges":3,"victory":true,"max_hp_per_floor":[75,75,75,75,75,75,75,75,75,75,75,75,75,75,75,75,80,80,80,80,80,80,80,80,80,80,80,80,80,80,80,80,80,80,80,80,80,80,80,80,80,80,80,80,80,80,80,80,80,80,80,80,80,80,80],"card_choices":[{"not_picked":["Steam","Rebound"],"picked":"Ball Lightning","floor":1.0},{"not_picked":["Steam Power","Skim"],"picked":"Beam Cell","floor":6.0},{"not_picked":["Rebound","Stack"],"picked":"Meteor Strike","floor":11.0},{"not_picked":["Coolheaded","Stack"],"picked":"Reinforced Body","floor":13.0},{"not_picked":["Capacitor+1","Steam"],"picked":"Double Energy","floor":14.0},{"not_picked":["Machine Learning+1","Thunder Strike"],"picked":"Creative AI+1","floor":16.0},{"not_picked":["Scrape","Stack"],"picked":"Genetic Algorithm","floor":17.0},{"not_picked":["Hello World+1","Gash"],"picked":"Self Repair+1","floor":18.0},{"not_picked":["Beam Cell","Stack"],"picked":"Heatsinks+1","floor":19.0},{"not_picked":["Conserve Battery","Go for the Eyes"],"picked":"White Noise+1","floor":20.0},{"not_picked":["Genetic Algorithm","Chill+1"],"picked":"Double Energy","floor":24.0},{"not_picked":["Rebound","Stack"],"picked":"Turbo","floor":25.0},{"not_picked":["Stack","BootSequence","Scrape+1"],"picked":"SKIP","floor":28.0},{"not_picked":["Rebound+1","Steam"],"picked":"Sweeping Beam+1","floor":30.0},{"not_picked":["Chaos+1","Creative AI+1"],"picked":"Undo","floor":31.0},{"not_picked":["Seek","All For One+1"],"picked":"Meteor Strike+1","floor":33.0},{"not_picked":["Leap"],"picked":"SKIP","floor":35.0},{"not_picked":["Stack"],"picked":"SKIP","floor":36.0},{"not_picked":["Glacier"],"picked":"SKIP","floor":38.0},{"not_picked":[],"picked":"Turbo+1","floor":39.0},{"not_picked":["Beam Cell+1"],"picked":"SKIP","floor":42.0},{"not_picked":[],"picked":"Defragment+1","floor":45.0},{"not_picked":["Stack"],"picked":"SKIP","floor":46.0},{"not_picked":["Storm+1"],"picked":"SKIP","floor":48.0},{"not_picked":[],"picked":"Reinforced Body+1","floor":54.0}],"player_experience":254278,"relics_obtained":[{"floor":5.0,"key":"Frozen Egg 2"},{"floor":6.0,"key":"Centennial Puzzle"},{"floor":8.0,"key":"Bag of Marbles"},{"floor":9.0,"key":"PreservedInsect"},{"floor":11.0,"key":"Blood Vial"},{"floor":13.0,"key":"Bag of Preparation"},{"floor":25.0,"key":"Orichalcum"},{"floor":26.0,"key":"Molten Egg 2"},{"floor":45.0,"key":"Smiling Mask"},{"floor":47.0,"key":"MawBank"},{"floor":54.0,"key":"Du-Vu Doll"}],"event_choices":[{"damage_healed":0.0,"max_hp_gain":0.0,"max_hp_loss":0.0,"gold_gain":0.0,"event_name":"Scrap Ooze","player_choice":"Success","floor":2.0,"gold_loss":0.0,"damage_taken":7.0,"relics_obtained":["Oddly Smooth Stone"]},{"damage_healed":0.0,"max_hp_gain":0.0,"max_hp_loss":0.0,"gold_gain":175.0,"event_name":"Liars Game","player_choice":"AGREE","floor":3.0,"gold_loss":0.0,"damage_taken":0.0,"cards_obtained":["Doubt"]},{"damage_healed":0.0,"max_hp_gain":0.0,"max_hp_loss":0.0,"gold_gain":0.0,"event_name":"Cursed Tome","player_choice":"Ignored","floor":21.0,"gold_loss":0.0,"damage_taken":0.0},{"damage_healed":0.0,"max_hp_gain":0.0,"max_hp_loss":0.0,"gold_gain":0.0,"event_name":"Upgrade Shrine","player_choice":"Upgraded","floor":27.0,"gold_loss":0.0,"damage_taken":0.0,"cards_upgraded":["Double Energy"]},{"damage_healed":0.0,"max_hp_gain":0.0,"max_hp_loss":0.0,"gold_gain":0.0,"event_name":"Tomb of Lord Red Mask","player_choice":"Paid","floor":41.0,"gold_loss":80.0,"damage_taken":0.0,"relics_obtained":["Red Mask"]}],"is_beta":false,"boss_relics":[{"not_picked":["Snecko Eye","Orrery"],"picked":"Tiny House"},{"not_picked":["Philosopher\u0027s Stone","Calling Bell"],"picked":"Busted Crown"}],"items_purged_floors":[22,37,53],"is_endless":false,"potions_floor_spawned":[6,11,13,19,25,31,35,38,42,46,54],"ascension_level":3}