{"gold_per_floor":[111,111,261,261,272,272,302,302,302,332,350,368,194,206,206,281,281,294,274,118,168,66,66,66,66,66,66,76,76],"floor_reached":29,"playtime":1387,"items_purged":["Strike_R","Strike_R"],"score":452,"play_id":"dcdfe2ab-b9c8-485a-8e7b-a619ca9595bb","local_time":"20190522185519","is_ascension_mode":true,"campfire_choices":[{"data":"Anger","floor":6,"key":"SMITH"},{"floor":8,"key":"REST"},{"floor":15,"key":"REST"},{"floor":23,"key":"REST"},{"floor":25,"key":"REST"},{"data":"Infernal Blade","floor":27,"key":"SMITH"}],"neow_cost":"PERCENT_DAMAGE","seed_source_timestamp":96675651273094,"circlet_count":0,"master_deck":["AscendersBane","Strike_R+1","Strike_R","Defend_R","Defend_R","Defend_R","Defend_R","Bash+1","Body Slam","Anger+1","Dropkick","Intimidate","Battle Trance","Flash of Steel","Battle Trance","Fire Breathing","Infernal Blade+1","Dropkick","Anger","Flash of Steel"],"relics":["Burning Blood","Whetstone","Question Card","Pear","Orrery","Turnip"],"potions_floor_usage":[7,11,16,18,19,19],"damage_taken":[{"damage":7,"enemies":"Small Slimes","floor":1,"turns":5},{"damage":7,"enemies":"2 Louse","floor":5,"turns":2},{"damage":32,"enemies":"Gremlin Nob","floor":7,"turns":4},{"damage":40,"enemies":"Lagavulin","floor":10,"turns":5},{"damage":6,"enemies":"Cultist","floor":11,"turns":4},{"damage":11,"enemies":"Blue Slaver","floor":12,"turns":4},{"damage":8,"enemies":"Looter","floor":14,"turns":2},{"damage":34,"enemies":"Hexaghost","floor":16,"turns":7},{"damage":37,"enemies":"Shell Parasite","floor":18,"turns":5},{"damage":26,"enemies":"2 Thieves","floor":19,"turns":4},{"damage":55,"enemies":"Cultist and Chosen","floor":28,"turns":9},{"damage":48,"enemies":"Centurion and Healer","floor":29,"turns":4}],"seed_played":"-6877413143079548190","potions_obtained":[{"floor":5,"key":"SpeedPotion"},{"floor":10,"key":"Regen Potion"},{"floor":12,"key":"Strength Potion"},{"floor":14,"key":"Energy Potion"},{"floor":16,"key":"Dexterity Potion"},{"floor":18,"key":"SpeedPotion"},{"floor":28,"key":"SpeedPotion"}],"is_trial":false,"path_per_floor":["M","?","?","?","M","R","E","R","T","E","M","M","$","M","R","B",null,"M","M","$","?","$","R","?","R","T","R","M","M"],"character_chosen":"IRONCLAD","items_purchased":["Flash of Steel","Anger","Flash of Steel"],"campfire_rested":4,"item_purchase_floors":[13,20,22],"current_hp_per_floor":[63,63,63,63,62,62,36,62,62,38,50,45,45,43,72,44,85,54,34,34,34,34,63,63,92,92,92,43,0],"gold":76,"neow_bonus":"TWENTY_PERCENT_HP_BONUS","is_prod":false,"is_daily":false,"chose_seed":false,"campfire_upgraded":2,"win_rate":0,"timestamp":1558540519,"path_taken":["M","?","?","?","M","R","E","R","T","E","M","?","$","M","R","BOSS","M","M","$","?","$","R","?","R","T","R","M","M"],"build_version":"2019-01-23","purchased_purges":2,"victory":false,"max_hp_per_floor":[89,89,89,89,89,89,89,89,89,99,99,99,99,99,99,99,99,99,99,99,99,99,99,99,99,99,99,99,99],"card_choices":[{"not_picked":["Clothesline","Cleave","Iron Wave"],"picked":"SKIP","floor":1},{"not_picked":["Searing Blow","Heavy Blade"],"picked":"Anger","floor":5},{"not_picked":["Twin Strike","Heavy Blade","Wild Strike"],"picked":"SKIP","floor":7},{"not_picked":["Reckless Charge","Intimidate","Shockwave"],"picked":"Dropkick","floor":10},{"not_picked":["Anger","Iron Wave","Brutality"],"picked":"Intimidate","floor":11},{"not_picked":["Havoc","Intimidate","Thunderclap"],"picked":"Battle Trance","floor":12},{"not_picked":["Armaments","Flame Barrier","Sword Boomerang"],"picked":"Battle Trance","floor":14},{"not_picked":["Carnage","Armaments","True Grit"],"picked":"Fire Breathing","floor":17},{"not_picked":["Havoc","Sever Soul","Perfected Strike"],"picked":"Infernal Blade","floor":17},{"not_picked":["Heavy Blade","Bludgeon","Sword Boomerang","Perfected Strike"],"picked":"SKIP","floor":18},{"not_picked":["Havoc","Carnage+1","Headbutt"],"picked":"Dropkick","floor":19},{"not_picked":["Shrug It Off","Twin Strike+1","Headbutt+1","Wild Strike"],"picked":"SKIP","floor":28}],"player_experience":1384904,"relics_obtained":[{"floor":7,"key":"Whetstone"},{"floor":9,"key":"Question Card"},{"floor":10,"key":"Pear"},{"floor":26,"key":"Turnip"}],"event_choices":[{"damage_healed":0,"gold_gain":0,"cards_transformed":["Strike_R"],"player_choice":"Change","damage_taken":0,"max_hp_gain":0,"max_hp_loss":0,"event_name":"Living Wall","floor":2,"gold_loss":0,"cards_obtained":["Body Slam"]},{"damage_healed":0,"gold_gain":150,"player_choice":"AGREE","damage_taken":0,"max_hp_gain":0,"max_hp_loss":0,"event_name":"Liars Game","floor":3,"gold_loss":0,"cards_obtained":["Doubt"]},{"cards_removed":["Doubt"],"damage_healed":0,"gold_gain":0,"player_choice":"Purged","damage_taken":0,"max_hp_gain":0,"max_hp_loss":0,"event_name":"Purifier","floor":4,"gold_loss":0},{"damage_healed":0,"gold_gain":50,"player_choice":"Stole From Cult","damage_taken":0,"max_hp_gain":0,"max_hp_loss":0,"event_name":"Nest","floor":21,"gold_loss":0},{"damage_healed":0,"gold_gain":0,"player_choice":"Ignored","damage_taken":0,"max_hp_gain":0,"max_hp_loss":0,"event_name":"Cursed Tome","floor":24,"gold_loss":0}],"is_beta":false,"boss_relics":[{"not_picked":["Tiny House","Eternal Feather"],"picked":"Orrery"}],"items_purged_floors":[13,20],"is_endless":false,"potions_floor_spawned":[5,10,12,14,16,18,28],"killed_by":"Centurion and Healer","ascension_level":17}