{"gold_per_floor":[13,23,23,33,33,33,65,65,65,81,6,6,6],"floor_reached":13,"playtime":600,"items_purged":["Strike_B"],"score":145,"play_id":"7c9d334a-cb15-493a-90c5-ab5095ea5a3a","local_time":"20181211061050","is_ascension_mode":true,"campfire_choices":[{"data":"Zap","floor":6,"key":"SMITH"},{"floor":8,"key":"REST"},{"data":"Go for the Eyes","floor":12,"key":"SMITH"}],"neow_cost":"NO_GOLD","seed_source_timestamp":626747461253812,"circlet_count":0,"master_deck":["AscendersBane","Strike_B","Strike_B","Defend_B","Defend_B","Defend_B","Defend_B","Zap+1","Dualcast","Blind","Panacea","Loop","Go for the Eyes+1","Hologram","Stack","Capacitor"],"relics":["Cracked Core","Calipers","Singing Bowl"],"potions_floor_usage":[7,10,13],"damage_taken":[{"damage":0,"enemies":"Small Slimes","floor":1,"turns":3},{"damage":5,"enemies":"2 Louse","floor":2,"turns":3},{"damage":9,"enemies":"Jaw Worm","floor":4,"turns":3},{"damage":41,"enemies":"3 Sentries","floor":7,"turns":11},{"damage":8,"enemies":"Gremlin Gang","floor":10,"turns":6},{"damage":20,"enemies":"Lots of Slimes","floor":13,"turns":2}],"seed_played":"-7668524556686779959","potions_obtained":[{"floor":2,"key":"Poison Potion"},{"floor":7,"key":"Poison Potion"},{"floor":10,"key":"FearPotion"}],"is_trial":false,"path_per_floor":["M","M","?","M","?","R","E","R","T","M","$","R","M"],"character_chosen":"DEFECT","items_purchased":[],"campfire_rested":1,"item_purchase_floors":[],"current_hp_per_floor":[64,59,59,50,43,43,2,23,23,15,15,15,0],"gold":6,"neow_bonus":"RANDOM_COLORLESS_2","is_prod":false,"is_daily":false,"chose_seed":false,"campfire_upgraded":2,"win_rate":0,"timestamp":1544476250,"path_taken":["M","M","?","M","?","R","E","R","T","M","$","R","M"],"build_version":"2018-12-06","purchased_purges":1,"victory":false,"max_hp_per_floor":[71,71,71,71,71,71,71,71,71,71,71,71,71],"card_choices":[{"not_picked":["Steam Power","Turbo"],"picked":"Loop","floor":1},{"not_picked":["Consume","Tempest"],"picked":"Go for the Eyes","floor":2},{"not_picked":["Leap","Heatsinks"],"picked":"Hologram","floor":4},{"not_picked":["Streamline","Recycle"],"picked":"Stack","floor":7},{"not_picked":["Redo","Doom and Gloom"],"picked":"Capacitor","floor":10}],"player_experience":2548948,"relics_obtained":[{"floor":7,"key":"Calipers"},{"floor":9,"key":"Singing Bowl"}],"event_choices":[{"damage_healed":0,"gold_gain":0,"player_choice":"Ignored","damage_taken":0,"max_hp_gain":0,"max_hp_loss":0,"event_name":"Liars Game","floor":3,"gold_loss":0},{"cards_removed":["Strike_B"],"damage_healed":0,"gold_gain":0,"player_choice":"Card Removal","damage_taken":7,"max_hp_gain":0,"max_hp_loss":0,"event_name":"Golden Wing","floor":5,"gold_loss":0}],"is_beta":true,"boss_relics":[],"items_purged_floors":[11],"is_endless":false,"potions_floor_spawned":[2,7,10],"killed_by":"Lots of Slimes","ascension_level":15}