{"gold_per_floor":[116,133,144,162,2,2,16,16,46,46,60,60,60,93,93,93],"floor_reached":16,"playtime":909,"items_purged":[],"score":189,"play_id":"aeb057c4-4041-4abb-9f79-99104f73aa9f","local_time":"20190401184517","is_ascension_mode":true,"campfire_choices":[{"data":"Neutralize","floor":6,"key":"SMITH"},{"data":"Skewer","floor":10,"key":"SMITH"},{"data":"Wraith Form v2","floor":12,"key":"SMITH"},{"data":"Crippling Poison","floor":15,"key":"SMITH"}],"neow_cost":"NONE","seed_source_timestamp":2829353688525915,"circlet_count":0,"master_deck":["AscendersBane","Defend_G+1","Defend_G+1","Defend_G","Defend_G","Defend_G","Strike_G","Strike_G","Strike_G","Strike_G","Strike_G","Survivor","Neutralize+1","Footwork","Heel Hook","Dagger Spray","Skewer+1","Wraith Form v2+1","Crippling Poison+1","Backflip","Dodge and Roll"],"relics":["Ring of the Snake","War Paint","Ancient Tea Set","Tiny Chest","Smiling Mask"],"potions_floor_usage":[4,14,16,16],"damage_taken":[{"damage":3,"enemies":"Jaw Worm","floor":1,"turns":6},{"damage":0,"enemies":"2 Louse","floor":2,"turns":4},{"damage":0,"enemies":"Cultist","floor":3,"turns":3},{"damage":12,"enemies":"Large Slime","floor":4,"turns":8},{"damage":9,"enemies":"Exordium Thugs","floor":7,"turns":8},{"damage":0,"enemies":"Gremlin Gang","floor":11,"turns":5},{"damage":4,"enemies":"3 Sentries","floor":14,"turns":9},{"damage":32,"enemies":"The Guardian","floor":16,"turns":16}],"seed_played":"8324764277294428192","potions_obtained":[{"floor":1,"key":"SteroidPotion"},{"floor":3,"key":"Fire Potion"},{"floor":4,"key":"AttackPotion"},{"floor":14,"key":"Block Potion"}],"is_trial":false,"path_per_floor":["M","M","M","M","$","R","M","?","T","R","M","R","?","E","R","B"],"character_chosen":"THE_SILENT","items_purchased":["Ancient Tea Set"],"campfire_rested":0,"item_purchase_floors":[5],"current_hp_per_floor":[56,56,56,44,44,44,35,35,35,35,35,35,35,31,31,0],"gold":93,"neow_bonus":"RANDOM_COMMON_RELIC","is_prod":false,"is_daily":false,"chose_seed":false,"campfire_upgraded":4,"win_rate":0,"timestamp":1554111917,"path_taken":["M","M","M","M","$","R","M","?","T","R","M","R","?","E","R","BOSS"],"build_version":"2019-03-15","purchased_purges":0,"victory":false,"max_hp_per_floor":[66,66,66,66,66,66,66,66,66,66,66,66,66,66,66,66],"card_choices":[{"not_picked":["Distraction","Outmaneuver"],"picked":"Footwork","floor":1},{"not_picked":["Choke","Deflect"],"picked":"Heel Hook","floor":2},{"not_picked":["Masterful Stab","Dodge and Roll"],"picked":"Dagger Spray","floor":3},{"not_picked":["Distraction","Backflip"],"picked":"Skewer","floor":4},{"not_picked":["Backflip","Terror"],"picked":"Wraith Form v2","floor":7},{"not_picked":["Slice","Flying Knee"],"picked":"Crippling Poison","floor":11},{"not_picked":["Blade Dance","Poisoned Stab"],"picked":"Dodge and Roll","floor":14}],"player_experience":2797615,"relics_obtained":[{"floor":9,"key":"Tiny Chest"},{"floor":14,"key":"Smiling Mask"}],"event_choices":[{"damage_healed":0,"gold_gain":0,"player_choice":"Leave","damage_taken":0,"max_hp_gain":0,"max_hp_loss":0,"event_name":"The Cleric","floor":8,"gold_loss":0},{"damage_healed":0,"gold_gain":0,"player_choice":"1 cards matched","damage_taken":0,"max_hp_gain":0,"max_hp_loss":0,"event_name":"Match and Keep!","floor":13,"gold_loss":0,"cards_obtained":["Backflip"]}],"is_beta":true,"boss_relics":[],"items_purged_floors":[],"is_endless":false,"potions_floor_spawned":[1,3,4,14],"killed_by":"The Guardian","ascension_level":17}