{"gold_per_floor":[119,31,31,48,61,61,74,84,84,84,84,9,9,36,36,113,113,127,127,50,65,79,79,79],"floor_reached":24,"playtime":1221,"items_purged":["Strike_G"],"score":392,"play_id":"5e66adab-3cfa-46d1-af92-05fef8a34b01","local_time":"20190108185815","is_ascension_mode":true,"campfire_choices":[{"data":"Noxious Fumes","floor":6.0,"key":"SMITH"},{"data":"Neutralize","floor":11.0,"key":"SMITH"},{"data":"Flechettes","floor":15.0,"key":"SMITH"},{"floor":23.0,"key":"REST"}],"neow_cost":"NONE","seed_source_timestamp":522566201572117,"circlet_count":0,"master_deck":["AscendersBane","Defend_G","Defend_G","Defend_G","Defend_G","Defend_G","Strike_G","Strike_G","Survivor","Neutralize+1","Blur","Noxious Fumes+1","PiercingWail","Flechettes+1","Cloak And Dagger","Blur","After Image","Flechettes","Footwork","Footwork","Dodge and Roll"],"special_seed":0,"relics":["Ring of the Snake","Anchor","Ancient Tea Set","Dream Catcher","Sozu"],"potions_floor_usage":[24],"damage_taken":[{"damage":0.0,"enemies":"Small Slimes","floor":1.0,"turns":3.0},{"damage":2.0,"enemies":"Cultist","floor":4.0,"turns":5.0},{"damage":0.0,"enemies":"Jaw Worm","floor":5.0,"turns":5.0},{"damage":0.0,"enemies":"3 Louse","floor":7.0,"turns":3.0},{"damage":20.0,"enemies":"Exordium Wildlife","floor":8.0,"turns":6.0},{"damage":6.0,"enemies":"3 Sentries","floor":14.0,"turns":8.0},{"damage":36.0,"enemies":"Slime Boss","floor":16.0,"turns":17.0},{"damage":7.0,"enemies":"Spheric Guardian","floor":18.0,"turns":8.0},{"damage":0.0,"enemies":"3 Byrds","floor":21.0,"turns":6.0},{"damage":2.0,"enemies":"Snecko","floor":22.0,"turns":9.0},{"damage":61,"enemies":"Book of Stabbing","floor":24,"turns":9}],"seed_played":"8994943935317155820","potions_obtained":[{"floor":1.0,"key":"Ancient Potion"},{"floor":7.0,"key":"Strength Potion"},{"floor":14.0,"key":"EssenceOfSteel"}],"is_trial":false,"path_per_floor":["M","$","?","M","M","R","M","M","T","?","R","$","?","E","R","B",null,"M","?","$","M","M","R","E"],"character_chosen":"THE_SILENT","items_purchased":["Noxious Fumes","Footwork"],"campfire_rested":1,"item_purchase_floors":[2,20],"current_hp_per_floor":[59,59,59,57,57,57,57,37,37,59,59,59,52,46,46,10,52,45,41,41,41,39,58,0],"gold":79,"neow_bonus":"RANDOM_COMMON_RELIC","is_prod":false,"is_daily":false,"chose_seed":false,"campfire_upgraded":3,"win_rate":0,"timestamp":1546941495,"path_taken":["M","$","?","M","?","R","M","M","T","?","R","?","?","E","R","BOSS","M","?","?","M","M","R","E"],"build_version":"2019-01-07","purchased_purges":1,"victory":false,"max_hp_per_floor":[66,66,66,66,66,66,66,66,66,66,66,66,66,66,66,66,66,66,66,66,66,66,66,66],"card_choices":[{"not_picked":["Outmaneuver","Terror"],"picked":"Blur","floor":1.0},{"not_picked":["Acrobatics","Endless Agony"],"picked":"PiercingWail","floor":4.0},{"not_picked":["Dash","Dodge and Roll"],"picked":"Flechettes","floor":5.0},{"not_picked":["Bouncing Flask","Bane"],"picked":"Cloak And Dagger","floor":7.0},{"not_picked":["Dagger Spray","Bane"],"picked":"Blur","floor":8.0},{"not_picked":["Concentrate","Poisoned Stab","Sucker Punch"],"picked":"SKIP","floor":14.0},{"not_picked":["Adrenaline","Venomology"],"picked":"After Image","floor":16.0},{"not_picked":["Dodge and Roll","Dagger Throw"],"picked":"Flechettes","floor":18.0},{"not_picked":["Slice","Underhanded Strike"],"picked":"Footwork","floor":21.0},{"not_picked":["Underhanded Strike","Predator","Bane+1"],"picked":"SKIP","floor":22.0},{"not_picked":["Acrobatics","Slice"],"picked":"Dodge and Roll","floor":23.0}],"player_experience":2621478,"relics_obtained":[{"floor":9.0,"key":"Ancient Tea Set"},{"floor":14.0,"key":"Dream Catcher"}],"event_choices":[{"cards_removed":["Strike_G"],"damage_healed":0.0,"max_hp_gain":0.0,"max_hp_loss":0.0,"gold_gain":0.0,"event_name":"Purifier","player_choice":"Purged","floor":3.0,"gold_loss":0.0,"damage_taken":0.0},{"damage_healed":22.0,"max_hp_gain":0.0,"max_hp_loss":0.0,"gold_gain":0.0,"event_name":"Big Fish","player_choice":"Banana","floor":10.0,"gold_loss":0.0,"damage_taken":0.0},{"cards_removed":["Strike_G"],"damage_healed":0.0,"max_hp_gain":0.0,"max_hp_loss":0.0,"gold_gain":0.0,"event_name":"Golden Wing","player_choice":"Card Removal","floor":13.0,"gold_loss":0.0,"damage_taken":7.0},{"damage_healed":0.0,"max_hp_gain":0.0,"max_hp_loss":0.0,"gold_gain":0.0,"event_name":"The Woman in Blue","player_choice":"Bought 0 Potions","floor":19.0,"gold_loss":0.0,"damage_taken":0.0}],"is_beta":true,"boss_relics":[{"not_picked":["Velvet Choker","Empty Cage"],"picked":"Sozu"}],"items_purged_floors":[12],"is_endless":false,"potions_floor_spawned":[1,7,14,18,21],"killed_by":"Book of Stabbing","ascension_level":20}