{"gold_per_floor":[368,297,297,309,384,384,401,413,484,454,282,305,320,320,320,416,416,434,448,459,459,459],"floor_reached":22,"playtime":1362,"items_purged":["Regret"],"score":282,"play_id":"ea140604-2433-4d0d-afae-b83af6762e8b","local_time":"20190501121004","is_ascension_mode":true,"campfire_choices":[{"floor":6,"key":"REST"},{"floor":15,"key":"REST"}],"neow_cost":"CURSE","seed_source_timestamp":1707859460538133,"circlet_count":0,"master_deck":["AscendersBane","Strike_R","Strike_R","Strike_R","Strike_R","Strike_R","Defend_R","Defend_R","Defend_R","Defend_R","Bash","Injury","Corruption","Sentinel","Havoc","Double Tap","Warcry","Dual Wield+1","Jack Of All Trades+1","Spot Weakness+1","Exhume+1","Disarm+1","Rage+1","Seeing Red+1"],"relics":["Black Blood","Bag of Marbles","Toxic Egg 2","PreservedInsect","Smiling Mask"],"potions_floor_usage":[8,10,18,20],"damage_taken":[{"damage":5,"enemies":"Small Slimes","floor":1,"turns":3},{"damage":11,"enemies":"2 Louse","floor":4,"turns":4},{"damage":9,"enemies":"Jaw Worm","floor":7,"turns":4},{"damage":36,"enemies":"Exordium Thugs","floor":8,"turns":6},{"damage":6,"enemies":"Looter","floor":10,"turns":4},{"damage":0,"enemies":"2 Fungi Beasts","floor":13,"turns":2},{"damage":64,"enemies":"The Guardian","floor":16,"turns":10},{"damage":29,"enemies":"Spheric Guardian","floor":18,"turns":4},{"damage":14,"enemies":"Chosen","floor":19,"turns":6},{"damage":22,"enemies":"3 Cultists","floor":20,"turns":5},{"damage":31,"enemies":"Cultist and Chosen","floor":22,"turns":4}],"seed_played":"1034886470103197576","potions_obtained":[{"floor":7,"key":"Regen Potion"},{"floor":8,"key":"Dexterity Potion"},{"floor":13,"key":"Fire Potion"},{"floor":16,"key":"PowerPotion"},{"floor":18,"key":"Dexterity Potion"},{"floor":21,"key":"Strength Potion"}],"is_trial":false,"path_per_floor":["M","$","?","M","?","R","M","M","T","M","$","T","M","?","R","B",null,"M","M","M","?","M"],"character_chosen":"IRONCLAD","items_purchased":["Sentinel","Jack Of All Trades+1"],"campfire_rested":2,"item_purchase_floors":[2,11],"current_hp_per_floor":[73,73,73,68,57,80,77,59,59,59,59,59,65,58,80,22,66,47,43,31,31,0],"gold":459,"neow_bonus":"TWO_FIFTY_GOLD","is_prod":false,"is_daily":false,"chose_seed":false,"campfire_upgraded":0,"win_rate":0,"timestamp":1556701804,"path_taken":["M","$","?","M","?","R","M","M","T","M","$","?","?","?","R","BOSS","M","M","M","?","M"],"build_version":"2019-01-23","purchased_purges":1,"victory":false,"max_hp_per_floor":[80,80,80,80,80,80,80,80,80,80,80,80,80,80,80,80,80,80,80,80,80,80],"card_choices":[{"not_picked":["Pommel Strike","Intimidate"],"picked":"Corruption","floor":1},{"not_picked":["Heavy Blade","Sword Boomerang"],"picked":"Havoc","floor":4},{"not_picked":["Cleave","Sword Boomerang"],"picked":"Double Tap","floor":7},{"not_picked":["Entrench","Combust"],"picked":"Warcry","floor":8},{"not_picked":["Cleave","Twin Strike"],"picked":"Dual Wield+1","floor":10},{"not_picked":["Sever Soul","Fire Breathing"],"picked":"Spot Weakness+1","floor":13},{"not_picked":["Dark Embrace","Barricade"],"picked":"Exhume+1","floor":16},{"not_picked":["Armaments+1","Dual Wield+1"],"picked":"Disarm+1","floor":18},{"not_picked":["Corruption","Blood for Blood"],"picked":"Rage+1","floor":19},{"not_picked":["Warcry+1","Heavy Blade"],"picked":"Seeing Red+1","floor":20}],"player_experience":1288036,"relics_obtained":[{"floor":9,"key":"Toxic Egg 2"},{"floor":12,"key":"PreservedInsect"}],"event_choices":[{"damage_healed":0,"gold_gain":0,"player_choice":"Box","damage_taken":0,"relics_obtained":["Bag of Marbles"],"max_hp_gain":0,"max_hp_loss":0,"event_name":"Big Fish","floor":3,"gold_loss":0,"cards_obtained":["Regret"]},{"damage_healed":0,"gold_gain":75,"player_choice":"Gather Gold","damage_taken":11,"max_hp_gain":0,"max_hp_loss":0,"event_name":"World of Goop","floor":5,"gold_loss":0},{"damage_healed":0,"gold_gain":0,"player_choice":"Success","damage_taken":7,"relics_obtained":["Smiling Mask"],"max_hp_gain":0,"max_hp_loss":0,"event_name":"Scrap Ooze","floor":14,"gold_loss":0},{"damage_healed":0,"gold_gain":0,"player_choice":"Got Potions","damage_taken":0,"max_hp_gain":0,"max_hp_loss":0,"event_name":"Lab","floor":21,"gold_loss":0}],"is_beta":false,"boss_relics":[{"not_picked":["Runic Cube","Cursed Key"],"picked":"Black Blood"}],"items_purged_floors":[11],"is_endless":false,"potions_floor_spawned":[7,8,13,16,18],"killed_by":"Cultist and Chosen","ascension_level":12}