{"gold_per_floor":[116,116,134,150,166,166,182,182,205,216,216,266,285,121,121,197,197,216,72,43,53,53,53],"floor_reached":23,"playtime":699,"items_purged":["Strike_B","Strike_B"],"score":370,"play_id":"5b48fc08-eb07-430a-be80-6d73fe3f0156","local_time":"20190406234230","is_ascension_mode":true,"campfire_choices":[{"data":"Defragment","floor":6.0,"key":"SMITH"},{"data":"Loop","floor":8.0,"key":"SMITH"},{"data":"Consume","floor":15.0,"key":"SMITH"}],"neow_cost":"PERCENT_DAMAGE","seed_source_timestamp":364331500922100,"circlet_count":0,"master_deck":["AscendersBane","Defend_B","Defend_B","Zap","Dualcast","Loop+1","Undo","Defragment+1","Ball Lightning","Genetic Algorithm","Self Repair","Reprogram","Conserve Battery","Consume+1","Loop+1","Melter","Core Surge","Chaos"],"special_seed":0,"relics":["Cracked Core","PreservedInsect","Eternal Feather"],"potions_floor_usage":[],"damage_taken":[{"damage":0.0,"enemies":"2 Louse","floor":1.0,"turns":1.0},{"damage":0.0,"enemies":"Cultist","floor":3.0,"turns":4.0},{"damage":1.0,"enemies":"Small Slimes","floor":4.0,"turns":3.0},{"damage":22.0,"enemies":"Exordium Thugs","floor":5.0,"turns":4.0},{"damage":18.0,"enemies":"3 Louse","floor":7.0,"turns":4.0},{"damage":10.0,"enemies":"2 Fungi Beasts","floor":10.0,"turns":4.0},{"damage":21.0,"enemies":"Lots of Slimes","floor":13.0,"turns":5.0},{"damage":6.0,"enemies":"Slime Boss","floor":16.0,"turns":8.0},{"damage":20.0,"enemies":"Shell Parasite","floor":18.0,"turns":6.0},{"damage":16.0,"enemies":"2 Thieves","floor":20.0,"turns":5.0},{"damage":14.0,"enemies":"Centurion and Healer","floor":21.0,"turns":7.0},{"damage":38,"enemies":"Gremlin Leader","floor":23,"turns":5}],"seed_played":"-3824342773843344266","potions_obtained":[{"floor":1.0,"key":"GamblersBrew"},{"floor":5.0,"key":"EssenceOfSteel"},{"floor":10.0,"key":"SkillPotion"},{"floor":13.0,"key":"SkillPotion"},{"floor":16.0,"key":"Swift Potion"},{"floor":18.0,"key":"PowerPotion"},{"floor":21.0,"key":"Swift Potion"}],"is_trial":false,"path_per_floor":["M","?","M","M","M","R","M","R","T","M","?","?","M","$","R","B",null,"M","$","M","M","?","E"],"character_chosen":"DEFECT","items_purchased":["Consume","Melter"],"campfire_rested":0,"item_purchase_floors":[14,19],"current_hp_per_floor":[46,71,71,70,48,48,30,30,30,27,27,27,13,13,13,14,57,44,44,35,28,28,0],"gold":53,"neow_bonus":"TRANSFORM_TWO_CARDS","is_prod":false,"is_daily":false,"chose_seed":false,"campfire_upgraded":3,"win_rate":0,"timestamp":1554561750,"path_taken":["M","?","M","?","M","R","M","R","T","M","?","?","M","$","R","BOSS","M","$","M","M","?","E"],"build_version":"2019-01-23","purchased_purges":2,"victory":false,"max_hp_per_floor":[71,71,71,71,71,71,71,71,71,71,71,71,71,71,71,71,71,71,71,71,71,71,71],"card_choices":[{"not_picked":["Tempest","Hologram"],"picked":"Recycle","floor":1.0},{"not_picked":["White Noise","Coolheaded"],"picked":"Defragment","floor":3.0},{"not_picked":["Aggregate","Turbo"],"picked":"Ball Lightning","floor":4.0},{"not_picked":["Leap","Sunder"],"picked":"Genetic Algorithm","floor":5.0},{"not_picked":["Skim","BootSequence"],"picked":"Self Repair","floor":7.0},{"not_picked":["Sweeping Beam","Scrape"],"picked":"Reprogram","floor":10.0},{"not_picked":["Fusion","Sweeping Beam"],"picked":"Conserve Battery","floor":13.0},{"not_picked":["Redo","Barrage"],"picked":"Loop+1","floor":18.0},{"not_picked":["Aggregate+1","Auto Shields","Steam"],"picked":"SKIP","floor":20.0},{"not_picked":["Barrage+1","Gash","Beam Cell"],"picked":"SKIP","floor":21.0}],"player_experience":4713312,"relics_obtained":[{"floor":9.0,"key":"PreservedInsect"}],"event_choices":[{"cards_removed":["Recycle"],"damage_healed":25.0,"max_hp_gain":0.0,"max_hp_loss":0.0,"gold_gain":0.0,"event_name":"Bonfire Elementals","player_choice":"Offered Uncommon","floor":2.0,"gold_loss":0.0,"damage_taken":0.0},{"damage_healed":0.0,"max_hp_gain":0.0,"max_hp_loss":0.0,"gold_gain":0.0,"event_name":"Liars Game","player_choice":"Ignored","floor":11.0,"gold_loss":0.0,"damage_taken":0.0},{"damage_healed":0.0,"max_hp_gain":0.0,"max_hp_loss":0.0,"gold_gain":50.0,"event_name":"Golden Shrine","player_choice":"Pray","floor":12.0,"gold_loss":0.0,"damage_taken":0.0},{"damage_healed":0.0,"max_hp_gain":0.0,"max_hp_loss":0.0,"gold_gain":0.0,"cards_transformed":["Defend_B","Strike_B"],"event_name":"Drug Dealer","player_choice":"Became Test Subject","floor":22.0,"gold_loss":0.0,"damage_taken":0.0,"cards_obtained":["Core Surge","Chaos"]}],"is_beta":false,"boss_relics":[{"not_picked":["Fusion Hammer","White Beast Statue"],"picked":"Eternal Feather"}],"items_purged_floors":[14,19],"is_endless":false,"potions_floor_spawned":[1,5,10,13,16,18,21],"killed_by":"Gremlin Leader","ascension_level":20}