{"gold_per_floor":[119,137,155,175,193,193,220,237,237,237,253,253,282,296,296,373,373,387,406,406,424,474,474,500,511,558,558,558,569,569,569,569,569],"floor_reached":33,"playtime":1706,"items_purged":[],"score":551,"play_id":"c3000332-5d4d-49eb-a62f-34a2f2fac1f8","local_time":"20190214215704","is_ascension_mode":true,"campfire_choices":[{"floor":6,"key":"REST"},{"data":"Defragment","floor":15,"key":"SMITH"},{"floor":23,"key":"REST"},{"floor":27,"key":"REST"},{"floor":30,"key":"REST"},{"floor":32,"key":"REST"}],"neow_cost":"TEN_PERCENT_HP_LOSS","seed_source_timestamp":161453514828,"circlet_count":0,"master_deck":["AscendersBane","Zap","Dualcast","Compile Driver","Defragment","Defragment+1","Chill","Core Surge","Sweeping Beam","Go for the Eyes","FTL","Rainbow","Glacier","Consume","Fusion","Hologram","FTL","Rebound+1","Undo","Steam Power","Recycle","Ball Lightning+1","Chaos","White Noise"],"relics":["Cracked Core","Nunchaku","Bag of Marbles","Bottled Lightning","Pen Nib","Pandora\u0027s Box","Letter Opener","Whetstone"],"potions_floor_usage":[7,7,24,24,25,33],"damage_taken":[{"damage":0,"enemies":"Small Slimes","floor":1,"turns":3},{"damage":5,"enemies":"2 Louse","floor":2,"turns":3},{"damage":0,"enemies":"Cultist","floor":3,"turns":4},{"damage":12,"enemies":"3 Louse","floor":4,"turns":5},{"damage":26,"enemies":"Exordium Wildlife","floor":5,"turns":4},{"damage":20,"enemies":"Gremlin Nob","floor":7,"turns":4},{"damage":8,"enemies":"Exordium Thugs","floor":8,"turns":5},{"damage":5,"enemies":"Blue Slaver","floor":11,"turns":3},{"damage":0,"enemies":"3 Sentries","floor":13,"turns":10},{"damage":0,"enemies":"3 Louse","floor":14,"turns":3},{"damage":19,"enemies":"The Guardian","floor":16,"turns":10},{"damage":0,"enemies":"3 Byrds","floor":18,"turns":5},{"damage":5,"enemies":"Chosen","floor":19,"turns":5},{"damage":19,"enemies":"Centurion and Healer","floor":21,"turns":11},{"damage":28,"enemies":"Gremlin Leader","floor":24,"turns":8},{"damage":11,"enemies":"Snake Plant","floor":25,"turns":4},{"damage":4,"enemies":"Cultist and Chosen","floor":29,"turns":5},{"damage":54,"enemies":"Automaton","floor":33,"turns":6}],"seed_played":"8037915590780842315","potions_obtained":[{"floor":1,"key":"Energy Potion"},{"floor":3,"key":"Energy Potion"},{"floor":8,"key":"Energy Potion"},{"floor":13,"key":"Ancient Potion"},{"floor":18,"key":"SkillPotion"},{"floor":24,"key":"SkillPotion"},{"floor":29,"key":"Poison Potion"}],"is_trial":false,"path_per_floor":["M","M","M","M","M","R","E","M","T","?","M","?","E","M","R","B",null,"M","M","?","M","?","R","E","M","T","R","?","M","R","?","R","B"],"character_chosen":"DEFECT","items_purchased":[],"campfire_rested":5,"item_purchase_floors":[],"current_hp_per_floor":[64,59,59,47,21,40,20,12,12,28,23,23,23,23,23,4,47,47,42,42,23,23,41,13,2,2,20,20,16,34,18,37,0],"gold":569,"neow_bonus":"ONE_RARE_RELIC","is_prod":false,"is_daily":false,"chose_seed":false,"campfire_upgraded":1,"win_rate":0,"timestamp":1550149024,"path_taken":["M","M","M","M","M","R","E","M","T","?","M","?","E","M","R","BOSS","M","?","?","M","?","R","E","M","T","R","?","?","R","?","R","BOSS"],"build_version":"2019-01-23","purchased_purges":0,"victory":false,"max_hp_per_floor":[64,64,64,64,64,64,64,64,64,64,64,61,61,61,61,61,61,61,61,61,61,61,61,61,61,61,61,61,61,61,66,66,66],"card_choices":[{"not_picked":["Genetic Algorithm","Redo"],"picked":"Consume","floor":1},{"not_picked":["Leap","Steam"],"picked":"Compile Driver","floor":2},{"not_picked":["BootSequence","Coolheaded"],"picked":"Defragment","floor":3},{"not_picked":["Loop","Fusion"],"picked":"Defragment","floor":4},{"not_picked":["Heatsinks","Streamline"],"picked":"Chill","floor":5},{"not_picked":["Conserve Battery","Cold Snap"],"picked":"Core Surge","floor":7},{"not_picked":["Turbo","Compile Driver"],"picked":"Sweeping Beam","floor":8},{"not_picked":["Turbo","Steam Power"],"picked":"Go for the Eyes","floor":11},{"not_picked":["Static Discharge","Hologram"],"picked":"FTL","floor":13},{"not_picked":["Barrage","Hologram","Redo"],"picked":"SKIP","floor":14},{"not_picked":["Thunder Strike","Creative AI"],"picked":"Rainbow","floor":16},{"not_picked":["Hologram","Sunder"],"picked":"Recycle","floor":18},{"not_picked":["Darkness","FTL","Streamline"],"picked":"SKIP","floor":19},{"not_picked":["Stack","Glacier","Double Energy"],"picked":"SKIP","floor":21},{"not_picked":["Aggregate","Doom and Gloom"],"picked":"Ball Lightning","floor":24},{"not_picked":["Go for the Eyes","Streamline"],"picked":"Chaos","floor":25},{"not_picked":["Redo","Consume"],"picked":"White Noise","floor":29}],"player_experience":621191,"relics_obtained":[{"floor":7,"key":"Bag of Marbles"},{"floor":9,"key":"Bottled Lightning"},{"floor":13,"key":"Pen Nib"},{"floor":24,"key":"Letter Opener"},{"floor":26,"key":"Whetstone"}],"event_choices":[{"damage_healed":16,"gold_gain":0,"player_choice":"Healed and dodged fight","damage_taken":0,"max_hp_gain":0,"max_hp_loss":0,"event_name":"Mushrooms","floor":10,"gold_loss":0,"cards_obtained":["Parasite"]},{"cards_removed":["Parasite"],"damage_healed":0,"gold_gain":0,"player_choice":"Purged","damage_taken":0,"max_hp_gain":0,"max_hp_loss":0,"event_name":"Purifier","floor":12,"gold_loss":0},{"damage_healed":0,"gold_gain":0,"player_choice":"Ignored","damage_taken":0,"max_hp_gain":0,"max_hp_loss":0,"event_name":"Vampires","floor":20,"gold_loss":0},{"damage_healed":0,"gold_gain":50,"player_choice":"Stole From Cult","damage_taken":0,"max_hp_gain":0,"max_hp_loss":0,"event_name":"Nest","floor":22,"gold_loss":0},{"cards_removed":["Consume"],"damage_healed":0,"gold_gain":0,"player_choice":"Purged","damage_taken":0,"max_hp_gain":0,"max_hp_loss":0,"event_name":"Purifier","floor":28,"gold_loss":0},{"damage_healed":0,"gold_gain":0,"player_choice":"Shed Blood","damage_taken":21,"max_hp_gain":5,"max_hp_loss":0,"event_name":"Forgotten Altar","floor":31,"gold_loss":0}],"is_beta":false,"boss_relics":[{"not_picked":["Runic Pyramid","Coffee Dripper"],"picked":"Pandora\u0027s Box"}],"items_purged_floors":[],"is_endless":false,"potions_floor_spawned":[1,3,8,13,18,24,29],"killed_by":"Automaton","ascension_level":16}