{"gold_per_floor":[119,137,10,27,44,44,62,87,112,112,142,142,154,154,154,231,231,249,266,216,266,9,9,21,21,21,21,21,21,36,65,65,139,139,152,162,162,162,178,203,203,231,257,257,270,284,284,13,13,13],"floor_reached":50,"playtime":7111,"items_purged":["Strike_B","Strike_B","Defend_B"],"score":1098,"play_id":"6af0c64f-225a-40e8-9469-cd64bcb2cd8b","local_time":"20190426031611","is_ascension_mode":true,"campfire_choices":[{"data":"Sunder","floor":6.0,"key":"SMITH"},{"data":"Dualcast","floor":10.0,"key":"SMITH"},{"data":"Recycle","floor":15.0,"key":"SMITH"},{"floor":23.0,"key":"REST"},{"data":"Reprogram","floor":27.0,"key":"SMITH"},{"data":"Echo Form","floor":29.0,"key":"SMITH"},{"floor":32.0,"key":"REST"},{"data":"Discovery","floor":41.0,"key":"SMITH"},{"data":"Consume","floor":44.0,"key":"SMITH"},{"floor":49.0,"key":"RECALL"}],"neow_cost":"NONE","seed_source_timestamp":1155841566319998,"circlet_count":0,"master_deck":["AscendersBane","Defend_B","Defend_B","Defend_B","Zap+1","Dualcast+1","Cold Snap","Leap","Sunder+1","Chill+1","Undo+1","Recycle+1","All For One","Defragment+1","Conserve Battery","Creative AI","Cold Snap","Go for the Eyes","Glacier","Reprogram+1","Gash","Stack","Echo Form+1","Core Surge","Thunder Strike","Gash","Loop+1","Finesse","Dark Shackles","Discovery+1","Consume+1","Hologram","Madness","Madness","Hologram"],"special_seed":0,"relics":["Cracked Core","Kunai","Anchor","Potion Belt","Smiling Mask","Inserter","Regal Pillow","Emotion Chip","Nuclear Battery","Pocketwatch","Oddly Smooth Stone","Bag of Preparation","War Paint"],"potions_floor_usage":[50],"damage_taken":[{"damage":1.0,"enemies":"2 Louse","floor":1.0,"turns":3.0},{"damage":0.0,"enemies":"Cultist","floor":2.0,"turns":3.0},{"damage":0.0,"enemies":"Small Slimes","floor":4.0,"turns":2.0},{"damage":5.0,"enemies":"2 Fungi Beasts","floor":5.0,"turns":3.0},{"damage":13.0,"enemies":"Exordium Thugs","floor":7.0,"turns":4.0},{"damage":1.0,"enemies":"3 Sentries","floor":8.0,"turns":9.0},{"damage":0.0,"enemies":"Gremlin Nob","floor":11.0,"turns":4.0},{"damage":7.0,"enemies":"Red Slaver","floor":13.0,"turns":3.0},{"damage":3.0,"enemies":"The Guardian","floor":16.0,"turns":12.0},{"damage":20.0,"enemies":"Spheric Guardian","floor":18.0,"turns":4.0},{"damage":21.0,"enemies":"Chosen","floor":19.0,"turns":6.0},{"damage":3.0,"enemies":"Shelled Parasite and Fungi","floor":24.0,"turns":6.0},{"damage":2.0,"enemies":"Centurion and Healer","floor":30.0,"turns":7.0},{"damage":13.0,"enemies":"Gremlin Leader","floor":31.0,"turns":10.0},{"damage":6.0,"enemies":"Collector","floor":33.0,"turns":16.0},{"damage":0.0,"enemies":"3 Shapes","floor":35.0,"turns":10.0},{"damage":0.0,"enemies":"Orb Walker","floor":36.0,"turns":4.0},{"damage":6.0,"enemies":"3 Darklings","floor":39.0,"turns":6.0},{"damage":0.0,"enemies":"Giant Head","floor":40.0,"turns":10.0},{"damage":13.0,"enemies":"Nemesis","floor":42.0,"turns":11.0},{"damage":0.0,"enemies":"4 Shapes","floor":45.0,"turns":7.0},{"damage":2.0,"enemies":"Transient","floor":46.0,"turns":6.0},{"damage":28,"enemies":"Awakened One","floor":50,"turns":10}],"seed_played":"-2354928541565969035","potions_obtained":[{"floor":2.0,"key":"Weak Potion"},{"floor":5.0,"key":"Weak Potion"},{"floor":24.0,"key":"Block Potion"},{"floor":30.0,"key":"Swift Potion"},{"floor":31.0,"key":"AttackPotion"},{"floor":33.0,"key":"Dexterity Potion"},{"floor":39.0,"key":"Explosive Potion"},{"floor":40.0,"key":"FearPotion"},{"floor":42.0,"key":"GamblersBrew"}],"is_trial":false,"path_per_floor":["M","M","$","M","M","R","M","E","T","R","E","?","M","?","R","B",null,"M","M","$","?","$","R","M","?","T","R","?","R","M","E","R","B",null,"M","M","?","?","M","E","R","E","T","R","M","M","?","$","R","B"],"character_chosen":"DEFECT","items_purchased":["Sunder","Chill","Glacier","Regal Pillow","Hologram","War Paint"],"campfire_rested":2,"item_purchase_floors":[3,3,22,22,48,48],"current_hp_per_floor":[63,63,63,63,58,58,45,44,44,44,44,44,37,37,37,34,62,42,21,21,21,21,57,54,54,54,54,54,54,52,39,71,65,70,70,70,70,60,54,54,54,41,41,41,41,39,26,26,26,0],"gold":13,"neow_bonus":"UPGRADE_CARD","is_prod":false,"is_daily":false,"chose_seed":false,"campfire_upgraded":7,"win_rate":0,"timestamp":1556216171,"path_taken":["M","M","$","M","M","R","M","E","T","R","E","?","M","?","R","BOSS","M","M","$","?","$","R","M","?","T","R","?","R","?","E","R","BOSS","M","M","?","?","M","E","R","E","T","R","M","M","?","$","R","BOSS"],"build_version":"2019-04-23","purchased_purges":3,"victory":false,"max_hp_per_floor":[71,71,71,71,71,71,71,71,71,71,71,71,71,71,71,71,71,71,71,71,71,71,71,71,71,71,71,71,71,71,71,71,71,71,71,71,71,71,71,71,71,71,71,71,71,71,71,71,71,71],"card_choices":[{"not_picked":["Sweeping Beam","Heatsinks"],"picked":"Cold Snap","floor":1.0},{"not_picked":["Sweeping Beam","Rebound"],"picked":"Leap","floor":2.0},{"not_picked":["Cold Snap","Static Discharge"],"picked":"Undo","floor":4.0},{"not_picked":["Steam Power","Beam Cell"],"picked":"Rebound","floor":5.0},{"not_picked":["Rebound","Streamline"],"picked":"Recycle","floor":7.0},{"not_picked":["Gash","Beam Cell"],"picked":"All For One","floor":8.0},{"not_picked":["Conserve Battery","Beam Cell"],"picked":"Defragment","floor":11.0},{"not_picked":["Sweeping Beam","Compile Driver"],"picked":"Conserve Battery","floor":13.0},{"not_picked":["Rainbow","Seek"],"picked":"Creative AI","floor":16.0},{"not_picked":["Ball Lightning","Genetic Algorithm"],"picked":"Cold Snap","floor":18.0},{"not_picked":["Glacier","Doom and Gloom"],"picked":"Go for the Eyes","floor":19.0},{"not_picked":["Compile Driver","FTL"],"picked":"Reprogram","floor":24.0},{"not_picked":["Reprogram","Cold Snap"],"picked":"Core Surge","floor":30.0},{"not_picked":["Steam Power","Darkness","Redo"],"picked":"SKIP","floor":31.0},{"not_picked":["Hyperbeam","Machine Learning"],"picked":"Thunder Strike","floor":33.0},{"not_picked":["Redo","Cold Snap+1"],"picked":"Gash","floor":35.0},{"not_picked":["Self Repair","Double Energy"],"picked":"Loop+1","floor":36.0},{"not_picked":["Panacea","Bandage Up"],"picked":"Finesse","floor":38.0},{"not_picked":["Bandage Up","Purity"],"picked":"Dark Shackles","floor":38.0},{"not_picked":["Trip","HandOfGreed"],"picked":"Discovery","floor":38.0},{"not_picked":["Sweeping Beam","Go for the Eyes","Redo"],"picked":"SKIP","floor":39.0},{"not_picked":["Beam Cell","Recycle","Steam"],"picked":"SKIP","floor":40.0},{"not_picked":["Static Discharge","FTL"],"picked":"Consume","floor":42.0},{"not_picked":["Cold Snap+1","Stack","Genetic Algorithm"],"picked":"SKIP","floor":45.0},{"not_picked":["Cold Snap+1","Stack","Genetic Algorithm"],"picked":"SKIP","floor":45.0},{"not_picked":["Go for the Eyes","Rebound"],"picked":"Hologram","floor":46.0}],"player_experience":3065319,"relics_obtained":[{"floor":8.0,"key":"Kunai"},{"floor":9.0,"key":"Anchor"},{"floor":11.0,"key":"Potion Belt"},{"floor":31.0,"key":"Emotion Chip"},{"floor":40.0,"key":"Pocketwatch"},{"floor":42.0,"key":"Oddly Smooth Stone"},{"floor":43.0,"key":"Bag of Preparation"}],"event_choices":[{"damage_healed":0.0,"max_hp_gain":0.0,"max_hp_loss":0.0,"gold_gain":0.0,"event_name":"Living Wall","player_choice":"Grow","floor":12.0,"gold_loss":0.0,"damage_taken":0.0,"cards_upgraded":["Defragment"]},{"cards_removed":["Rebound"],"damage_healed":0.0,"max_hp_gain":0.0,"max_hp_loss":0.0,"gold_gain":0.0,"event_name":"WeMeetAgain","player_choice":"Gave Card","floor":14.0,"gold_loss":0.0,"damage_taken":0.0,"relics_obtained":["Smiling Mask"]},{"damage_healed":0.0,"max_hp_gain":0.0,"max_hp_loss":0.0,"gold_gain":50.0,"event_name":"Nest","player_choice":"Stole From Cult","floor":21.0,"gold_loss":0.0,"damage_taken":0.0},{"damage_healed":0.0,"max_hp_gain":0.0,"max_hp_loss":0.0,"gold_gain":0.0,"cards_transformed":["Strike_B","Strike_B"],"event_name":"Drug Dealer","player_choice":"Became Test Subject","floor":25.0,"gold_loss":0.0,"damage_taken":0.0,"cards_obtained":["Gash","Stack"]},{"damage_healed":0.0,"max_hp_gain":0.0,"max_hp_loss":0.0,"gold_gain":0.0,"event_name":"Match and Keep!","player_choice":"1 cards matched","floor":28.0,"gold_loss":0.0,"damage_taken":0.0,"cards_obtained":["Echo Form"]},{"damage_healed":0.0,"max_hp_gain":0.0,"max_hp_loss":0.0,"gold_gain":0.0,"event_name":"Mysterious Sphere","player_choice":"Ignored","floor":37.0,"gold_loss":0.0,"damage_taken":0.0},{"damage_healed":0.0,"max_hp_gain":0.0,"max_hp_loss":0.0,"gold_gain":0.0,"event_name":"SensoryStone","player_choice":"Memory 3","floor":38.0,"gold_loss":0.0,"damage_taken":10.0},{"damage_healed":0.0,"max_hp_gain":0.0,"max_hp_loss":0.0,"gold_gain":0.0,"event_name":"Winding Halls","player_choice":"Embrace Madness","floor":47.0,"gold_loss":0.0,"damage_taken":13.0,"cards_obtained":["Madness","Madness"]}],"is_beta":true,"boss_relics":[{"not_picked":["Tiny House","Cursed Key"],"picked":"Inserter"},{"not_picked":["Sozu","Astrolabe"],"picked":"Nuclear Battery"}],"items_purged_floors":[20,22,48],"is_endless":false,"potions_floor_spawned":[2,5,7,8,24,30,31,33,39,40,42],"killed_by":"Awakened One","ascension_level":17}