{"gold_per_floor":[113,131,142,162,162,162,162,87,166,199,199,213,247,265,265,342,342,358,408,225,150,25,53,68,87,87,87,87,87,87,107,107,184,184,201,201,212,225,75,75,75],"floor_reached":41,"playtime":1536,"items_purged":["Strike_B","Defend_B","Defend_B","Strike_B+1"],"score":892,"play_id":"acda251d-03bc-49bb-8758-ab404ea2d4b4","local_time":"20190427022059","is_ascension_mode":true,"campfire_choices":[{"data":"Hyperbeam","floor":6.0,"key":"SMITH"},{"data":"Beam Cell","floor":11.0,"key":"SMITH"},{"data":"Hologram","floor":15.0,"key":"SMITH"},{"data":"Self Repair","floor":27.0,"key":"SMITH"},{"floor":30.0,"key":"REST"},{"data":"Dualcast","floor":32.0,"key":"SMITH"},{"floor":40.0,"key":"REST"}],"neow_cost":"PERCENT_DAMAGE","seed_source_timestamp":514171068108500,"circlet_count":0,"master_deck":["AscendersBane","Zap","Dualcast+1","Hyperbeam+1","Beam Cell+1","Conserve Battery+1","Reinforced Body","Hologram+1","Self Repair+1","Gash","Hyperbeam","Fission","Compile Driver","Steam+1","Turbo+1","Reboot","Meteor Strike","Multi-Cast","Capacitor"],"special_seed":0,"relics":["Cracked Core","Pantograph","Oddly Smooth Stone","Shovel","Orrery","Anchor","Mummified Hand","Nilry\u0027s Codex","Cursed Key","WingedGreaves"],"potions_floor_usage":[],"damage_taken":[{"damage":0.0,"enemies":"Cultist","floor":1.0,"turns":3.0},{"damage":0.0,"enemies":"2 Louse","floor":2.0,"turns":1.0},{"damage":0.0,"enemies":"Small Slimes","floor":3.0,"turns":2.0},{"damage":8.0,"enemies":"Blue Slaver","floor":4.0,"turns":3.0},{"damage":6.0,"enemies":"Lagavulin","floor":10.0,"turns":5.0},{"damage":12.0,"enemies":"Large Slime","floor":12.0,"turns":2.0},{"damage":0.0,"enemies":"3 Sentries","floor":13.0,"turns":2.0},{"damage":10.0,"enemies":"3 Louse","floor":14.0,"turns":2.0},{"damage":9.0,"enemies":"Hexaghost","floor":16.0,"turns":8.0},{"damage":26.0,"enemies":"3 Byrds","floor":18.0,"turns":3.0},{"damage":33.0,"enemies":"Book of Stabbing","floor":23.0,"turns":5.0},{"damage":5.0,"enemies":"Shell Parasite","floor":24.0,"turns":3.0},{"damage":0.0,"enemies":"3 Cultists","floor":25.0,"turns":2.0},{"damage":0.0,"enemies":"Centurion and Healer","floor":31.0,"turns":1.0},{"damage":34.0,"enemies":"Collector","floor":33.0,"turns":6.0},{"damage":0.0,"enemies":"3 Darklings","floor":35.0,"turns":1.0},{"damage":4.0,"enemies":"3 Shapes","floor":37.0,"turns":1.0},{"damage":30.0,"enemies":"Writhing Mass","floor":38.0,"turns":11.0},{"damage":62,"enemies":"Giant Head","floor":41,"turns":7}],"seed_played":"7266559656736785630","potions_obtained":[{"floor":2.0,"key":"Weak Potion"},{"floor":3.0,"key":"Regen Potion"},{"floor":4.0,"key":"PowerPotion"},{"floor":12.0,"key":"Ancient Potion"},{"floor":14.0,"key":"SteroidPotion"},{"floor":18.0,"key":"SkillPotion"},{"floor":31.0,"key":"Regen Potion"},{"floor":33.0,"key":"SkillPotion"},{"floor":35.0,"key":"FearPotion"},{"floor":38.0,"key":"Poison Potion"}],"is_trial":false,"path_per_floor":["M","M","M","M","?","R","?","$","T","E","R","M","E","M","R","B",null,"M","?","$","?","$","E","M","M","T","R","?","?","R","M","R","B",null,"M","?","M","M","$","R","E"],"character_chosen":"DEFECT","items_purchased":["Regen Potion"],"campfire_rested":2,"item_purchase_floors":[20],"current_hp_per_floor":[46,46,46,38,38,38,17,17,17,25,25,13,13,10,10,33,62,36,36,36,36,36,24,26,26,26,26,26,5,26,26,26,42,64,64,64,60,40,40,61,0],"gold":75,"neow_bonus":"THREE_RARE_CARDS","is_prod":false,"is_daily":false,"chose_seed":false,"campfire_upgraded":5,"win_rate":0,"timestamp":1556299259,"path_taken":["M","M","M","M","?","R","?","$","T","E","R","M","E","M","R","BOSS","M","?","$","?","$","E","M","M","T","R","?","?","R","M","R","BOSS","M","?","M","?","$","R","E"],"build_version":"2019-01-23","purchased_purges":4,"victory":false,"max_hp_per_floor":[71,71,71,71,71,71,71,71,71,71,71,71,71,71,71,71,71,71,71,71,71,71,71,71,71,71,71,71,71,71,71,71,71,71,71,71,71,71,71,71,71],"card_choices":[{"not_picked":["Multi-Cast","Thunder Strike"],"picked":"Hyperbeam","floor":0.0},{"not_picked":["Leap","Doom and Gloom"],"picked":"Beam Cell","floor":1.0},{"not_picked":["White Noise","Redo"],"picked":"Conserve Battery","floor":2.0},{"not_picked":["Turbo","Gash"],"picked":"FTL","floor":3.0},{"not_picked":["Ball Lightning","Doom and Gloom"],"picked":"Reinforced Body","floor":4.0},{"not_picked":["Loop","Redo","Hello World"],"picked":"SKIP","floor":10.0},{"not_picked":["Streamline","Leap"],"picked":"Hologram","floor":12.0},{"not_picked":["Stack","Barrage"],"picked":"Self Repair","floor":13.0},{"not_picked":["Conserve Battery","Electrodynamics"],"picked":"Gash","floor":14.0},{"not_picked":["Machine Learning","Biased Cognition"],"picked":"Hyperbeam","floor":16.0},{"not_picked":["Hologram","Steam"],"picked":"Fission","floor":17.0},{"not_picked":["Go for the Eyes","Streamline"],"picked":"Compile Driver","floor":17.0},{"not_picked":["Sweeping Beam","Stack"],"picked":"Steam+1","floor":18.0},{"not_picked":["Redo","Beam Cell","Rebound"],"picked":"SKIP","floor":23.0},{"not_picked":["Tempest","Rebound","Auto Shields"],"picked":"SKIP","floor":24.0},{"not_picked":["Chill","Fission"],"picked":"Turbo+1","floor":25.0},{"not_picked":["Sweeping Beam+1","Aggregate","Hologram"],"picked":"SKIP","floor":31.0},{"not_picked":["Hyperbeam","Fission"],"picked":"Multi-Cast","floor":33.0},{"not_picked":["Lockon+1","Cold Snap","Redo"],"picked":"SKIP","floor":35.0},{"not_picked":["Sweeping Beam+1","Go for the Eyes","Leap"],"picked":"SKIP","floor":37.0},{"not_picked":["Gash","Go for the Eyes"],"picked":"Capacitor","floor":38.0}],"player_experience":4855894,"relics_obtained":[{"floor":9.0,"key":"Pantograph"},{"floor":10.0,"key":"Oddly Smooth Stone"},{"floor":13.0,"key":"Shovel"},{"floor":23.0,"key":"Anchor"},{"floor":26.0,"key":"Mummified Hand"},{"floor":29.0,"key":"Nilry\u0027s Codex"}],"event_choices":[{"cards_removed":["Strike_B"],"damage_healed":0.0,"max_hp_gain":0.0,"max_hp_loss":0.0,"gold_gain":0.0,"event_name":"Living Wall","player_choice":"Forget","floor":5.0,"gold_loss":0.0,"damage_taken":0.0},{"damage_healed":0.0,"max_hp_gain":0.0,"max_hp_loss":0.0,"gold_gain":0.0,"event_name":"Shining Light","player_choice":"Entered Light","floor":7.0,"gold_loss":0.0,"damage_taken":21.0,"cards_upgraded":["Conserve Battery","Strike_B"]},{"damage_healed":0.0,"max_hp_gain":0.0,"max_hp_loss":0.0,"gold_gain":50.0,"event_name":"Nest","player_choice":"Stole From Cult","floor":19.0,"gold_loss":0.0,"damage_taken":0.0},{"cards_removed":["Defend_B"],"damage_healed":0.0,"max_hp_gain":0.0,"max_hp_loss":0.0,"gold_gain":0.0,"event_name":"Beggar","player_choice":"Gave Gold","floor":21.0,"gold_loss":75.0,"damage_taken":0.0},{"damage_healed":0.0,"max_hp_gain":0.0,"max_hp_loss":0.0,"gold_gain":0.0,"cards_transformed":["Strike_B","Defend_B"],"event_name":"Drug Dealer","player_choice":"Became Test Subject","floor":28.0,"gold_loss":0.0,"damage_taken":0.0,"cards_obtained":["Reboot","Meteor Strike"]},{"damage_healed":0.0,"max_hp_gain":0.0,"max_hp_loss":0.0,"gold_gain":0.0,"event_name":"Cursed Tome","player_choice":"Obtained Book","floor":29.0,"gold_loss":0.0,"damage_taken":21.0},{"cards_removed":["FTL"],"damage_healed":0.0,"max_hp_gain":0.0,"max_hp_loss":0.0,"gold_gain":0.0,"event_name":"WeMeetAgain","player_choice":"Gave Card","floor":36.0,"gold_loss":0.0,"damage_taken":0.0,"relics_obtained":["WingedGreaves"]}],"is_beta":false,"boss_relics":[{"not_picked":["Eternal Feather","Sozu"],"picked":"Orrery"},{"not_picked":["Fusion Hammer","Lizard Tail"],"picked":"Cursed Key"}],"items_purged_floors":[8,20,22,39],"is_endless":false,"potions_floor_spawned":[2,3,4,12,14,18,31,33,35,38],"killed_by":"Giant Head","ascension_level":20}