{"gold_per_floor":[119,194,210,360,11,56,56,85,85,85,100,100],"floor_reached":12,"playtime":931,"items_purged":["Doubt"],"score":159,"play_id":"29826516-07d8-4006-adb7-31e48332a2d7","local_time":"20190429224105","is_ascension_mode":true,"campfire_choices":[{"floor":7,"key":"REST"},{"data":"Dualcast","floor":10,"key":"SMITH"}],"neow_cost":"NONE","seed_source_timestamp":279942512122355,"circlet_count":0,"master_deck":["AscendersBane","Strike_B","Strike_B","Strike_B","Strike_B","Defend_B","Defend_B","Defend_B","Defend_B","Zap","Dualcast+1","Hologram","White Noise","Magnetism","Cold Snap","Ball Lightning","Conserve Battery"],"relics":["Cracked Core","Boot","Sundial","Matryoshka","Bronze Scales","Gremlin Horn"],"potions_floor_usage":[6],"damage_taken":[{"damage":8,"enemies":"Small Slimes","floor":1,"turns":3},{"damage":0,"enemies":"2 Louse","floor":3,"turns":3},{"damage":27,"enemies":"Lagavulin","floor":6,"turns":6},{"damage":16,"enemies":"3 Sentries","floor":8,"turns":15},{"damage":7,"enemies":"Jaw Worm","floor":11,"turns":2},{"damage":21,"enemies":"3 Louse","floor":12,"turns":1}],"seed_played":"4024122672990639403","potions_obtained":[{"floor":3,"key":"Poison Potion"}],"is_trial":false,"path_per_floor":["M","?","M","?","$","E","R","E","T","R","M","M"],"character_chosen":"DEFECT","items_purchased":["PowerPotion","Magnetism"],"campfire_rested":1,"item_purchase_floors":[5,5],"current_hp_per_floor":[56,45,45,45,45,18,39,23,23,23,16,0],"gold":100,"neow_bonus":"RANDOM_COMMON_RELIC","is_prod":false,"is_daily":false,"chose_seed":false,"campfire_upgraded":1,"win_rate":0,"timestamp":1556545265,"path_taken":["M","?","M","?","$","E","R","E","T","R","M","M"],"build_version":"2019-04-23","purchased_purges":1,"victory":false,"max_hp_per_floor":[71,71,71,71,71,71,71,71,71,71,71,71],"card_choices":[{"not_picked":["Redo","Lockon"],"picked":"Hologram","floor":1},{"not_picked":["Turbo","Auto Shields"],"picked":"White Noise","floor":3},{"not_picked":["Compile Driver","Sweeping Beam"],"picked":"Cold Snap","floor":6},{"not_picked":["Coolheaded","Gash"],"picked":"Ball Lightning","floor":8},{"not_picked":["Heatsinks","Hologram"],"picked":"Conserve Battery","floor":11}],"player_experience":3105473,"relics_obtained":[{"floor":6,"key":"Sundial"},{"floor":8,"key":"Matryoshka"},{"floor":9,"key":"Bronze Scales"},{"floor":9,"key":"Gremlin Horn"}],"event_choices":[{"damage_healed":0,"gold_gain":75,"player_choice":"Gather Gold","damage_taken":11,"max_hp_gain":0,"max_hp_loss":0,"event_name":"World of Goop","floor":2,"gold_loss":0},{"damage_healed":0,"gold_gain":150,"player_choice":"AGREE","damage_taken":0,"max_hp_gain":0,"max_hp_loss":0,"event_name":"Liars Game","floor":4,"gold_loss":0,"cards_obtained":["Doubt"]}],"is_beta":true,"boss_relics":[],"items_purged_floors":[5],"is_endless":false,"potions_floor_spawned":[3],"killed_by":"3 Louse","ascension_level":17}