{"gold_per_floor":[109,109,123,139,139,139,167,167,467,497,513,513,438,438,438,517,517,535,552,552],"floor_reached":20,"playtime":1329,"items_purged":[],"score":337,"play_id":"819281a2-300b-4197-ad5f-996f7dc77409","local_time":"20190322230142","is_ascension_mode":true,"campfire_choices":[{"data":"Bash","floor":6,"key":"SMITH"},{"floor":8,"key":"REST"},{"data":"Intimidate","floor":12,"key":"SMITH"},{"floor":15,"key":"REST"}],"neow_cost":"PERCENT_DAMAGE","seed_source_timestamp":1980328991322385,"circlet_count":0,"master_deck":["AscendersBane","Strike_R","Defend_R","Defend_R","Defend_R","Bash+1","Twin Strike","Intimidate+1","Shrug It Off","Inflame","Flex","Sword Boomerang","Berserk","Flex"],"relics":["Burning Blood","Unceasing Top","Old Coin","Bag of Marbles","Runic Cube"],"potions_floor_usage":[7,16,18],"damage_taken":[{"damage":9,"enemies":"Jaw Worm","floor":1,"turns":6},{"damage":1,"enemies":"Cultist","floor":3,"turns":4},{"damage":6,"enemies":"2 Louse","floor":4,"turns":3},{"damage":32,"enemies":"Gremlin Nob","floor":7,"turns":5},{"damage":32,"enemies":"3 Sentries","floor":10,"turns":9},{"damage":2,"enemies":"Looter","floor":11,"turns":4},{"damage":32,"enemies":"Slime Boss","floor":16,"turns":8},{"damage":18,"enemies":"Shell Parasite","floor":18,"turns":8},{"damage":33,"enemies":"3 Byrds","floor":19,"turns":6},{"damage":22,"enemies":"Masked Bandits","floor":20,"turns":3}],"seed_played":"-8973927750836476350","potions_obtained":[{"floor":4,"key":"Weak Potion"},{"floor":10,"key":"PowerPotion"},{"floor":11,"key":"GamblersBrew"}],"is_trial":false,"path_per_floor":["M","?","M","M","?","R","E","R","T","E","M","R","?","?","R","B",null,"M","M","?"],"character_chosen":"IRONCLAD","items_purchased":[],"campfire_rested":2,"item_purchase_floors":[],"current_hp_per_floor":[47,47,52,52,52,52,26,48,48,22,26,26,26,26,48,22,62,50,23,1],"gold":552,"neow_bonus":"REMOVE_TWO","is_prod":false,"is_daily":false,"chose_seed":false,"campfire_upgraded":2,"win_rate":0,"timestamp":1553263302,"path_taken":["M","?","M","?","?","R","E","R","T","E","M","R","?","?","R","BOSS","M","M","?"],"build_version":"2019-03-15","purchased_purges":0,"victory":false,"max_hp_per_floor":[75,75,75,75,75,75,75,75,75,75,75,75,75,75,75,75,75,75,75,75],"card_choices":[{"not_picked":["Flex","Havoc"],"picked":"Twin Strike","floor":1},{"not_picked":["Warcry","Carnage"],"picked":"Intimidate","floor":3},{"not_picked":["Iron Wave","Clothesline"],"picked":"Shrug It Off","floor":4},{"not_picked":["Cleave","Bloodletting"],"picked":"Inflame","floor":7},{"not_picked":["Immolate","Feel No Pain"],"picked":"Flex","floor":10},{"not_picked":["Cleave","Shrug It Off"],"picked":"Sword Boomerang","floor":11},{"not_picked":["Double Tap","Brutality"],"picked":"Berserk","floor":16},{"not_picked":["Hemokinesis","Blood for Blood","Metallicize"],"picked":"SKIP","floor":18},{"not_picked":["Pummel","Spot Weakness"],"picked":"Flex","floor":19}],"player_experience":2722352,"relics_obtained":[{"floor":7,"key":"Unceasing Top"},{"floor":9,"key":"Old Coin"},{"floor":10,"key":"Bag of Marbles"}],"event_choices":[{"cards_removed":["Strike_R"],"damage_healed":0,"gold_gain":0,"player_choice":"Offered Basic","damage_taken":0,"max_hp_gain":0,"max_hp_loss":0,"event_name":"Bonfire Elementals","floor":2,"gold_loss":0},{"cards_removed":["Defend_R"],"damage_healed":0,"gold_gain":0,"player_choice":"Forget","damage_taken":0,"max_hp_gain":0,"max_hp_loss":0,"event_name":"Living Wall","floor":5,"gold_loss":0},{"cards_removed":["Strike_R"],"damage_healed":0,"gold_gain":0,"player_choice":"Card Removal","damage_taken":0,"max_hp_gain":0,"max_hp_loss":0,"event_name":"The Cleric","floor":13,"gold_loss":75},{"damage_healed":0,"gold_gain":0,"player_choice":"Ignored","damage_taken":0,"max_hp_gain":0,"max_hp_loss":0,"event_name":"Liars Game","floor":14,"gold_loss":0},{"damage_healed":0,"gold_gain":0,"player_choice":"Fought Bandits","damage_taken":0,"max_hp_gain":0,"max_hp_loss":0,"event_name":"Masked Bandits","floor":20,"gold_loss":0}],"is_beta":true,"boss_relics":[{"not_picked":["Calling Bell","Snecko Eye"],"picked":"Runic Cube"}],"items_purged_floors":[],"is_endless":false,"potions_floor_spawned":[4,10,11],"killed_by":"Masked Bandits","ascension_level":17}