{"gold_per_floor":[11,29,29,48,68,68,93,93,142,160,174,184,195,195,195,195],"floor_reached":16,"playtime":695,"items_purged":[],"score":186,"play_id":"be7df52b-1b2a-4eaf-acdc-0596365014ca","local_time":"20190211132615","is_ascension_mode":true,"campfire_choices":[{"data":"Apotheosis","floor":6.0,"key":"SMITH"},{"floor":8.0,"key":"REST"},{"data":"Prepared","floor":15,"key":"SMITH"}],"neow_cost":"NO_GOLD","seed_source_timestamp":2759775108891442,"circlet_count":0,"master_deck":["AscendersBane","Defend_G","Defend_G","Defend_G","Defend_G","Defend_G","Strike_G","Strike_G","Strike_G","Strike_G","Strike_G","Survivor","Neutralize","Mind Blast","Apotheosis+1","All Out Attack","Backflip","Masterful Stab","PiercingWail","Dash","Backflip","Escape Plan","Prepared","Prepared+1"],"special_seed":0,"relics":["Ring of the Snake","Question Card","Anchor"],"potions_floor_usage":[13,16,16],"damage_taken":[{"damage":0.0,"enemies":"Small Slimes","floor":1.0,"turns":4.0},{"damage":1.0,"enemies":"Cultist","floor":2.0,"turns":4.0},{"damage":4.0,"enemies":"Jaw Worm","floor":4.0,"turns":5.0},{"damage":0.0,"enemies":"Large Slime","floor":5.0,"turns":4.0},{"damage":37.0,"enemies":"Gremlin Nob","floor":7.0,"turns":5.0},{"damage":5.0,"enemies":"Exordium Thugs","floor":10.0,"turns":4.0},{"damage":0.0,"enemies":"Lots of Slimes","floor":11.0,"turns":2.0},{"damage":0.0,"enemies":"Blue Slaver","floor":12.0,"turns":2.0},{"damage":0,"enemies":"Exordium Thugs","floor":13,"turns":4},{"damage":32,"enemies":"Hexaghost","floor":16,"turns":14}],"seed_played":"6155606116103787858","potions_obtained":[{"floor":1.0,"key":"GamblersBrew"},{"floor":10.0,"key":"Weak Potion"},{"floor":11.0,"key":"Strength Potion"},{"floor":12.0,"key":"Fire Potion"},{"floor":14,"key":"Fire Potion"}],"is_trial":false,"path_per_floor":["M","M","$","M","M","R","E","R","T","M","M","M","M","?","R","B"],"character_chosen":"THE_SILENT","items_purchased":[],"campfire_rested":1,"item_purchase_floors":[],"current_hp_per_floor":[59,58,58,54,54,54,17,36,36,31,31,31,31,31,31,0],"gold":195,"neow_bonus":"RANDOM_COLORLESS_2","is_prod":false,"is_daily":false,"chose_seed":false,"campfire_upgraded":2,"win_rate":0,"timestamp":1549859175,"path_taken":["M","M","$","M","M","R","E","R","T","M","M","M","M","?","R","BOSS"],"build_version":"2019-01-23","purchased_purges":0,"victory":false,"max_hp_per_floor":[66,66,66,66,66,66,66,66,66,66,66,66,66,66,66,66],"card_choices":[{"not_picked":["Deflect","Dagger Spray"],"picked":"All Out Attack","floor":1.0},{"not_picked":["All Out Attack","Setup"],"picked":"Backflip","floor":2.0},{"not_picked":["Outmaneuver","Leg Sweep"],"picked":"Masterful Stab","floor":4.0},{"not_picked":["Flying Knee","Outmaneuver"],"picked":"PiercingWail","floor":5.0},{"not_picked":["Burst","Heel Hook"],"picked":"Dash","floor":7.0},{"not_picked":["Blade Dance","Flying Knee","Acrobatics"],"picked":"Backflip","floor":10.0},{"not_picked":["Predator","Dodge and Roll","Underhanded Strike"],"picked":"Escape Plan","floor":11.0},{"not_picked":["Poisoned Stab","Accuracy","Skewer"],"picked":"Prepared","floor":12.0},{"not_picked":["Sucker Punch","Acrobatics","Bane"],"picked":"Prepared","floor":13}],"player_experience":604429,"relics_obtained":[{"floor":7.0,"key":"Question Card"},{"floor":9.0,"key":"Anchor"}],"event_choices":[{"damage_healed":0,"gold_gain":0,"player_choice":"Got Potions","damage_taken":0,"max_hp_gain":0,"max_hp_loss":0,"event_name":"Lab","floor":14,"gold_loss":0}],"is_beta":false,"boss_relics":[],"items_purged_floors":[],"is_endless":false,"potions_floor_spawned":[1,10,11,12],"killed_by":"Hexaghost","ascension_level":15}