{"gold_per_floor":[110,110,37,57,232,232,259,259,259,294,294,294,309,321,321,424,474,485,410,8,23,23,23,23,23,46,58,90,102,142,173,185,301,313,325,337,360,205,224,224,19,36,36,36,36,36,36,36,36,36],"floor_reached":51,"playtime":2680,"items_purged":["Strike_G","Strike_G","Strike_G"],"score":1137,"play_id":"a46a3fc4-b8df-4bbd-bcaf-43bc3fa3736d","local_time":"20190116230804","is_ascension_mode":true,"campfire_choices":[{"data":"Footwork","floor":6.0,"key":"SMITH"},{"data":"Setup","floor":8.0,"key":"SMITH"},{"floor":12.0,"key":"REST"},{"data":"Poisoned Stab","floor":15.0,"key":"SMITH"},{"data":"Noxious Fumes","floor":23.0,"key":"SMITH"},{"data":"Deadly Poison","floor":25.0,"key":"SMITH"},{"data":"Dodge and Roll","floor":27.0,"key":"SMITH"},{"floor":29.0,"key":"REST"},{"floor":32.0,"key":"REST"},{"floor":40.0,"key":"REST"},{"floor":44.0,"key":"REST"},{"data":"Footwork","floor":46.0,"key":"SMITH"},{"floor":49,"key":"REST"}],"neow_cost":"NONE","seed_source_timestamp":546239411415943,"circlet_count":0,"master_deck":["AscendersBane","Defend_G","Defend_G","Defend_G","Defend_G","Defend_G","Strike_G","Strike_G+1","Survivor+1","Neutralize+1","Dagger Throw","Footwork+1","Dodge and Roll+1","Setup+1","Poisoned Stab+1","Dodge and Roll","Escape Plan","Crippling Poison","Deadly Poison+1","Noxious Fumes+1","Well Laid Plans","Deflect+1","Noxious Fumes","Deadly Poison+1","Blur","Catalyst+1","Footwork+1","Catalyst+1"],"special_seed":0,"relics":["Ring of the Snake","NeowsBlessing","Pen Nib","Darkstone Periapt","Pantograph","Tiny House","TwistedFunnel","MawBank","Anchor","Sozu","Juzu Bracelet","Pocketwatch"],"potions_floor_usage":[],"damage_taken":[{"damage":0.0,"enemies":"Small Slimes","floor":1.0,"turns":1.0},{"damage":0.0,"enemies":"Jaw Worm","floor":4.0,"turns":1.0},{"damage":0.0,"enemies":"Lagavulin","floor":7.0,"turns":1.0},{"damage":21.0,"enemies":"3 Sentries","floor":10.0,"turns":13.0},{"damage":0.0,"enemies":"Cultist","floor":13.0,"turns":3.0},{"damage":8.0,"enemies":"Blue Slaver","floor":14.0,"turns":5.0},{"damage":24.0,"enemies":"The Guardian","floor":16.0,"turns":19.0},{"damage":21.0,"enemies":"Shell Parasite","floor":18.0,"turns":12.0},{"damage":12.0,"enemies":"2 Thieves","floor":21.0,"turns":4.0},{"damage":22.0,"enemies":"Colosseum Slavers","floor":24.0,"turns":6.0},{"damage":8.0,"enemies":"Centurion and Healer","floor":28.0,"turns":6.0},{"damage":8.0,"enemies":"Gremlin Leader","floor":30.0,"turns":8.0},{"damage":6.0,"enemies":"3 Cultists","floor":31.0,"turns":5.0},{"damage":63.0,"enemies":"Champ","floor":33.0,"turns":14.0},{"damage":0.0,"enemies":"3 Darklings","floor":35.0,"turns":2.0},{"damage":11.0,"enemies":"Orb Walker","floor":37.0,"turns":5.0},{"damage":35.0,"enemies":"Transient","floor":39.0,"turns":5.0},{"damage":17.0,"enemies":"Writhing Mass","floor":42.0,"turns":6.0},{"damage":36,"enemies":"Donu and Deca","floor":50,"turns":9}],"seed_played":"3282293660012440287","potions_obtained":[{"floor":1.0,"key":"Fire Potion"},{"floor":14.0,"key":"Fruit Juice"},{"floor":17.0,"key":"Ancient Potion"},{"floor":18.0,"key":"SmokeBomb"},{"floor":31.0,"key":"SpeedPotion"}],"is_trial":false,"path_per_floor":["M","?","$","M","?","R","E","R","T","E","?","R","M","M","R","B",null,"M","?","$","M","?","R","?","R","T","R","M","R","E","M","R","B",null,"M","?","M","$","M","R","$","M","T","R","$","R","?","?","R","B",null],"character_chosen":"THE_SILENT","items_purchased":["Footwork","TwistedFunnel","Deadly Poison","Noxious Fumes","Blur","Footwork"],"campfire_rested":6,"item_purchase_floors":[3,20,20,20,38,41],"current_hp_per_floor":[63,49,49,49,49,49,49,49,49,28,28,49,49,46,46,47,73,52,52,52,40,66,66,44,44,44,44,36,60,52,46,70,17,64,64,64,53,53,18,42,42,25,25,49,49,49,49,49,73,44],"gold":36,"neow_bonus":"THREE_ENEMY_KILL","is_prod":false,"is_daily":false,"chose_seed":false,"campfire_upgraded":7,"win_rate":0,"timestamp":1547647684,"path_taken":["M","?","$","M","?","R","E","R","T","E","?","R","M","M","R","BOSS","M","?","$","M","?","R","?","R","T","R","M","R","E","?","R","BOSS","M","?","M","$","M","R","$","M","T","R","?","R","?","?","R","BOSS"],"build_version":"2019-01-10","purchased_purges":3,"victory":true,"max_hp_per_floor":[70,70,70,70,70,70,70,70,70,70,70,70,70,75,75,75,80,80,80,80,80,80,80,80,80,80,80,80,80,80,80,80,80,80,80,80,80,80,80,80,80,80,80,80,80,80,80,80,80,80],"card_choices":[{"not_picked":["Riddle With Holes","Acrobatics"],"picked":"Dagger Throw","floor":1.0},{"not_picked":["Deflect","Envenom"],"picked":"Dodge and Roll","floor":4.0},{"not_picked":["Flying Knee","Acrobatics"],"picked":"Setup","floor":7.0},{"not_picked":["Dash","Bane"],"picked":"Poisoned Stab","floor":10.0},{"not_picked":["Poisoned Stab","Sucker Punch"],"picked":"Dodge and Roll","floor":13.0},{"not_picked":["Blade Dance","Prepared"],"picked":"Escape Plan","floor":14.0},{"not_picked":["Caltrops","Finisher"],"picked":"Crippling Poison","floor":18.0},{"not_picked":["Setup","Dagger Spray+1"],"picked":"Well Laid Plans","floor":21.0},{"not_picked":["Crippling Poison","Expertise"],"picked":"Deflect+1","floor":28.0},{"not_picked":["Acrobatics","Outmaneuver+1","Infinite Blades"],"picked":"SKIP","floor":30.0},{"not_picked":["Cloak And Dagger","Bullet Time"],"picked":"Noxious Fumes","floor":31.0},{"not_picked":["Blade Dance","Reflex"],"picked":"Deadly Poison+1","floor":37.0},{"not_picked":["Dagger Throw+1","Sucker Punch"],"picked":"Catalyst+1","floor":39.0},{"not_picked":["Flechettes+1","Dodge and Roll+1","PiercingWail+1"],"picked":"SKIP","floor":42.0}],"player_experience":387304,"relics_obtained":[{"floor":7.0,"key":"Pen Nib"},{"floor":9.0,"key":"Darkstone Periapt"},{"floor":10.0,"key":"Pantograph"},{"floor":26.0,"key":"MawBank"},{"floor":30.0,"key":"Anchor"},{"floor":43.0,"key":"Pocketwatch"}],"event_choices":[{"damage_healed":0.0,"max_hp_gain":0.0,"max_hp_loss":0.0,"gold_gain":0.0,"event_name":"Shining Light","player_choice":"Entered Light","floor":2.0,"gold_loss":0.0,"damage_taken":14.0,"cards_upgraded":["Neutralize","Survivor"]},{"damage_healed":0.0,"max_hp_gain":0.0,"max_hp_loss":0.0,"gold_gain":175.0,"event_name":"Liars Game","player_choice":"AGREE","floor":5.0,"gold_loss":0.0,"damage_taken":0.0,"cards_obtained":["Doubt"]},{"damage_healed":0.0,"max_hp_gain":0.0,"max_hp_loss":0.0,"gold_gain":0.0,"event_name":"Golden Idol","player_choice":"Ignored","floor":11.0,"gold_loss":0.0,"damage_taken":0.0},{"cards_removed":["Doubt"],"damage_healed":0.0,"max_hp_gain":0.0,"max_hp_loss":0.0,"gold_gain":0.0,"event_name":"Beggar","player_choice":"Gave Gold","floor":19.0,"gold_loss":75.0,"damage_taken":0.0},{"damage_healed":26.0,"max_hp_gain":0.0,"max_hp_loss":0.0,"gold_gain":0.0,"event_name":"The Library","player_choice":"Heal","floor":22.0,"gold_loss":0.0,"damage_taken":0.0},{"damage_healed":0.0,"max_hp_gain":0.0,"max_hp_loss":0.0,"gold_gain":0.0,"event_name":"Colosseum","player_choice":"Fight","floor":24.0,"gold_loss":0.0,"damage_taken":0.0},{"damage_healed":0.0,"max_hp_gain":0.0,"max_hp_loss":0.0,"gold_gain":0.0,"event_name":"Colosseum","player_choice":"Fled From Nobs","floor":24.0,"gold_loss":0.0,"damage_taken":0.0},{"damage_healed":0.0,"max_hp_gain":0.0,"max_hp_loss":0.0,"gold_gain":0.0,"event_name":"WeMeetAgain","player_choice":"Gave Potion","floor":36.0,"gold_loss":0.0,"damage_taken":0.0,"relics_obtained":["Juzu Bracelet"]},{"damage_healed":0.0,"max_hp_gain":0.0,"max_hp_loss":0.0,"gold_gain":0.0,"event_name":"Duplicator","player_choice":"Copied","floor":47.0,"gold_loss":0.0,"damage_taken":0.0,"cards_obtained":["Catalyst"]},{"damage_healed":0,"gold_gain":0,"player_choice":"Ignored","damage_taken":0,"max_hp_gain":0,"max_hp_loss":0,"event_name":"Mysterious Sphere","floor":48,"gold_loss":0}],"is_beta":false,"boss_relics":[{"not_picked":["Coffee Dripper","Philosopher\u0027s Stone"],"picked":"Tiny House"},{"not_picked":["Eternal Feather","White Beast Statue"],"picked":"Sozu"}],"items_purged_floors":[20,38,41],"is_endless":false,"potions_floor_spawned":[1,14,18,24,31,37,42],"ascension_level":11}