{"gold_per_floor":[119,41,41,41,6,35,35,64,64,64,80,80,92,17,17,91,91,111,111,124,24,24],"floor_reached":22,"playtime":928,"items_purged":["Strike_B","Strike_B"],"score":480,"play_id":"f680ca6e-195f-4b0e-bd48-1bc074c015eb","local_time":"20190107161941","is_ascension_mode":true,"campfire_choices":[{"data":"Zap","floor":7,"key":"SMITH"},{"data":"Loop","floor":10,"key":"SMITH"},{"data":"Dualcast","floor":12,"key":"SMITH"},{"data":"Static Discharge","floor":15,"key":"SMITH"}],"neow_cost":"NONE","seed_source_timestamp":427178695305429,"circlet_count":0,"master_deck":["AscendersBane","Strike_B","Defend_B","Defend_B","Defend_B","Defend_B","Zap+1","Dualcast+1","Loop+1","Static Discharge+1","Cold Snap","Gash","Gash","Echo Form","Leap","Conserve Battery"],"relics":["Cracked Core","NeowsBlessing","Boot","Mango","Ancient Tea Set","White Beast Statue"],"potions_floor_usage":[16,18,20,20],"damage_taken":[{"damage":0,"enemies":"Small Slimes","floor":1,"turns":1},{"damage":0,"enemies":"Lagavulin","floor":6,"turns":1},{"damage":0,"enemies":"Gremlin Nob","floor":8,"turns":1},{"damage":7,"enemies":"Jaw Worm","floor":11,"turns":3},{"damage":9,"enemies":"2 Louse","floor":13,"turns":2},{"damage":54,"enemies":"Hexaghost","floor":16,"turns":9},{"damage":15,"enemies":"Chosen","floor":18,"turns":4},{"damage":13,"enemies":"3 Byrds","floor":20,"turns":3},{"damage":47,"enemies":"Snake Plant","floor":22,"turns":4}],"seed_played":"-7783673714319010183","potions_obtained":[{"floor":6,"key":"Ancient Potion"},{"floor":8,"key":"Block Potion"},{"floor":13,"key":"Block Potion"},{"floor":18,"key":"Poison Potion"},{"floor":19,"key":"GamblersBrew"},{"floor":19,"key":"SkillPotion"},{"floor":20,"key":"LiquidBronze"}],"is_trial":false,"path_per_floor":["M","$","?","$","?","E","R","E","T","R","M","R","M","$","R","B",null,"M","?","M","$","M"],"character_chosen":"DEFECT","items_purchased":["Static Discharge"],"campfire_rested":0,"item_purchase_floors":[2],"current_hp_per_floor":[64,64,57,57,71,71,71,85,85,85,78,78,69,69,69,15,68,53,53,40,40,0],"gold":24,"neow_bonus":"THREE_ENEMY_KILL","is_prod":false,"is_daily":false,"chose_seed":false,"campfire_upgraded":4,"win_rate":0,"timestamp":1546845581,"path_taken":["M","$","?","$","?","E","R","E","T","R","M","R","M","?","R","BOSS","M","?","M","$","M"],"build_version":"2019-01-03v4","purchased_purges":2,"victory":false,"max_hp_per_floor":[71,71,71,71,71,71,71,85,85,85,85,85,85,85,85,85,85,85,85,85,85,85],"card_choices":[{"not_picked":["Hologram","Redo"],"picked":"Loop","floor":1},{"not_picked":["Reprogram","Streamline"],"picked":"Cold Snap","floor":6},{"not_picked":["Blizzard","Doom and Gloom"],"picked":"Gash","floor":8},{"not_picked":["Streamline","Static Discharge"],"picked":"Gash","floor":11},{"not_picked":["Darkness","Doom and Gloom","Steam"],"picked":"SKIP","floor":13},{"not_picked":["Buffer","Creative AI"],"picked":"Echo Form","floor":16},{"not_picked":["Streamline","Stack"],"picked":"Leap","floor":18},{"not_picked":["Ball Lightning","Fusion"],"picked":"Conserve Battery","floor":20}],"player_experience":2614684,"relics_obtained":[{"floor":6,"key":"Boot"},{"floor":8,"key":"Mango"},{"floor":9,"key":"Ancient Tea Set"}],"event_choices":[{"cards_removed":["Strike_B"],"damage_healed":0,"gold_gain":0,"player_choice":"Card Removal","damage_taken":7,"max_hp_gain":0,"max_hp_loss":0,"event_name":"Golden Wing","floor":3,"gold_loss":0},{"damage_healed":17,"gold_gain":0,"player_choice":"Healed","damage_taken":0,"max_hp_gain":0,"max_hp_loss":0,"event_name":"The Cleric","floor":5,"gold_loss":35},{"damage_healed":0,"gold_gain":0,"player_choice":"Got Potions","damage_taken":0,"max_hp_gain":0,"max_hp_loss":0,"event_name":"Lab","floor":19,"gold_loss":0}],"is_beta":true,"boss_relics":[{"not_picked":["Tiny House","Calling Bell"],"picked":"White Beast Statue"}],"items_purged_floors":[14,21],"is_endless":false,"potions_floor_spawned":[6,8,13,18,20],"killed_by":"Snake Plant","ascension_level":20}