{"gold_per_floor":[118,134,151,168,18,18,47,65,90,118,128,128,143,143,143,216,216,233,247,247,265,277,277,305,321,348,360,360,260,272,20,20,20],"floor_reached":33,"playtime":1383,"items_purged":["Strike_B","Strike_B"],"score":599,"play_id":"c345a5be-bda9-446e-9881-224b4d2a33e2","local_time":"20190221205848","is_ascension_mode":true,"campfire_choices":[{"data":"Electrodynamics","floor":6,"key":"SMITH"},{"data":"Dualcast","floor":12,"key":"SMITH"},{"floor":15,"key":"REST"},{"data":"Hologram","floor":23,"key":"SMITH"},{"floor":32,"key":"REST"}],"neow_cost":"NONE","seed_source_timestamp":475492875857051,"circlet_count":0,"master_deck":["AscendersBane","Strike_B","Strike_B","Defend_B","Defend_B","Defend_B","Defend_B","Zap+1","Dualcast+1","Cold Snap","Electrodynamics+1","Cold Snap","Conserve Battery+1","Self Repair","Melter","Gash","Rebound","All For One","Redo+1","Hologram+1","FTL+1","Chill","Conserve Battery+1","Undo","Glacier"],"relics":["Cracked Core","Letter Opener","Potion Belt","Pen Nib","Nuclear Battery","Orichalcum","Juzu Bracelet","Turnip","DataDisk"],"potions_floor_usage":[18,18,24,24,27,33,33],"damage_taken":[{"damage":0,"enemies":"Small Slimes","floor":1,"turns":3},{"damage":1,"enemies":"Cultist","floor":2,"turns":3},{"damage":2,"enemies":"Jaw Worm","floor":3,"turns":3},{"damage":6,"enemies":"Looter","floor":4,"turns":4},{"damage":16,"enemies":"Lagavulin","floor":7,"turns":7},{"damage":0,"enemies":"3 Louse","floor":8,"turns":2},{"damage":5,"enemies":"3 Sentries","floor":10,"turns":3},{"damage":9,"enemies":"Red Slaver","floor":11,"turns":3},{"damage":0,"enemies":"Large Slime","floor":13,"turns":5},{"damage":0,"enemies":"Slime Boss","floor":16,"turns":8},{"damage":0,"enemies":"2 Thieves","floor":18,"turns":3},{"damage":6,"enemies":"Shell Parasite","floor":19,"turns":4},{"damage":0,"enemies":"Cultist and Chosen","floor":21,"turns":4},{"damage":9,"enemies":"Snake Plant","floor":22,"turns":3},{"damage":17,"enemies":"Gremlin Leader","floor":24,"turns":4},{"damage":8,"enemies":"Snecko","floor":25,"turns":4},{"damage":24,"enemies":"Shelled Parasite and Fungi","floor":27,"turns":4},{"damage":18,"enemies":"Cultist and Chosen","floor":30,"turns":5},{"damage":55,"enemies":"Collector","floor":33,"turns":7}],"seed_played":"3107129805056249744","potions_obtained":[{"floor":2,"key":"SneckoOil"},{"floor":3,"key":"Strength Potion"},{"floor":4,"key":"SkillPotion"},{"floor":11,"key":"SteroidPotion"},{"floor":16,"key":"FearPotion"},{"floor":19,"key":"Ancient Potion"},{"floor":21,"key":"Energy Potion"},{"floor":25,"key":"Regen Potion"}],"is_trial":false,"path_per_floor":["M","M","M","M","$","R","E","M","T","E","M","R","M","?","R","B",null,"M","M","?","M","M","R","E","M","T","M","?","$","M","$","R","B"],"character_chosen":"DEFECT","items_purchased":["Self Repair","DataDisk","Glacier"],"campfire_rested":2,"item_purchase_floors":[5,31,31],"current_hp_per_floor":[64,63,61,55,55,55,46,46,46,48,46,46,46,46,67,67,70,71,71,71,71,62,62,52,51,51,39,39,39,28,28,49,0],"gold":20,"neow_bonus":"UPGRADE_CARD","is_prod":false,"is_daily":false,"chose_seed":false,"campfire_upgraded":3,"win_rate":0,"timestamp":1550750328,"path_taken":["M","M","M","M","$","R","E","M","T","E","M","R","M","?","R","BOSS","M","M","?","?","?","R","E","M","T","M","?","$","M","$","R","BOSS"],"build_version":"2019-01-23","purchased_purges":2,"victory":false,"max_hp_per_floor":[71,71,71,71,71,71,71,71,71,71,71,71,71,71,71,71,71,71,71,71,71,71,71,71,71,71,71,71,71,71,71,71,71],"card_choices":[{"not_picked":["Compile Driver","Go for the Eyes"],"picked":"Cold Snap","floor":1},{"not_picked":["Stack","Double Energy"],"picked":"Electrodynamics","floor":2},{"not_picked":["Fusion","Steam Power"],"picked":"Cold Snap","floor":3},{"not_picked":["Undo","Barrage"],"picked":"Conserve Battery","floor":4},{"not_picked":["Skim","Storm"],"picked":"Melter","floor":7},{"not_picked":["Fusion","Blizzard"],"picked":"Gash","floor":8},{"not_picked":["Turbo","Go for the Eyes","Reinforced Body"],"picked":"SKIP","floor":10},{"not_picked":["Compile Driver","Beam Cell"],"picked":"Rebound","floor":11},{"not_picked":["Steam","Doom and Gloom","Reinforced Body"],"picked":"SKIP","floor":13},{"not_picked":["Reboot","Meteor Strike"],"picked":"All For One","floor":16},{"not_picked":["Streamline","Loop"],"picked":"Redo+1","floor":18},{"not_picked":["BootSequence","Beam Cell"],"picked":"Hologram","floor":19},{"not_picked":["Redo","Tempest"],"picked":"FTL+1","floor":21},{"not_picked":["Storm","Go for the Eyes"],"picked":"Chill","floor":22},{"not_picked":["Aggregate","Reprogram","Heatsinks"],"picked":"SKIP","floor":24},{"not_picked":["Compile Driver","Auto Shields"],"picked":"Conserve Battery+1","floor":25},{"not_picked":["Rip and Tear","Gash","Cold Snap"],"picked":"SKIP","floor":27},{"not_picked":["Steam","Ball Lightning"],"picked":"Undo","floor":30}],"player_experience":668117,"relics_obtained":[{"floor":7,"key":"Letter Opener"},{"floor":9,"key":"Potion Belt"},{"floor":10,"key":"Pen Nib"},{"floor":24,"key":"Orichalcum"},{"floor":26,"key":"Juzu Bracelet"},{"floor":28,"key":"Turnip"}],"event_choices":[{"damage_healed":0,"gold_gain":0,"player_choice":"Forge","damage_taken":0,"max_hp_gain":0,"max_hp_loss":0,"event_name":"Accursed Blacksmith","floor":14,"gold_loss":0,"cards_upgraded":["Conserve Battery"]},{"damage_healed":0,"gold_gain":0,"player_choice":"0 cards matched","damage_taken":0,"max_hp_gain":0,"max_hp_loss":0,"event_name":"Match and Keep!","floor":20,"gold_loss":0,"cards_obtained":[]},{"damage_healed":0,"gold_gain":0,"player_choice":"Relic","damage_taken":0,"max_hp_gain":0,"max_hp_loss":0,"event_name":"Wheel of Change","floor":28,"gold_loss":0}],"is_beta":false,"boss_relics":[{"not_picked":["FrozenCore","Runic Pyramid"],"picked":"Nuclear Battery"}],"items_purged_floors":[5,29],"is_endless":false,"potions_floor_spawned":[2,3,4,11,16,19,21,25],"killed_by":"Collector","ascension_level":16}