{"gold_per_floor":[114,114,129,144,144,174,174,189,189,81,81,111,126,141,141,241,241,256,271,2,17,17,17,17],"floor_reached":24,"playtime":1240,"items_purged":[],"score":248,"play_id":"c2f9bb7e-a94b-4686-b00a-4f813aabf40c","local_time":"20190531202655","daily_mods":["Specialized","Blue Cards","Binary"],"is_ascension_mode":false,"campfire_choices":[{"floor":7,"key":"REST"},{"floor":11,"key":"REST"},{"floor":15,"key":"REST"},{"floor":23,"key":"REST"}],"neow_cost":"","seed_source_timestamp":0,"circlet_count":0,"master_deck":["Defend_G","Defend_G","Defend_G","Defend_G+1","Defend_G","Strike_G","Strike_G","Strike_G","Strike_G","Strike_G","Survivor","Neutralize","Redo","Redo","Redo","Redo","Ball Lightning+1","Dagger Spray","Ball Lightning","Rebound","Deflect","Loop","Distraction","Gash","Outmaneuver","Electrodynamics","Double Energy","Turbo","Flying Knee","Setup","Scrape","Skewer+1","FTL","Magnetism","Storm","Dagger Spray+1","Static Discharge"],"special_seed":18048,"relics":["Ring of the Snake","Anchor","Mercury Hourglass","Tiny Chest","Orrery"],"potions_floor_usage":[16,16,16],"damage_taken":[{"damage":14,"enemies":"Small Slimes","floor":1,"turns":7},{"damage":2,"enemies":"Cultist","floor":3,"turns":4},{"damage":1,"enemies":"Jaw Worm","floor":4,"turns":3},{"damage":26,"enemies":"3 Sentries","floor":6,"turns":7},{"damage":6,"enemies":"Exordium Wildlife","floor":8,"turns":4},{"damage":0,"enemies":"Exordium Thugs","floor":13,"turns":2},{"damage":0,"enemies":"2 Fungi Beasts","floor":14,"turns":2},{"damage":6,"enemies":"Hexaghost","floor":16,"turns":9},{"damage":0,"enemies":"Chosen","floor":18,"turns":3},{"damage":16,"enemies":"2 Thieves","floor":19,"turns":3},{"damage":18,"enemies":"Cultist and Chosen","floor":21,"turns":5},{"damage":65,"enemies":"Gremlin Leader","floor":24,"turns":5}],"seed_played":"2544151343285503633","potions_obtained":[{"floor":4,"key":"Ancient Potion"},{"floor":8,"key":"EssenceOfSteel"},{"floor":14,"key":"AttackPotion"},{"floor":21,"key":"Energy Potion"}],"is_trial":false,"path_per_floor":["M","?","M","M","?","E","R","M","T","$","R","T","M","M","R","B",null,"M","M","$","M","?","R","E"],"character_chosen":"THE_SILENT","items_purchased":["Loop","Distraction","Magnetism","Storm"],"campfire_rested":4,"item_purchase_floors":[10,10,20,20],"current_hp_per_floor":[56,61,59,58,44,18,39,33,33,33,54,54,54,54,70,64,70,70,54,54,36,36,57,0],"gold":17,"neow_bonus":"","is_prod":false,"is_daily":true,"chose_seed":false,"campfire_upgraded":0,"win_rate":0,"timestamp":1559348815,"path_taken":["M","?","?","M","?","E","R","M","T","$","R","?","M","?","R","BOSS","M","M","$","M","?","R","E"],"build_version":"2019-01-23","purchased_purges":0,"victory":false,"max_hp_per_floor":[70,70,70,70,70,70,70,70,70,70,70,70,70,70,70,70,70,70,70,70,70,70,70,70],"card_choices":[{"not_picked":["Noxious Fumes"],"picked":"Ball Lightning","floor":1},{"not_picked":["Loop"],"picked":"Dagger Spray","floor":3},{"not_picked":["Heel Hook"],"picked":"Ball Lightning","floor":4},{"not_picked":["Tactician"],"picked":"Rebound","floor":6},{"not_picked":["Beam Cell"],"picked":"Deflect","floor":8},{"not_picked":["Prepared"],"picked":"Gash","floor":13},{"not_picked":["Deadly Poison"],"picked":"Outmaneuver","floor":14},{"not_picked":["All For One"],"picked":"Electrodynamics","floor":16},{"not_picked":["Dodge and Roll"],"picked":"Double Energy","floor":17},{"not_picked":["Gash"],"picked":"Turbo","floor":17},{"not_picked":["Deadly Poison"],"picked":"Flying Knee","floor":17},{"not_picked":["Accuracy"],"picked":"Setup","floor":17},{"not_picked":["Malaise"],"picked":"Scrape","floor":17},{"not_picked":["Rebound+1"],"picked":"Skewer+1","floor":18},{"not_picked":["Dagger Spray"],"picked":"FTL","floor":19},{"not_picked":["Sucker Punch"],"picked":"Dagger Spray+1","floor":21}],"player_experience":724318,"relics_obtained":[{"floor":6,"key":"Anchor"},{"floor":9,"key":"Mercury Hourglass"},{"floor":12,"key":"Tiny Chest"}],"event_choices":[{"cards_removed":["Redo"],"damage_healed":5,"gold_gain":0,"player_choice":"Offered Common","damage_taken":0,"max_hp_gain":0,"max_hp_loss":0,"event_name":"Bonfire Elementals","floor":2,"gold_loss":0},{"cards_removed":["Redo"],"damage_healed":5,"gold_gain":0,"player_choice":"Offered Special","damage_taken":0,"max_hp_gain":0,"max_hp_loss":0,"event_name":"Bonfire Elementals","floor":2,"gold_loss":0},{"damage_healed":0,"gold_gain":0,"player_choice":"Entered Light","damage_taken":14,"max_hp_gain":0,"max_hp_loss":0,"event_name":"Shining Light","floor":5,"gold_loss":0,"cards_upgraded":["Defend_G","Ball Lightning"]},{"damage_healed":0,"gold_gain":0,"player_choice":"Read","damage_taken":0,"max_hp_gain":0,"max_hp_loss":0,"event_name":"The Library","floor":22,"gold_loss":0,"cards_obtained":["Static Discharge"]}],"is_beta":false,"boss_relics":[{"not_picked":["Eternal Feather","Empty Cage"],"picked":"Orrery"}],"items_purged_floors":[],"is_endless":false,"potions_floor_spawned":[4,8,14,21],"killed_by":"Gremlin Leader","ascension_level":0}