{"gold_per_floor":[114,114,130,149,149,149,187,205,205,229,253,269,12,35,35,158,158,181,181,181,0,0,36,57,57,84,84,109,122,3,18,18,141,141,157,157,173,192,8,51,119,119,119,137,137,161,204,228,228,228],"floor_reached":50,"playtime":3072,"items_purged":[],"score":627,"play_id":"d6410f2b-7c52-44f1-b7e4-81eac1d522ab","local_time":"20180709020517","is_ascension_mode":true,"campfire_choices":[{"data":"Zap","floor":6,"key":"SMITH"},{"floor":15,"key":"REST"},{"floor":25,"key":"REST"},{"data":"Apotheosis","floor":27,"key":"SMITH"},{"data":"Scrape","floor":32,"key":"SMITH"},{"floor":42,"key":"REST"},{"floor":49,"key":"REST"}],"neow_cost":"CURSE","seed_source_timestamp":31738516770057,"circlet_count":0,"master_deck":["Defend_B","Defend_B","Defend_B","Defend_B","Zap+1","Dualcast","Injury","Electrodynamics","Storm+1","Turbo","Auto Shields","Injury","BootSequence","Sweeping Beam","Reprogram","Sunder","Apotheosis+1","Defragment","Stack","Echo Form","Loop","Melter","FTL","Defragment","Bite","Bite","Bite","Bite","Bite","Self Repair","Go for the Eyes","Force Field","Loop","Barrage","Scrape+1","Coolheaded","Writhe","Hello World","Rip and Tear","Chaos","Leap","Cold Snap+1","Ball Lightning+1","Hello World","Gash+1","Thunder Strike"],"relics":["Cracked Core","Golden Idol","Bag of Preparation","Singing Bowl","Busted Crown","Nloth\u0027s Gift","Symbiotic Virus","Orichalcum","Runic Pyramid","Dream Catcher","Thread and Needle","Ice Cream","Centennial Puzzle"],"potions_floor_usage":[7,8,14,16,16,23,23,29,40,44,47,50],"damage_taken":[{"damage":6,"enemies":"Cultist","floor":1,"turns":3},{"damage":6,"enemies":"Jaw Worm","floor":3,"turns":3},{"damage":0,"enemies":"2 Louse","floor":4,"turns":3},{"damage":20,"enemies":"Lagavulin","floor":7,"turns":6},{"damage":6,"enemies":"Gremlin Gang","floor":8,"turns":2},{"damage":0,"enemies":"Exordium Thugs","floor":10,"turns":3},{"damage":2,"enemies":"3 Louse","floor":12,"turns":3},{"damage":17,"enemies":"Exordium Wildlife","floor":14,"turns":4},{"damage":17,"enemies":"Slime Boss","floor":16,"turns":7},{"damage":15,"enemies":"Spheric Guardian","floor":18,"turns":4},{"damage":12,"enemies":"Book of Stabbing","floor":23,"turns":3},{"damage":7,"enemies":"Shell Parasite","floor":24,"turns":3},{"damage":0,"enemies":"Cultist and Chosen","floor":28,"turns":4},{"damage":16,"enemies":"Snecko","floor":29,"turns":4},{"damage":6,"enemies":"Centurion and Healer","floor":31,"turns":4},{"damage":49,"enemies":"Champ","floor":33,"turns":9},{"damage":31,"enemies":"3 Darklings","floor":35,"turns":5},{"damage":9,"enemies":"3 Shapes","floor":37,"turns":3},{"damage":6,"enemies":"Sphere and 2 Shapes","floor":38,"turns":3},{"damage":13,"enemies":"Nemesis","floor":40,"turns":7},{"damage":23,"floor":41,"turns":5},{"damage":10,"enemies":"4 Shapes","floor":44,"turns":3},{"damage":16,"enemies":"Maw","floor":46,"turns":5},{"damage":23,"enemies":"2 Orb Walkers","floor":47,"turns":5},{"damage":26,"enemies":"3 Darklings","floor":48,"turns":3},{"damage":65,"enemies":"Donu and Deca","floor":50,"turns":5}],"seed_played":"8634962239909011684","potions_obtained":[{"floor":4,"key":"Poison Potion"},{"floor":7,"key":"FocusPotion"},{"floor":8,"key":"LiquidBronze"},{"floor":10,"key":"Ancient Potion"},{"floor":14,"key":"Swift Potion"},{"floor":16,"key":"Swift Potion"},{"floor":18,"key":"FocusPotion"},{"floor":28,"key":"Swift Potion"},{"floor":33,"key":"Weak Potion"},{"floor":41,"key":"Energy Potion"},{"floor":46,"key":"Ancient Potion"},{"floor":47,"key":"AttackPotion"}],"is_trial":false,"path_per_floor":["M","?","M","M","?","R","E","M","T","M","T","M","$","M","R","B",null,"M","?","?","$","?","E","M","R","T","R","M","M","$","M","R","B",null,"M","?","M","M","$","E","?","R","T","M","?","M","E","M","R"],"character_chosen":"DEFECT","items_purchased":["Apotheosis","Defragment","Melter","FTL","Defragment","Loop","Barrage","Hello World","Rip and Tear","Chaos"],"campfire_rested":4,"item_purchase_floors":[13,13,21,21,21,30,30,39,39,39],"current_hp_per_floor":[69,69,63,63,63,63,43,37,37,37,37,35,35,18,40,23,75,62,62,62,62,53,44,39,53,53,53,53,55,55,55,55,24,57,41,55,50,50,50,53,41,59,59,52,52,57,47,32,53,0],"gold":228,"neow_bonus":"THREE_RARE_CARDS","is_prod":false,"is_daily":false,"chose_seed":false,"campfire_upgraded":3,"win_rate":0.0,"timestamp":1531116317,"path_taken":["M","?","M","?","?","R","E","M","T","?","?","?","?","M","R","BOSS","M","?","?","$","?","E","?","R","T","R","M","?","$","M","R","BOSS","M","?","?","?","$","E","?","R","T","M","?","?","E","M","R","BOSS"],"build_version":"2018-07-05","purchased_purges":0,"victory":false,"max_hp_per_floor":[75,75,75,75,75,75,75,75,75,75,75,75,75,75,75,75,75,77,77,77,77,53,53,53,53,53,53,53,55,55,55,55,57,57,57,57,59,61,61,61,63,63,63,63,63,63,63,65,67,67],"card_choices":[{"not_picked":["Thunder Strike","Core Surge"],"picked":"Electrodynamics","floor":0},{"not_picked":["Blizzard","Beam Cell"],"picked":"Storm","floor":1},{"not_picked":["BootSequence","Hologram"],"picked":"Turbo","floor":3},{"not_picked":["Darkness","Rebound"],"picked":"Auto Shields","floor":4},{"not_picked":["Blizzard","Compile Driver"],"picked":"BootSequence","floor":7},{"not_picked":["Seek","Go for the Eyes"],"picked":"Sweeping Beam","floor":8},{"not_picked":["Barrage","Ball Lightning"],"picked":"Reprogram","floor":10},{"not_picked":["Auto Shields","Force Field"],"picked":"Sunder","floor":12},{"not_picked":["Electrodynamics","Rebound"],"picked":"Stack","floor":14},{"not_picked":["Biased Cognition","Meteor Strike"],"picked":"Echo Form","floor":16},{"not_picked":["Reprogram"],"picked":"Singing Bowl","floor":18},{"not_picked":[],"picked":"Self Repair","floor":23},{"not_picked":[],"picked":"Go for the Eyes","floor":24},{"not_picked":[],"picked":"Force Field","floor":28},{"not_picked":["Go for the Eyes"],"picked":"Singing Bowl","floor":29},{"not_picked":[],"picked":"Scrape","floor":31},{"not_picked":["Multi-Cast"],"picked":"Singing Bowl","floor":33},{"not_picked":[],"picked":"Coolheaded","floor":35},{"not_picked":["Force Field+1"],"picked":"Singing Bowl","floor":37},{"not_picked":["Go for the Eyes+1"],"picked":"Singing Bowl","floor":38},{"not_picked":[],"picked":"Leap","floor":40},{"not_picked":["Steam+1"],"picked":"Singing Bowl","floor":41},{"not_picked":[],"picked":"Cold Snap+1","floor":42},{"not_picked":[],"picked":"Ball Lightning+1","floor":44},{"not_picked":[],"picked":"Gash+1","floor":46},{"not_picked":[],"picked":"Thunder Strike","floor":47},{"not_picked":["Stack"],"picked":"Singing Bowl","floor":48},{"not_picked":["Cold Snap+1"],"picked":"Singing Bowl","floor":49}],"player_experience":260638,"relics_obtained":[{"floor":7,"key":"Bag of Preparation"},{"floor":9,"key":"Whetstone"},{"floor":11,"key":"Singing Bowl"},{"floor":23,"key":"Symbiotic Virus"},{"floor":26,"key":"Orichalcum"},{"floor":40,"key":"Dream Catcher"},{"floor":41,"key":"Thread and Needle"},{"floor":43,"key":"Ice Cream"},{"floor":47,"key":"Centennial Puzzle"}],"event_choices":[{"event_name":"Living Wall","player_choice":"Grow","floor":2,"damage_taken":0},{"event_name":"Golden Idol","player_choice":"Take Wound","floor":5,"damage_taken":0},{"event_name":"The Library","player_choice":"Read","floor":19,"damage_taken":0},{"event_name":"N\u0027loth","player_choice":"Traded a Whetstone","floor":20,"damage_taken":0},{"event_name":"Vampires","player_choice":"Became a vampire","floor":22,"damage_taken":0},{"event_name":"Winding Halls","player_choice":"Writhe","floor":36,"damage_taken":0},{"event_name":"Mysterious Sphere","player_choice":"Fight","floor":41,"damage_taken":0},{"event_name":"Duplicator","player_choice":"One dupe","floor":45,"damage_taken":0}],"boss_relics":[{"not_picked":["Fusion Hammer","Runic Dome"],"picked":"Busted Crown"},{"not_picked":["Velvet Choker","Cursed Key"],"picked":"Runic Pyramid"}],"items_purged_floors":[],"is_endless":false,"potions_floor_spawned":[4,7,8,10,14,16,18,28,33,41,46,47],"killed_by":"Donu and Deca","ascension_level":1}