{"gold_per_floor":[12,29,29,29,29,61,61,89,89,89,109,128,145,170,170,249,249,209,209,209,209,209,209,36,36,36,36,36,36,36,36,36,36],"floor_reached":33,"playtime":1042,"items_purged":[],"score":599,"play_id":"efe50889-45fe-4e10-ae86-81920b4bf443","local_time":"20190916170737","is_ascension_mode":true,"campfire_choices":[{"data":"Bash","floor":7,"key":"SMITH"},{"floor":10,"key":"REST"},{"data":"Immolate","floor":15,"key":"SMITH"},{"data":"Barricade","floor":23,"key":"SMITH"},{"data":"Corruption","floor":29,"key":"SMITH"},{"data":"Feel No Pain","floor":32,"key":"SMITH"}],"neow_cost":"NO_GOLD","seed_source_timestamp":377746658465200,"circlet_count":0,"master_deck":["AscendersBane","Defend_R","Defend_R","Defend_R+1","Defend_R","Bash+1","Bludgeon+1","Shrug It Off","Feel No Pain+1","Metallicize","Corruption+1","Reckless Charge","Immolate+1","Barricade+1","Disarm+1","Bite","Bite","Bite","Bite","Bite","Power Through+1","Reckless Charge","Body Slam","Armaments+1","Power Through"],"relics":["Burning Blood","Sundial","Omamori","Centennial Puzzle","PreservedInsect","Ectoplasm","Bag of Marbles","Happy Flower","Ginger","War Paint","GremlinMask"],"potions_floor_usage":[16,16,18,21,31,33],"damage_taken":[{"damage":2,"enemies":"Jaw Worm","floor":1,"turns":3},{"damage":3,"enemies":"2 Louse","floor":2,"turns":3},{"damage":22,"enemies":"Lagavulin","floor":6,"turns":5},{"damage":38,"enemies":"3 Sentries","floor":8,"turns":8},{"damage":2,"enemies":"Small Slimes","floor":11,"turns":2},{"damage":6,"enemies":"Looter","floor":12,"turns":2},{"damage":0,"enemies":"2 Fungi Beasts","floor":13,"turns":4},{"damage":11,"enemies":"Lagavulin","floor":14,"turns":6},{"damage":45,"enemies":"Hexaghost","floor":16,"turns":10},{"damage":3,"enemies":"2 Thieves","floor":18,"turns":3},{"damage":8,"enemies":"Spheric Guardian","floor":21,"turns":5},{"damage":14,"enemies":"Snake Plant","floor":22,"turns":2},{"damage":29,"enemies":"Slavers","floor":25,"turns":5},{"damage":8,"enemies":"Sentry and Sphere","floor":27,"turns":7},{"damage":17,"enemies":"Centurion and Healer","floor":30,"turns":9},{"damage":19,"enemies":"Snake Plant","floor":31,"turns":2},{"damage":108,"enemies":"Automaton","floor":33,"turns":12}],"seed_played":"6529695099392483957","potions_obtained":[{"floor":2,"key":"Poison Potion"},{"floor":6,"key":"GamblersBrew"},{"floor":14,"key":"PowerPotion"},{"floor":16,"key":"Swift Potion"},{"floor":18,"key":"Block Potion"},{"floor":27,"key":"Ancient Potion"},{"floor":30,"key":"Block Potion"},{"floor":31,"key":"Fire Potion"}],"is_trial":false,"path_per_floor":["M","M","?","?","?","E","R","E","T","R","M","M","M","E","R","B",null,"M","?","?","M","M","R","$","E","T","M","?","R","M","M","R","B"],"character_chosen":"IRONCLAD","items_purchased":["Happy Flower"],"campfire_rested":1,"item_purchase_floors":[24],"current_hp_per_floor":[72,75,75,80,80,64,64,32,32,56,60,60,66,61,61,22,66,69,69,56,56,48,48,48,33,33,45,45,45,56,43,43,0],"gold":36,"neow_bonus":"THREE_RARE_CARDS","is_prod":false,"is_daily":false,"chose_seed":false,"campfire_upgraded":5,"win_rate":0,"timestamp":1568678857,"path_taken":["M","M","?","?","?","E","R","E","T","R","M","M","M","E","R","BOSS","M","?","?","M","M","R","$","E","T","M","?","R","?","M","R","BOSS"],"build_version":"2019-07-17","purchased_purges":0,"victory":false,"max_hp_per_floor":[75,75,75,80,80,80,80,80,80,80,80,80,80,80,80,80,80,80,80,56,56,56,56,56,56,56,56,56,56,56,56,56,56],"card_choices":[{"not_picked":["Offering","Exhume"],"picked":"Bludgeon","floor":0},{"not_picked":["Pommel Strike","Fire Breathing","Sentinel"],"picked":"SKIP","floor":1},{"not_picked":["Flex","Twin Strike"],"picked":"Shrug It Off","floor":2},{"not_picked":["Pommel Strike","Perfected Strike","Intimidate"],"picked":"SKIP","floor":6},{"not_picked":["Flex","Sword Boomerang"],"picked":"Feel No Pain","floor":8},{"not_picked":["Iron Wave","Bloodletting"],"picked":"Metallicize","floor":11},{"not_picked":["Evolve","Headbutt"],"picked":"Corruption","floor":12},{"not_picked":["Corruption","Clothesline"],"picked":"Reckless Charge","floor":13},{"not_picked":["Battle Trance","Perfected Strike"],"picked":"Immolate","floor":14},{"not_picked":["Offering","Demon Form"],"picked":"Barricade","floor":16},{"not_picked":["Metallicize","Twin Strike"],"picked":"Disarm","floor":18},{"not_picked":["Flex","Intimidate","Sword Boomerang"],"picked":"SKIP","floor":21},{"not_picked":["Anger","Thunderclap"],"picked":"Power Through+1","floor":22},{"not_picked":["Brutality","Clash"],"picked":"Reckless Charge","floor":25},{"not_picked":["Havoc","True Grit"],"picked":"Body Slam","floor":27},{"not_picked":["Wild Strike","Flex"],"picked":"Armaments+1","floor":30},{"not_picked":["Infernal Blade","Feed"],"picked":"Power Through","floor":31}],"player_experience":787902,"relics_obtained":[{"floor":6,"key":"Sundial"},{"floor":8,"key":"Omamori"},{"floor":9,"key":"Centennial Puzzle"},{"floor":14,"key":"PreservedInsect"},{"floor":25,"key":"Ginger"},{"floor":26,"key":"War Paint"}],"event_choices":[{"damage_healed":0,"gold_gain":0,"player_choice":"Grow","damage_taken":0,"max_hp_gain":0,"max_hp_loss":0,"event_name":"Living Wall","floor":3,"gold_loss":0,"cards_upgraded":["Bludgeon"]},{"damage_healed":0,"gold_gain":0,"player_choice":"Donut","damage_taken":0,"max_hp_gain":5,"max_hp_loss":0,"event_name":"Big Fish","floor":4,"gold_loss":0},{"damage_healed":0,"gold_gain":0,"player_choice":"Ignored","damage_taken":0,"max_hp_gain":0,"max_hp_loss":0,"event_name":"Liars Game","floor":5,"gold_loss":0},{"damage_healed":0,"gold_gain":0,"player_choice":"Stole Relic","damage_taken":0,"relics_obtained":["Bag of Marbles"],"max_hp_gain":0,"max_hp_loss":0,"event_name":"Addict","floor":19,"gold_loss":0,"cards_obtained":["Shame"]},{"damage_healed":0,"gold_gain":0,"player_choice":"Became a vampire","damage_taken":0,"max_hp_gain":0,"max_hp_loss":24,"event_name":"Vampires","floor":20,"gold_loss":0,"cards_obtained":["Bite","Bite","Bite","Bite","Bite"]},{"damage_healed":0,"gold_gain":0,"player_choice":"Trade","damage_taken":0,"relics_obtained":["GremlinMask"],"max_hp_gain":0,"max_hp_loss":0,"event_name":"FaceTrader","floor":28,"gold_loss":0}],"is_beta":false,"boss_relics":[{"not_picked":["Astrolabe","Empty Cage"],"picked":"Ectoplasm"}],"items_purged_floors":[],"is_endless":false,"potions_floor_spawned":[2,6,13,14,16,18,27,30,31],"killed_by":"Automaton","ascension_level":20}