{"gold_per_floor":[117,133,148,148,148,148,178,178,203,264,280,295,315,330,330,404,404,418,430,72,72,72,72,89,89,113,133,133,162,162,180,180,257,257,272,372,387,236,236,236,271,271,350,376,26,45,69,80,80,80,80],"floor_reached":51,"playtime":2273,"items_purged":["Strike_R","Strike_R"],"score":1374,"play_id":"fa877e35-2d57-48a9-b9c5-607753c3c0d0","local_time":"20190917081024","is_ascension_mode":true,"campfire_choices":[{"data":"Rampage","floor":6.0,"key":"SMITH"},{"data":"Bludgeon","floor":8.0,"key":"SMITH"},{"data":"Rampage","floor":15.0,"key":"SMITH"},{"floor":23.0,"key":"RECALL"},{"floor":25.0,"key":"REST"},{"floor":28.0,"key":"REST"},{"floor":30.0,"key":"REST"},{"floor":32.0,"key":"REST"},{"floor":40,"key":"REST"},{"floor":42,"key":"REST"},{"floor":49,"key":"REST"}],"neow_cost":"NONE","seed_source_timestamp":0,"circlet_count":0,"master_deck":["AscendersBane","Strike_R","Strike_R","Strike_R","Defend_R","Defend_R","Defend_R","Defend_R","Bash","Flame Barrier","Rampage+1","Rampage+1","Bludgeon+1","Double Tap","Shrug It Off","Metallicize","Feel No Pain","Anger","Barricade","Power Through","Ghostly Armor","Mayhem","Impervious","Seeing Red","Clothesline+1","Juggernaut","Flame Barrier+1","Body Slam","Fiend Fire","Evolve","Shrug It Off"],"special_seed":0,"relics":["Burning Blood","Happy Flower","Mercury Hourglass","Art of War","Tiny Chest","Fusion Hammer","Centennial Puzzle","Anchor","Sozu","Champion Belt","Ginger","Meat on the Bone","MawBank","Medical Kit","Ancient Tea Set"],"potions_floor_usage":[44],"damage_taken":[{"damage":0.0,"enemies":"2 Louse","floor":1.0,"turns":3.0},{"damage":0.0,"enemies":"Small Slimes","floor":2.0,"turns":4.0},{"damage":2.0,"enemies":"Jaw Worm","floor":3.0,"turns":4.0},{"damage":15.0,"enemies":"3 Sentries","floor":7.0,"turns":7.0},{"damage":8.0,"enemies":"Gremlin Nob","floor":10.0,"turns":3.0},{"damage":6.0,"enemies":"Blue Slaver","floor":11.0,"turns":4.0},{"damage":9.0,"enemies":"2 Fungi Beasts","floor":12.0,"turns":3.0},{"damage":19.0,"enemies":"Exordium Thugs","floor":13.0,"turns":4.0},{"damage":5.0,"enemies":"Blue Slaver","floor":14.0,"turns":4.0},{"damage":23.0,"enemies":"Hexaghost","floor":16.0,"turns":7.0},{"damage":0.0,"enemies":"Spheric Guardian","floor":18.0,"turns":4.0},{"damage":3.0,"enemies":"2 Thieves","floor":19.0,"turns":4.0},{"damage":27.0,"enemies":"Shelled Parasite and Fungi","floor":24.0,"turns":8.0},{"damage":19.0,"enemies":"3 Cultists","floor":27.0,"turns":5.0},{"damage":59.0,"enemies":"Slavers","floor":29.0,"turns":10.0},{"damage":0.0,"enemies":"Chosen and Byrds","floor":31.0,"turns":3.0},{"damage":2.0,"enemies":"Champ","floor":33.0,"turns":18.0},{"damage":0,"enemies":"3 Shapes","floor":35,"turns":8},{"damage":34,"enemies":"Mind Bloom Boss Battle","floor":36,"turns":8},{"damage":1,"enemies":"Orb Walker","floor":37,"turns":4},{"damage":30,"enemies":"Nemesis","floor":41,"turns":7},{"damage":65,"enemies":"Giant Head","floor":44,"turns":10},{"damage":8,"enemies":"3 Darklings","floor":46,"turns":9},{"damage":6,"enemies":"Writhing Mass","floor":48,"turns":8},{"damage":29,"enemies":"Time Eater","floor":50,"turns":12},{"damage":49,"enemies":"Awakened One","floor":51,"turns":4}],"seed_played":"4533908298078282013","potions_obtained":[{"floor":2.0,"key":"Fire Potion"},{"floor":3.0,"key":"AttackPotion"},{"floor":7.0,"key":"GamblersBrew"},{"floor":11.0,"key":"SkillPotion"},{"floor":12.0,"key":"AttackPotion"},{"floor":16.0,"key":"Strength Potion"},{"floor":19.0,"key":"SpeedPotion"},{"floor":31.0,"key":"PowerPotion"}],"is_trial":false,"path_per_floor":["M","M","M","?","?","R","E","R","T","E","M","M","M","M","R","B",null,"M","M","$","?","?","R","M","R","T","M","R","E","R","M","R","B",null,"M","?","M","$","?","R","E","R","T","E","$","M","T","M","R","B","B"],"character_chosen":"IRONCLAD","items_purchased":["Ghostly Armor","Mayhem","Body Slam","Medical Kit","Evolve","Shrug It Off"],"campfire_rested":7,"item_purchase_floors":[20,20,38,45,45,45],"current_hp_per_floor":[74,75,75,80,75,75,66,66,66,64,64,61,48,49,49,32,68,74,77,77,77,77,77,56,80,80,67,80,27,51,57,80,80,80,80,52,57,57,57,76,52,74,74,27,27,37,37,49,71,48,0],"gold":80,"neow_bonus":"THREE_CARDS","is_prod":false,"is_daily":false,"chose_seed":false,"campfire_upgraded":3,"win_rate":0,"timestamp":1568733024,"path_taken":["M","M","M","?","?","R","E","R","T","E","M","M","M","M","R","BOSS","M","M","$","?","?","R","M","R","T","M","R","E","R","M","R","BOSS","M","?","M","$","?","R","E","R","T","E","$","M","?","M","R","BOSS","BOSS"],"build_version":"2019-07-17","purchased_purges":2,"victory":false,"max_hp_per_floor":[75,75,75,80,80,80,80,80,80,80,80,80,80,80,80,80,80,80,80,80,80,80,80,80,80,80,80,80,80,80,80,80,80,80,80,80,80,80,76,76,76,76,76,76,76,76,76,76,76,76,76],"card_choices":[{"not_picked":["Cleave","True Grit"],"picked":"Flame Barrier","floor":0.0},{"not_picked":["Twin Strike","Rage"],"picked":"Rampage","floor":1.0},{"not_picked":["Cleave","Pommel Strike","Flex"],"picked":"SKIP","floor":2.0},{"not_picked":["Shrug It Off","Twin Strike"],"picked":"Rampage","floor":3.0},{"not_picked":["Hemokinesis","Flex"],"picked":"Bludgeon","floor":7.0},{"not_picked":["Twin Strike","Clothesline"],"picked":"Double Tap","floor":10.0},{"not_picked":["True Grit","Dual Wield"],"picked":"Shrug It Off","floor":11.0},{"not_picked":["Twin Strike","Body Slam"],"picked":"Metallicize","floor":12.0},{"not_picked":["Hemokinesis","Spot Weakness"],"picked":"Feel No Pain","floor":13.0},{"not_picked":["Shockwave","Clothesline"],"picked":"Anger","floor":14.0},{"not_picked":["Offering","Berserk"],"picked":"Barricade","floor":16.0},{"not_picked":["Iron Wave","Perfected Strike","Pommel Strike"],"picked":"SKIP","floor":18.0},{"not_picked":["Ghostly Armor","Pummel"],"picked":"Power Through","floor":19.0},{"not_picked":["Iron Wave","Cleave","Clash"],"picked":"SKIP","floor":24.0},{"not_picked":["Iron Wave","True Grit"],"picked":"Seeing Red","floor":27.0},{"not_picked":["Cleave","Whirlwind","Clothesline"],"picked":"SKIP","floor":29.0},{"not_picked":["Pommel Strike","Sever Soul"],"picked":"Clothesline+1","floor":31.0},{"not_picked":["Exhume","Offering"],"picked":"Juggernaut","floor":33.0},{"not_picked":["Uppercut","Perfected Strike","Reckless Charge"],"picked":"SKIP","floor":35},{"not_picked":["Cleave","Evolve"],"picked":"Flame Barrier+1","floor":37},{"not_picked":["Seeing Red","Double Tap"],"picked":"Fiend Fire","floor":41},{"not_picked":["Inflame+1","Rage","Whirlwind"],"picked":"SKIP","floor":44},{"not_picked":["True Grit","Armaments","Warcry"],"picked":"SKIP","floor":46},{"not_picked":["Searing Blow","Sword Boomerang","Pommel Strike"],"picked":"SKIP","floor":48}],"player_experience":802333,"relics_obtained":[{"floor":7.0,"key":"Mercury Hourglass"},{"floor":9.0,"key":"Art of War"},{"floor":10.0,"key":"Tiny Chest"},{"floor":26.0,"key":"Centennial Puzzle"},{"floor":29.0,"key":"Anchor"},{"floor":36,"key":"Champion Belt"},{"floor":41,"key":"Ginger"},{"floor":43,"key":"Meat on the Bone"},{"floor":44,"key":"MawBank"},{"floor":47,"key":"Ancient Tea Set"}],"event_choices":[{"damage_healed":0.0,"max_hp_gain":5.0,"max_hp_loss":0.0,"gold_gain":0.0,"event_name":"Big Fish","player_choice":"Donut","floor":4.0,"gold_loss":0.0,"damage_taken":0.0},{"damage_healed":0.0,"max_hp_gain":0.0,"max_hp_loss":0.0,"gold_gain":0.0,"event_name":"Scrap Ooze","player_choice":"Success","floor":5.0,"gold_loss":0.0,"damage_taken":5.0,"relics_obtained":["Happy Flower"]},{"damage_healed":0.0,"max_hp_gain":0.0,"max_hp_loss":0.0,"gold_gain":0.0,"event_name":"The Library","player_choice":"Read","floor":21.0,"gold_loss":0.0,"damage_taken":0.0,"cards_obtained":["Impervious"]},{"damage_healed":0,"gold_gain":0,"player_choice":"Fight","damage_taken":0,"max_hp_gain":0,"max_hp_loss":0,"event_name":"MindBloom","floor":36,"gold_loss":0},{"damage_healed":0,"gold_gain":0,"player_choice":"Max HP","damage_taken":0,"max_hp_gain":0,"max_hp_loss":4,"event_name":"Winding Halls","floor":39,"gold_loss":0}],"is_beta":false,"boss_relics":[{"not_picked":["Calling Bell","Coffee Dripper"],"picked":"Fusion Hammer"},{"not_picked":["Tiny House","White Beast Statue"],"picked":"Sozu"}],"items_purged_floors":[20,38],"is_endless":false,"potions_floor_spawned":[2,3,7,11,12,16,19,31,35,36,37,48],"killed_by":"Awakened One","ascension_level":20}