{"gold_per_floor":[14,14,28,44,44,44,85,85,109,109,145,163,186,226,226,321,321,321,345,345,345,345,345,345],"floor_reached":24,"playtime":538,"items_purged":[],"score":453,"play_id":"f0d9f515-b456-46e3-9467-a51abd94b938","local_time":"20190922155343","is_ascension_mode":true,"campfire_choices":[{"data":"Offering","floor":6,"key":"SMITH"},{"floor":8,"key":"REST"},{"data":"Spot Weakness","floor":15,"key":"SMITH"},{"data":"Barricade","floor":23,"key":"SMITH"}],"neow_cost":"NO_GOLD","seed_source_timestamp":488276429125600,"circlet_count":0,"master_deck":["AscendersBane","Defend_R+1","Defend_R+1","Defend_R+1","Defend_R+1","Bash","Offering+1","Spot Weakness+1","Sword Boomerang","Inflame","True Grit","Barricade+1","Rage","Bite","Bite","Bite","Bite","Bite","Corruption"],"relics":["Burning Blood","Golden Idol","Red Skull","Self Forming Clay","Strawberry","Toy Ornithopter","Coffee Dripper"],"potions_floor_usage":[7,7,11,16,18,24],"damage_taken":[{"damage":13,"enemies":"Jaw Worm","floor":1,"turns":3},{"damage":6,"enemies":"2 Louse","floor":3,"turns":2},{"damage":6,"enemies":"Cultist","floor":4,"turns":2},{"damage":16,"enemies":"3 Sentries","floor":7,"turns":5},{"damage":29,"enemies":"Gremlin Nob","floor":11,"turns":4},{"damage":6,"enemies":"2 Fungi Beasts","floor":12,"turns":1},{"damage":6,"enemies":"3 Louse","floor":13,"turns":3},{"damage":18,"enemies":"3 Sentries","floor":14,"turns":6},{"damage":23,"enemies":"Hexaghost","floor":16,"turns":6},{"damage":6,"enemies":"3 Byrds","floor":18,"turns":1},{"damage":29,"enemies":"Chosen","floor":19,"turns":5},{"damage":63,"enemies":"Slavers","floor":24,"turns":4}],"seed_played":"7249620563882086879","potions_obtained":[{"floor":3,"key":"Explosive Potion"},{"floor":4,"key":"SkillPotion"},{"floor":7,"key":"Weak Potion"},{"floor":13,"key":"Regen Potion"},{"floor":14,"key":"SmokeBomb"},{"floor":19,"key":"Dexterity Potion"}],"is_trial":false,"path_per_floor":["M","?","M","M","?","R","E","R","T","?","E","M","M","E","R","B",null,"M","M","?","?","?","R","E"],"character_chosen":"IRONCLAD","items_purchased":[],"campfire_rested":1,"item_purchase_floors":[],"current_hp_per_floor":[61,61,61,61,35,35,25,45,52,52,29,31,33,23,23,28,63,70,49,49,49,49,49,0],"gold":345,"neow_bonus":"THREE_RARE_CARDS","is_prod":false,"is_daily":false,"chose_seed":false,"campfire_upgraded":3,"win_rate":0,"timestamp":1569192823,"path_taken":["M","?","M","M","?","R","E","R","T","?","E","M","M","E","R","BOSS","M","M","?","?","?","R","E"],"build_version":"2019-09-20","purchased_purges":0,"victory":false,"max_hp_per_floor":[75,68,68,68,68,68,68,68,75,75,75,75,75,75,75,75,75,75,75,75,75,75,75,75],"card_choices":[{"not_picked":["Dark Embrace","Exhume"],"picked":"Offering","floor":0},{"not_picked":["Iron Wave","Havoc","Armaments"],"picked":"SKIP","floor":1},{"not_picked":["Seeing Red","Uppercut"],"picked":"Spot Weakness","floor":3},{"not_picked":["Iron Wave","Warcry","Flex"],"picked":"SKIP","floor":4},{"not_picked":["Clothesline","Bloodletting"],"picked":"Sword Boomerang","floor":7},{"not_picked":["Body Slam","Iron Wave"],"picked":"Inflame","floor":11},{"not_picked":["Rampage","Blood for Blood","Wild Strike"],"picked":"SKIP","floor":12},{"not_picked":["Dropkick","Clothesline"],"picked":"True Grit","floor":13},{"not_picked":["Juggernaut","Sever Soul","Armaments"],"picked":"SKIP","floor":14},{"not_picked":["Brutality","Berserk"],"picked":"Barricade","floor":16},{"not_picked":["Thunderclap","Whirlwind+1"],"picked":"Rage","floor":19}],"player_experience":973366,"relics_obtained":[{"floor":7,"key":"Self Forming Clay"},{"floor":9,"key":"Strawberry"},{"floor":11,"key":"Blood Vial"},{"floor":14,"key":"Toy Ornithopter"}],"event_choices":[{"damage_healed":0,"gold_gain":0,"player_choice":"Lose Max HP","damage_taken":0,"relics_obtained":["Golden Idol"],"max_hp_gain":0,"max_hp_loss":7,"event_name":"Golden Idol","floor":2,"gold_loss":0},{"damage_healed":0,"gold_gain":0,"player_choice":"Success","damage_taken":26,"relics_obtained":["Red Skull"],"max_hp_gain":0,"max_hp_loss":0,"event_name":"Scrap Ooze","floor":5,"gold_loss":0},{"cards_removed":["Strike_R"],"damage_healed":0,"gold_gain":0,"player_choice":"Offered Basic","damage_taken":0,"max_hp_gain":0,"max_hp_loss":0,"event_name":"Bonfire Elementals","floor":10,"gold_loss":0},{"damage_healed":0,"gold_gain":0,"player_choice":"Simplicity","damage_taken":0,"max_hp_gain":0,"max_hp_loss":0,"event_name":"Back to Basics","floor":20,"gold_loss":0,"cards_upgraded":["Strike_R","Strike_R","Strike_R","Strike_R","Defend_R","Defend_R","Defend_R","Defend_R"]},{"damage_healed":0,"gold_gain":0,"player_choice":"Became a vampire (Vial)","damage_taken":0,"max_hp_gain":0,"max_hp_loss":0,"event_name":"Vampires","floor":21,"relics_lost":["Blood Vial"],"gold_loss":0,"cards_obtained":["Bite","Bite","Bite","Bite","Bite"]},{"damage_healed":0,"gold_gain":0,"player_choice":"Read","damage_taken":0,"max_hp_gain":0,"max_hp_loss":0,"event_name":"The Library","floor":22,"gold_loss":0,"cards_obtained":["Corruption"]}],"is_beta":true,"boss_relics":[{"not_picked":["Runic Cube","Black Blood"],"picked":"Coffee Dripper"}],"items_purged_floors":[],"is_endless":false,"potions_floor_spawned":[3,4,7,13,14,18,19],"killed_by":"Slavers","ascension_level":20}