{"gold_per_floor":[114,39,39,39,53,53,65,92,118,138,171,246,246,264,264,339,339,359,359,372,392,442,442,474,474,501,511,511,273,273,307,307,379,379,397,497,497,497,510,510,539,549,599,32,32,81,81,96,96,96,96],"floor_reached":51,"playtime":1670,"items_purged":["Injury","Decay"],"score":1417,"play_id":"a16e6f4b-124d-43d8-b452-a8ccc950245d","local_time":"20190922105717","is_ascension_mode":true,"campfire_choices":[{"floor":6,"key":"REST"},{"data":"Metallicize","floor":15,"key":"SMITH"},{"data":"Perfected Strike","floor":23,"key":"SMITH"},{"data":"Immolate","floor":25,"key":"SMITH"},{"data":"Battle Trance","floor":28,"key":"SMITH"},{"data":"Perfected Strike","floor":30,"key":"SMITH"},{"data":"Corruption","floor":32,"key":"SMITH"},{"data":"Juggernaut","floor":40,"key":"SMITH"},{"floor":45,"key":"REST"},{"floor":47,"key":"REST"},{"data":"Body Slam","floor":49,"key":"SMITH"}],"neow_cost":"NONE","seed_source_timestamp":469357454074400,"circlet_count":0,"master_deck":["AscendersBane","Strike_R","Strike_R+1","Strike_R","Strike_R","Strike_R","Defend_R","Defend_R","Defend_R","Bash+1","Perfected Strike+1","Battle Trance+1","Metallicize+1","Twin Strike","Immolate+1","Metallicize+1","Shrug It Off+1","Double Tap+1","Perfected Strike+1","Shrug It Off+1","Dual Wield+1","Metallicize+1","Perfected Strike+1","Offering+1","Corruption+1","Wild Strike","Shrug It Off+1","Pommel Strike","Juggernaut+1","Wild Strike","Feel No Pain+1","Impervious+1","The Bomb+1","Warcry+1","Twin Strike","Body Slam+1"],"relics":["Burning Blood","Dream Catcher","Toxic Egg 2","Blood Vial","Strawberry","Cursed Key","Orichalcum","Bottled Tornado","Juzu Bracelet","Orrery","Calipers","Black Star","CaptainsWheel","Toy Ornithopter","Oddly Smooth Stone","Red Skull","Unceasing Top"],"potions_floor_usage":[16,33,41,42,51,51],"damage_taken":[{"damage":9,"enemies":"Jaw Worm","floor":1,"turns":3},{"damage":1,"enemies":"Cultist","floor":5,"turns":3},{"damage":0,"enemies":"Small Slimes","floor":7,"turns":2},{"damage":8,"enemies":"Gremlin Nob","floor":8,"turns":3},{"damage":11,"enemies":"Looter","floor":10,"turns":2},{"damage":12,"enemies":"3 Sentries","floor":11,"turns":6},{"damage":1,"enemies":"Lots of Slimes","floor":14,"turns":2},{"damage":54,"enemies":"Hexaghost","floor":16,"turns":9},{"damage":3,"enemies":"Spheric Guardian","floor":18,"turns":3},{"damage":8,"enemies":"2 Thieves","floor":20,"turns":3},{"damage":9,"enemies":"Sentry and Sphere","floor":21,"turns":4},{"damage":0,"enemies":"Gremlin Leader","floor":24,"turns":5},{"damage":14,"enemies":"Cultist and Chosen","floor":27,"turns":4},{"damage":15,"enemies":"Slavers","floor":31,"turns":2},{"damage":57,"enemies":"Automaton","floor":33,"turns":12},{"damage":4,"enemies":"3 Shapes","floor":35,"turns":8},{"damage":8,"enemies":"Mind Bloom Boss Battle","floor":36,"turns":7},{"damage":0,"enemies":"Orb Walker","floor":39,"turns":3},{"damage":50,"enemies":"Reptomancer","floor":41,"turns":7},{"damage":17,"enemies":"3 Darklings","floor":42,"turns":6},{"damage":22,"enemies":"2 Orb Walkers","floor":46,"turns":4},{"damage":0,"enemies":"Maw","floor":48,"turns":6},{"damage":34,"enemies":"Time Eater","floor":50,"turns":10},{"damage":72,"enemies":"Awakened One","floor":51,"turns":6}],"seed_played":"6022452011847513611","potions_obtained":[{"floor":5,"key":"SteroidPotion"},{"floor":10,"key":"Fire Potion"},{"floor":14,"key":"BloodPotion"},{"floor":21,"key":"Strength Potion"},{"floor":36,"key":"Regen Potion"},{"floor":42,"key":"Swift Potion"},{"floor":48,"key":"PowerPotion"}],"is_trial":false,"path_per_floor":["M","?","?","T","M","R","M","E","T","M","E","?","?","M","R","B",null,"M","?","M","M","?","R","E","R","T","M","R","$","R","E","R","B",null,"M","?","?","?","M","R","E","M","T","$","R","?","R","M","R","B","B"],"character_chosen":"IRONCLAD","items_purchased":["Orrery","Impervious+1","The Bomb+1","Warcry+1","Twin Strike"],"campfire_rested":3,"item_purchase_floors":[29,44,44,44,44],"current_hp_per_floor":[65,65,42,42,47,69,75,73,73,70,73,62,62,69,69,23,67,72,72,72,71,71,71,79,79,79,73,73,73,73,66,66,17,66,70,70,70,70,78,78,49,60,60,60,78,62,78,78,78,50,0],"gold":96,"neow_bonus":"UPGRADE_CARD","is_prod":false,"is_daily":false,"chose_seed":false,"campfire_upgraded":8,"win_rate":0,"timestamp":1569175037,"path_taken":["M","?","?","?","M","R","M","E","T","?","E","?","?","M","R","BOSS","M","?","M","?","?","R","E","R","T","M","R","$","R","E","R","BOSS","M","?","?","?","M","R","E","M","T","$","R","?","R","M","R","BOSS","BOSS"],"build_version":"2019-09-20","purchased_purges":2,"victory":false,"max_hp_per_floor":[75,75,75,75,75,75,75,75,75,75,82,82,82,82,82,82,82,82,82,82,82,82,82,82,82,82,82,82,82,82,82,82,82,82,82,82,78,78,78,78,78,78,78,78,78,78,78,78,78,78,78],"card_choices":[{"not_picked":["Flex","Headbutt"],"picked":"Perfected Strike","floor":1},{"not_picked":["Headbutt","Twin Strike"],"picked":"Battle Trance","floor":5},{"not_picked":["Flame Barrier","Body Slam"],"picked":"Metallicize","floor":6},{"not_picked":["Headbutt","Cleave"],"picked":"Twin Strike","floor":7},{"not_picked":["Burning Pact","Sword Boomerang"],"picked":"Immolate","floor":8},{"not_picked":["Heavy Blade","Headbutt"],"picked":"Metallicize","floor":10},{"not_picked":["Body Slam","Entrench+1"],"picked":"Shrug It Off+1","floor":11},{"not_picked":["Heavy Blade","Havoc+1","Limit Break+1"],"picked":"SKIP","floor":14},{"not_picked":["Berserk","Demon Form"],"picked":"Double Tap+1","floor":16},{"not_picked":["Cleave","Hemokinesis+1","Body Slam"],"picked":"SKIP","floor":18},{"not_picked":["Wild Strike","Headbutt"],"picked":"Perfected Strike","floor":20},{"not_picked":["Armaments+1","Thunderclap"],"picked":"Shrug It Off+1","floor":21},{"not_picked":["Clash","Pummel"],"picked":"Dual Wield+1","floor":24},{"not_picked":["Iron Wave","Exhume+1"],"picked":"Metallicize+1","floor":27},{"not_picked":["Anger","Shockwave+1"],"picked":"Perfected Strike","floor":29},{"not_picked":["Inflame","True Grit+1"],"picked":"Offering+1","floor":29},{"not_picked":["Flex+1","Rage+1"],"picked":"Corruption","floor":29},{"not_picked":["Pommel Strike","Sentinel+1"],"picked":"Wild Strike","floor":29},{"not_picked":["Heavy Blade","Rupture"],"picked":"Shrug It Off+1","floor":29},{"not_picked":["Burning Pact+1","Disarm+1"],"picked":"Pommel Strike","floor":31},{"not_picked":["Exhume+1","Limit Break+1"],"picked":"Juggernaut","floor":33},{"not_picked":["Shockwave+1","Burning Pact+1","Clash+1"],"picked":"SKIP","floor":35},{"not_picked":["Pummel+1","Heavy Blade"],"picked":"Wild Strike","floor":36},{"not_picked":["Headbutt","Searing Blow","Havoc+1"],"picked":"SKIP","floor":39},{"not_picked":["Flex+1","Pummel"],"picked":"Feel No Pain+1","floor":41},{"not_picked":["Whirlwind","Cleave","Limit Break+1"],"picked":"SKIP","floor":42},{"not_picked":["Twin Strike+1","Havoc+1"],"picked":"Body Slam","floor":47},{"not_picked":["Anger","Wild Strike","Pummel+1"],"picked":"SKIP","floor":48}],"player_experience":955445,"relics_obtained":[{"floor":4,"key":"Dream Catcher"},{"floor":8,"key":"Toxic Egg 2"},{"floor":9,"key":"Blood Vial"},{"floor":11,"key":"Strawberry"},{"floor":19,"key":"Orichalcum"},{"floor":24,"key":"Bottled Tornado"},{"floor":26,"key":"Juzu Bracelet"},{"floor":31,"key":"Calipers"},{"floor":36,"key":"CaptainsWheel"},{"floor":41,"key":"Toy Ornithopter"},{"floor":41,"key":"Oddly Smooth Stone"},{"floor":43,"key":"Red Skull"},{"floor":46,"key":"Unceasing Top"}],"event_choices":[{"cards_removed":["Defend_R"],"damage_healed":0,"gold_gain":0,"player_choice":"Card Removal","damage_taken":0,"max_hp_gain":0,"max_hp_loss":0,"event_name":"The Cleric","floor":2,"gold_loss":75},{"damage_healed":0,"gold_gain":0,"player_choice":"Entered Light","damage_taken":23,"max_hp_gain":0,"max_hp_loss":0,"event_name":"Shining Light","floor":3,"gold_loss":0,"cards_upgraded":["Perfected Strike","Strike_R"]},{"damage_healed":0,"gold_gain":75,"player_choice":"Gather Gold","damage_taken":11,"max_hp_gain":0,"max_hp_loss":0,"event_name":"World of Goop","floor":12,"gold_loss":0},{"damage_healed":0,"gold_gain":0,"player_choice":"Grow","damage_taken":0,"max_hp_gain":0,"max_hp_loss":0,"event_name":"Living Wall","floor":13,"gold_loss":0,"cards_upgraded":["Metallicize"]},{"damage_healed":0,"gold_gain":0,"player_choice":"Relic","damage_taken":0,"max_hp_gain":0,"max_hp_loss":0,"event_name":"Wheel of Change","floor":19,"gold_loss":0},{"damage_healed":0,"gold_gain":50,"player_choice":"Stole From Cult","damage_taken":0,"max_hp_gain":0,"max_hp_loss":0,"event_name":"Nest","floor":22,"gold_loss":0},{"damage_healed":0,"gold_gain":0,"player_choice":"Fight","damage_taken":0,"max_hp_gain":0,"max_hp_loss":0,"event_name":"MindBloom","floor":36,"gold_loss":0},{"damage_healed":0,"gold_gain":0,"player_choice":"Max HP","damage_taken":0,"max_hp_gain":0,"max_hp_loss":4,"event_name":"Winding Halls","floor":37,"gold_loss":0},{"damage_healed":0,"gold_gain":0,"player_choice":"Ignored","damage_taken":0,"max_hp_gain":0,"max_hp_loss":0,"event_name":"Tomb of Lord Red Mask","floor":38,"gold_loss":0},{"damage_healed":0,"gold_gain":0,"player_choice":"Fight","damage_taken":0,"max_hp_gain":0,"max_hp_loss":0,"event_name":"Mysterious Sphere","floor":46,"gold_loss":0}],"is_beta":true,"boss_relics":[{"not_picked":["Velvet Choker","Astrolabe"],"picked":"Cursed Key"},{"not_picked":["SlaversCollar","Mark of Pain"],"picked":"Black Star"}],"items_purged_floors":[29,44],"is_endless":false,"potions_floor_spawned":[5,10,14,21,24,31,36,39,42,48],"killed_by":"Awakened One","ascension_level":20}