{"gold_per_floor":[119,133,146,18,86,86,115,131,131,149,224,224,256,256,256,256],"floor_reached":16,"playtime":757,"items_purged":[],"score":220,"play_id":"eb1b7894-ded3-4382-91e6-3c61241c9dc1","local_time":"20190923224715","is_ascension_mode":true,"campfire_choices":[{"data":"All Out Attack","floor":6,"key":"SMITH"},{"floor":12,"key":"REST"},{"data":"Footwork","floor":15,"key":"SMITH"}],"neow_cost":"NONE","seed_source_timestamp":1082810535364500,"circlet_count":0,"master_deck":["AscendersBane","Strike_G","Strike_G","Strike_G","Strike_G","Strike_G","Defend_G","Defend_G","Defend_G","Defend_G","Defend_G","Survivor","Neutralize","Sucker Punch","Terror","All Out Attack+1","Dash","Well Laid Plans","Poisoned Stab","Footwork+1"],"relics":["Ring of the Snake","Centennial Puzzle","Ornamental Fan","Tough Bandages","FossilizedHelix"],"potions_floor_usage":[7,13,16],"damage_taken":[{"damage":7,"enemies":"Small Slimes","floor":1,"turns":6},{"damage":0,"enemies":"Jaw Worm","floor":2,"turns":5},{"damage":12,"enemies":"2 Louse","floor":3,"turns":3},{"damage":32,"enemies":"Gremlin Nob","floor":7,"turns":5},{"damage":4,"enemies":"Large Slime","floor":8,"turns":8},{"damage":0,"enemies":"Looter","floor":10,"turns":4},{"damage":4,"enemies":"3 Sentries","floor":13,"turns":6},{"damage":44,"enemies":"Slime Boss","floor":16,"turns":14}],"seed_played":"-1216148577154762170","potions_obtained":[{"floor":1,"key":"SteroidPotion"},{"floor":2,"key":"Regen Potion"},{"floor":8,"key":"GamblersBrew"}],"is_trial":false,"path_per_floor":["M","M","M","$","?","R","E","M","T","M","?","R","E","?","R","B"],"character_chosen":"THE_SILENT","items_purchased":["GhostInAJar","Dash"],"campfire_rested":1,"item_purchase_floors":[4,4],"current_hp_per_floor":[52,52,40,40,40,40,22,18,18,18,7,26,22,44,44,0],"gold":256,"neow_bonus":"RANDOM_COMMON_RELIC","is_prod":false,"is_daily":false,"chose_seed":false,"campfire_upgraded":2,"win_rate":0,"timestamp":1569304035,"path_taken":["M","M","M","$","?","R","E","M","T","M","?","R","E","?","R","BOSS"],"build_version":"2019-07-17","purchased_purges":0,"victory":false,"max_hp_per_floor":[66,66,66,66,66,66,66,66,66,66,66,66,66,66,66,66],"card_choices":[{"not_picked":["Flechettes","Deadly Poison"],"picked":"Sucker Punch","floor":1},{"not_picked":["Outmaneuver","Reflex"],"picked":"Terror","floor":2},{"not_picked":["Escape Plan","Outmaneuver"],"picked":"All Out Attack","floor":3},{"not_picked":["Quick Slash","Burst","Flying Knee"],"picked":"SKIP","floor":7},{"not_picked":["Dash","Deadly Poison"],"picked":"Well Laid Plans","floor":8},{"not_picked":["Quick Slash","Reflex"],"picked":"Poisoned Stab","floor":10},{"not_picked":["Dagger Throw","Flying Knee"],"picked":"Footwork","floor":13}],"player_experience":1324498,"relics_obtained":[{"floor":7,"key":"Ornamental Fan"},{"floor":9,"key":"Tough Bandages"},{"floor":13,"key":"FossilizedHelix"}],"event_choices":[{"damage_healed":0,"gold_gain":68,"player_choice":"Gained Gold","damage_taken":0,"max_hp_gain":0,"max_hp_loss":0,"event_name":"Golden Wing","floor":5,"gold_loss":0},{"damage_healed":0,"gold_gain":75,"player_choice":"Gather Gold","damage_taken":11,"max_hp_gain":0,"max_hp_loss":0,"event_name":"World of Goop","floor":11,"gold_loss":0},{"damage_healed":22,"gold_gain":0,"player_choice":"Banana","damage_taken":0,"max_hp_gain":0,"max_hp_loss":0,"event_name":"Big Fish","floor":14,"gold_loss":0}],"is_beta":false,"boss_relics":[],"items_purged_floors":[],"is_endless":false,"potions_floor_spawned":[1,2,8],"killed_by":"Slime Boss","ascension_level":20}