{"gold_per_floor":[112,129,139,154,154,154,189,189,238,252,266,266,286,302,302,376,376,395,158,175,189,205,205,205],"floor_reached":24,"playtime":677,"items_purged":["Strike_R"],"score":408,"play_id":"61165ba9-3ec6-463a-be1c-7326d5e0a343","local_time":"20190922143548","is_ascension_mode":true,"campfire_choices":[{"data":"Spot Weakness","floor":6.0,"key":"SMITH"},{"floor":8.0,"key":"REST"},{"data":"Berserk","floor":12.0,"key":"SMITH"},{"data":"Heavy Blade","floor":15.0,"key":"SMITH"},{"data":"Heavy Blade","floor":23,"key":"SMITH"}],"neow_cost":"NONE","seed_source_timestamp":483430099883700,"circlet_count":0,"master_deck":["AscendersBane","Strike_R","Strike_R","Strike_R","Strike_R","Defend_R","Defend_R","Defend_R","Defend_R","Bash","Spot Weakness","Sword Boomerang","Spot Weakness+1","Heavy Blade+1","Berserk+1","Metallicize","Ghostly Armor","Immolate","CurseOfTheBell","Sword Boomerang","Shrug It Off","Heavy Blade","Heavy Blade+1"],"special_seed":0,"relics":["Burning Blood","Anchor","Mercury Hourglass","InkBottle","Potion Belt","Calling Bell","Happy Flower","Meat on the Bone","StoneCalendar"],"potions_floor_usage":[21,24,24],"damage_taken":[{"damage":15.0,"enemies":"Small Slimes","floor":1.0,"turns":4.0},{"damage":14.0,"enemies":"Jaw Worm","floor":2.0,"turns":4.0},{"damage":7.0,"enemies":"Cultist","floor":3.0,"turns":4.0},{"damage":8.0,"enemies":"3 Louse","floor":4.0,"turns":4.0},{"damage":39.0,"enemies":"Gremlin Nob","floor":7.0,"turns":4.0},{"damage":0.0,"enemies":"Red Slaver","floor":10.0,"turns":2.0},{"damage":4.0,"enemies":"Lots of Slimes","floor":11.0,"turns":3.0},{"damage":8.0,"enemies":"Blue Slaver","floor":13.0,"turns":3.0},{"damage":0.0,"enemies":"Looter","floor":14.0,"turns":2.0},{"damage":25.0,"enemies":"Slime Boss","floor":16.0,"turns":7.0},{"damage":9.0,"enemies":"2 Thieves","floor":18.0,"turns":4.0},{"damage":17.0,"enemies":"Shell Parasite","floor":20.0,"turns":6.0},{"damage":15,"enemies":"Cultist and Chosen","floor":21,"turns":3},{"damage":23,"enemies":"Centurion and Healer","floor":22,"turns":6},{"damage":49,"enemies":"Sentry and Sphere","floor":24,"turns":5}],"seed_played":"691492456101952479","potions_obtained":[{"floor":7.0,"key":"Explosive Potion"},{"floor":14.0,"key":"Fire Potion"},{"floor":16.0,"key":"Block Potion"},{"floor":18.0,"key":"PowerPotion"},{"floor":20.0,"key":"SteroidPotion"},{"floor":21,"key":"ElixirPotion"}],"is_trial":false,"path_per_floor":["M","M","M","M","?","R","E","R","T","M","M","R","M","M","R","B",null,"M","$","M","M","M","R","M"],"character_chosen":"IRONCLAD","items_purchased":["EntropicBrew","Shrug It Off"],"campfire_rested":1,"item_purchase_floors":[19,19],"current_hp_per_floor":[59,51,50,48,43,43,10,32,32,38,40,40,38,44,44,25,63,60,60,49,52,47,47,0],"gold":205,"neow_bonus":"RANDOM_COMMON_RELIC","is_prod":false,"is_daily":false,"chose_seed":false,"campfire_upgraded":4,"win_rate":0,"timestamp":1569188148,"path_taken":["M","M","M","M","?","R","E","R","T","M","M","R","M","M","R","BOSS","M","$","M","M","M","R","M"],"build_version":"2019-09-20","purchased_purges":1,"victory":false,"max_hp_per_floor":[75,75,75,75,75,75,75,75,75,75,75,75,75,75,75,75,75,75,75,75,75,75,75,75],"card_choices":[{"not_picked":["Twin Strike","Pommel Strike"],"picked":"Spot Weakness","floor":1.0},{"not_picked":["Havoc","Flex"],"picked":"Sword Boomerang","floor":2.0},{"not_picked":["Pommel Strike","Headbutt"],"picked":"Spot Weakness","floor":3.0},{"not_picked":["Cleave","Hemokinesis","Burning Pact"],"picked":"SKIP","floor":4.0},{"not_picked":["Body Slam","Blood for Blood","Havoc"],"picked":"SKIP","floor":7.0},{"not_picked":["Iron Wave","Ghostly Armor"],"picked":"Heavy Blade","floor":10.0},{"not_picked":["Burning Pact","Wild Strike"],"picked":"Berserk","floor":11.0},{"not_picked":["Rage","Headbutt"],"picked":"Metallicize","floor":13.0},{"not_picked":["Thunderclap","Cleave"],"picked":"Ghostly Armor","floor":14.0},{"not_picked":["Fiend Fire","Barricade"],"picked":"Immolate","floor":16.0},{"not_picked":["Body Slam","Second Wind"],"picked":"Sword Boomerang","floor":18.0},{"not_picked":["Wild Strike","Power Through"],"picked":"Heavy Blade","floor":20.0},{"not_picked":["Burning Pact+1","Wild Strike"],"picked":"Heavy Blade","floor":21},{"not_picked":["Sword Boomerang","Havoc","Headbutt"],"picked":"SKIP","floor":22}],"player_experience":968619,"relics_obtained":[{"floor":7.0,"key":"InkBottle"},{"floor":9.0,"key":"Potion Belt"},{"floor":17.0,"key":"Happy Flower"},{"floor":17.0,"key":"Meat on the Bone"},{"floor":17.0,"key":"StoneCalendar"}],"event_choices":[{"damage_healed":0.0,"max_hp_gain":0.0,"max_hp_loss":0.0,"gold_gain":0.0,"event_name":"Scrap Ooze","player_choice":"Success","floor":5.0,"gold_loss":0.0,"damage_taken":5.0,"relics_obtained":["Mercury Hourglass"]}],"is_beta":true,"boss_relics":[{"not_picked":["Black Star","Runic Dome"],"picked":"Calling Bell"}],"items_purged_floors":[19],"is_endless":false,"potions_floor_spawned":[7,14,16,18,20,21],"killed_by":"Sentry and Sphere","ascension_level":20}