{"gold_per_floor":[15,15,25,25,44,44,62,95,121,121,132,155,165,192,192,267,267,282,49,60,60,60,60,70,70,96,125,145,179,197,55,55,129,129,148,148,160,178,194,194],"floor_reached":40,"playtime":1332,"items_purged":["Strike_R"],"score":980,"play_id":"570841ae-65b9-4fdc-947f-dffd16d315e4","local_time":"20190921185558","is_ascension_mode":true,"campfire_choices":[{"data":"Inflame","floor":6.0,"key":"SMITH"},{"data":"Fire Breathing","floor":10.0,"key":"SMITH"},{"floor":15.0,"key":"REST"},{"floor":23,"key":"RECALL"},{"floor":25,"key":"REST"},{"floor":32,"key":"REST"}],"neow_cost":"NO_GOLD","seed_source_timestamp":412004908314400,"circlet_count":0,"master_deck":["AscendersBane","Strike_R","Defend_R","Defend_R+1","Defend_R+1","Defend_R","Bash","Sword Boomerang","Inflame+1","Disarm","Sword Boomerang","Fire Breathing+1","Heavy Blade","Berserk","Offering","Demon Form","Ghostly Armor","Power Through","Metallicize","Heavy Blade","Metallicize","Immolate","Corruption+1","Immolate+1","True Grit+1","Feel No Pain","Flame Barrier"],"special_seed":0,"relics":["Burning Blood","CaptainsWheel","Bag of Marbles","Pen Nib","Bag of Preparation","Regal Pillow","Fusion Hammer","Red Skull","Art of War","InkBottle","MealTicket","Astrolabe"],"potions_floor_usage":[38],"damage_taken":[{"damage":2.0,"enemies":"Small Slimes","floor":1.0,"turns":4.0},{"damage":1.0,"enemies":"Cultist","floor":3.0,"turns":4.0},{"damage":2.0,"enemies":"Jaw Worm","floor":5.0,"turns":4.0},{"damage":4.0,"enemies":"Exordium Wildlife","floor":7.0,"turns":3.0},{"damage":10.0,"enemies":"Lagavulin","floor":8.0,"turns":6.0},{"damage":10.0,"enemies":"Large Slime","floor":11.0,"turns":6.0},{"damage":9.0,"enemies":"Looter","floor":13.0,"turns":3.0},{"damage":18.0,"enemies":"3 Sentries","floor":14.0,"turns":5.0},{"damage":6.0,"enemies":"Slime Boss","floor":16.0,"turns":5.0},{"damage":17.0,"enemies":"Spheric Guardian","floor":18.0,"turns":3.0},{"damage":15.0,"enemies":"Shell Parasite","floor":20.0,"turns":5.0},{"damage":32,"enemies":"Shelled Parasite and Fungi","floor":24,"turns":6},{"damage":57,"enemies":"Slavers","floor":27,"turns":5},{"damage":9,"enemies":"Snake Plant","floor":28,"turns":4},{"damage":15,"enemies":"Book of Stabbing","floor":29,"turns":4},{"damage":6,"enemies":"Chosen and Byrds","floor":30,"turns":4},{"damage":60,"enemies":"Automaton","floor":33,"turns":8},{"damage":22,"enemies":"Orb Walker","floor":35,"turns":4},{"damage":9,"enemies":"3 Shapes","floor":37,"turns":4},{"damage":38,"enemies":"Writhing Mass","floor":38,"turns":6},{"damage":14,"enemies":"4 Shapes","floor":39,"turns":2},{"damage":37,"enemies":"Nemesis","floor":40,"turns":5}],"seed_played":"6279777751902692130","potions_obtained":[{"floor":1.0,"key":"EssenceOfSteel"},{"floor":2.0,"key":"LiquidBronze"},{"floor":7.0,"key":"SkillPotion"},{"floor":8.0,"key":"FairyPotion"},{"floor":18.0,"key":"Regen Potion"},{"floor":24,"key":"ElixirPotion"},{"floor":37,"key":"Energy Potion"},{"floor":38,"key":"Energy Potion"}],"is_trial":false,"path_per_floor":["M","?","M","?","M","R","M","E","T","R","M","T","M","E","R","B",null,"M","$","M","?","?","R","M","R","T","E","M","E","M","$","R","B",null,"M","?","M","M","M","E"],"character_chosen":"IRONCLAD","items_purchased":["Red Skull","Heavy Blade","Metallicize"],"campfire_rested":3,"item_purchase_floors":[19,31,31],"current_hp_per_floor":[72,72,75,52,56,56,58,54,54,54,50,50,47,35,72,72,74,63,63,66,66,66,66,40,75,75,24,21,12,12,27,64,10,59,43,43,40,8,28,0],"gold":194,"neow_bonus":"ONE_RARE_RELIC","is_prod":false,"is_daily":false,"chose_seed":false,"campfire_upgraded":2,"win_rate":0,"timestamp":1569117358,"path_taken":["M","?","?","?","M","R","M","E","T","R","M","?","M","E","R","BOSS","M","$","M","?","?","R","M","R","T","E","M","E","M","$","R","BOSS","M","?","M","M","M","E"],"build_version":"2019-09-20","purchased_purges":1,"victory":false,"max_hp_per_floor":[75,75,75,75,75,75,75,75,75,75,75,75,75,75,75,75,75,75,75,75,75,75,75,75,75,75,75,75,75,75,75,75,75,75,75,75,75,75,75,75],"card_choices":[{"not_picked":["Havoc","Flex"],"picked":"Sword Boomerang","floor":1.0},{"not_picked":["Reckless Charge","Twin Strike"],"picked":"Inflame","floor":3.0},{"not_picked":["Wild Strike","Blood for Blood"],"picked":"Disarm","floor":5.0},{"not_picked":["Rupture","Headbutt"],"picked":"Sword Boomerang","floor":7.0},{"not_picked":["True Grit","Warcry"],"picked":"Fire Breathing","floor":8.0},{"not_picked":["Metallicize","Body Slam"],"picked":"Heavy Blade","floor":11.0},{"not_picked":["Intimidate","Havoc"],"picked":"Berserk","floor":13.0},{"not_picked":["Shrug It Off","Bludgeon"],"picked":"Offering","floor":14.0},{"not_picked":["Fiend Fire","Exhume"],"picked":"Demon Form","floor":16.0},{"not_picked":["Rage","True Grit"],"picked":"Ghostly Armor","floor":18.0},{"not_picked":["Feel No Pain","Clash"],"picked":"Power Through","floor":20.0},{"not_picked":["Cleave","Armaments","Anger"],"picked":"SKIP","floor":24},{"not_picked":["Clash","Dropkick"],"picked":"Metallicize","floor":27},{"not_picked":["Iron Wave","Havoc","Armaments"],"picked":"SKIP","floor":28},{"not_picked":["Headbutt","Exhume","Anger"],"picked":"SKIP","floor":29},{"not_picked":["Headbutt","Spot Weakness"],"picked":"Evolve","floor":30},{"not_picked":["Berserk","Double Tap"],"picked":"Immolate","floor":33},{"not_picked":["Flame Barrier+1","Anger"],"picked":"Feel No Pain","floor":35},{"not_picked":["Rampage","Sever Soul+1"],"picked":"Flame Barrier","floor":37},{"not_picked":["Flex","Thunderclap","Sword Boomerang"],"picked":"SKIP","floor":38},{"not_picked":["Blood for Blood","Thunderclap","Headbutt+1"],"picked":"SKIP","floor":39}],"player_experience":937150,"relics_obtained":[{"floor":8.0,"key":"Bag of Marbles"},{"floor":9.0,"key":"Pen Nib"},{"floor":12.0,"key":"Bag of Preparation"},{"floor":14.0,"key":"Regal Pillow"},{"floor":26,"key":"Art of War"},{"floor":27,"key":"InkBottle"},{"floor":29,"key":"MealTicket"}],"event_choices":[{"damage_healed":0.0,"max_hp_gain":0.0,"max_hp_loss":0.0,"gold_gain":0.0,"event_name":"Lab","player_choice":"Got Potions","floor":2.0,"gold_loss":0.0,"damage_taken":0.0},{"damage_healed":0.0,"max_hp_gain":0.0,"max_hp_loss":0.0,"gold_gain":0.0,"event_name":"Shining Light","player_choice":"Entered Light","floor":4.0,"gold_loss":0.0,"damage_taken":23.0,"cards_upgraded":["Defend_R","Defend_R"]},{"damage_healed":0.0,"max_hp_gain":0.0,"max_hp_loss":0.0,"gold_gain":0.0,"event_name":"The Mausoleum","player_choice":"Ignored","floor":22.0,"gold_loss":0.0,"damage_taken":0.0},{"cards_removed":["Evolve"],"damage_healed":0,"gold_gain":0,"player_choice":"Removed Power","damage_taken":0,"max_hp_gain":0,"max_hp_loss":0,"event_name":"Falling","floor":36,"gold_loss":0}],"is_beta":true,"boss_relics":[{"not_picked":["Runic Pyramid","SlaversCollar"],"picked":"Fusion Hammer"},{"not_picked":["Coffee Dripper","Runic Dome"],"picked":"Astrolabe"}],"items_purged_floors":[19],"is_endless":false,"potions_floor_spawned":[1,7,8,14,18,24,37,38],"killed_by":"Nemesis","ascension_level":20}