{"gold_per_floor":[117,117,117,141,155,155,186,186,186,219,61,61,61,85,85,175,175,200,223,30,30,80,80,115,115,142,42,42,42,61,79,79,168,168,184,202,202,33,366,366,396,415,440,352,352,352,134,150,150,150],"floor_reached":50,"playtime":2035,"items_purged":["Defend_R","Regret","Havoc"],"score":1013,"play_id":"3d6fb6b8-7be3-4d47-bc53-f21cd42c3cd4","local_time":"20190911232228","is_ascension_mode":true,"campfire_choices":[{"data":"Rage","floor":6,"key":"SMITH"},{"data":"Disarm","floor":8,"key":"SMITH"},{"data":"Disarm","floor":13,"key":"SMITH"},{"data":"Rage","floor":15,"key":"SMITH"},{"data":"Disarm","floor":23,"key":"SMITH"},{"data":"Metallicize","floor":25,"key":"SMITH"},{"data":"Metallicize","floor":28,"key":"SMITH"},{"floor":32,"key":"REST"},{"floor":40,"key":"DIG"},{"floor":46,"key":"DIG"},{"floor":49,"key":"DIG"}],"neow_cost":"NONE","seed_source_timestamp":198529476446900,"circlet_count":0,"master_deck":["AscendersBane","Strike_R+1","Strike_R+1","Strike_R+1","Strike_R+1","Defend_R+1","Defend_R+1","Defend_R+1","Bash","Battle Trance+1","Disarm+1","Rage+1","Disarm+1","Metallicize+1","Rage+1","Juggernaut","Disarm+1","Shrug It Off","Metallicize+1","Anger","Exhume","Exhume+1","Rage"],"relics":["Burning Blood","Bronze Scales","WingedGreaves","Champion Belt","Kunai","Orichalcum","Cursed Key","PreservedInsect","Shovel","Oddly Smooth Stone","Fusion Hammer","Omamori","Lantern","Bag of Marbles","Smiling Mask","Red Skull","Happy Flower","War Paint"],"potions_floor_usage":[7,24,33,33,41,42],"damage_taken":[{"damage":9,"enemies":"Jaw Worm","floor":1,"turns":5},{"damage":7,"enemies":"2 Louse","floor":4,"turns":4},{"damage":4,"enemies":"Cultist","floor":5,"turns":4},{"damage":35,"enemies":"3 Sentries","floor":7,"turns":12},{"damage":13,"enemies":"Lagavulin","floor":10,"turns":10},{"damage":0,"enemies":"Looter","floor":14,"turns":4},{"damage":18,"enemies":"The Guardian","floor":16,"turns":17},{"damage":16,"enemies":"Shell Parasite","floor":18,"turns":5},{"damage":3,"enemies":"3 Byrds","floor":19,"turns":3},{"damage":25,"enemies":"Slavers","floor":24,"turns":6},{"damage":11,"enemies":"Cultist and Chosen","floor":30,"turns":7},{"damage":10,"enemies":"Centurion and Healer","floor":31,"turns":5},{"damage":22,"enemies":"Collector","floor":33,"turns":11},{"damage":0,"enemies":"3 Shapes","floor":35,"turns":11},{"damage":0,"enemies":"Orb Walker","floor":36,"turns":4},{"damage":8,"enemies":"Giant Head","floor":41,"turns":8},{"damage":24,"enemies":"Transient","floor":42,"turns":6},{"damage":3,"enemies":"Sphere and 2 Shapes","floor":48,"turns":7},{"damage":83,"enemies":"Awakened One","floor":50,"turns":12}],"seed_played":"8810674994577693114","potions_obtained":[{"floor":1,"key":"Regen Potion"},{"floor":10,"key":"Ancient Potion"},{"floor":18,"key":"SkillPotion"},{"floor":24,"key":"PowerPotion"},{"floor":31,"key":"Strength Potion"},{"floor":33,"key":"BloodPotion"},{"floor":36,"key":"SteroidPotion"}],"is_trial":false,"path_per_floor":["M","?","?","M","M","R","E","R","T","E","$","?","R","M","R","B",null,"M","M","$","?","?","R","E","R","T","$","R","?","M","M","R","B",null,"M","M","?","$","?","R","E","M","T","$","?","R","$","M","R","B"],"character_chosen":"IRONCLAD","items_purchased":["Metallicize","PreservedInsect","Shrug It Off","Omamori","Rage","Happy Flower"],"campfire_rested":1,"item_purchase_floors":[11,20,20,38,44,47],"current_hp_per_floor":[65,65,70,69,71,71,57,57,57,50,50,50,50,56,56,44,66,56,59,59,59,59,59,40,40,40,40,40,40,35,31,52,36,64,70,73,73,73,73,73,71,71,71,71,71,71,71,73,73,0],"gold":150,"neow_bonus":"RANDOM_COMMON_RELIC","is_prod":false,"is_daily":false,"chose_seed":false,"campfire_upgraded":7,"win_rate":0,"timestamp":1568269348,"path_taken":["M","?","?","M","M","R","E","R","T","E","$","?","R","M","R","BOSS","M","M","?","?","?","R","E","R","T","$","R","?","M","M","R","BOSS","M","M","?","$","?","R","E","M","T","?","?","R","$","M","R","BOSS"],"build_version":"2019-07-17","purchased_purges":3,"victory":false,"max_hp_per_floor":[75,68,73,73,73,73,73,73,73,73,73,73,73,73,73,73,73,73,73,73,73,73,73,73,73,73,73,73,73,73,73,73,73,73,73,73,73,73,73,73,73,73,73,73,73,73,73,73,73,73],"card_choices":[{"not_picked":["Rupture","Body Slam"],"picked":"Battle Trance","floor":1},{"not_picked":["Clothesline","Headbutt"],"picked":"Disarm","floor":4},{"not_picked":["Anger","Shockwave"],"picked":"Rage","floor":5},{"not_picked":["Sword Boomerang","Fire Breathing"],"picked":"Disarm","floor":7},{"not_picked":["Carnage","Cleave","Second Wind"],"picked":"SKIP","floor":10},{"not_picked":["Iron Wave","Clothesline"],"picked":"Rage","floor":14},{"not_picked":["Immolate","Brutality"],"picked":"Juggernaut","floor":16},{"not_picked":["Clothesline","True Grit","Intimidate"],"picked":"SKIP","floor":18},{"not_picked":["Pommel Strike","Perfected Strike+1"],"picked":"Disarm","floor":19},{"not_picked":["Anger+1","Infernal Blade"],"picked":"Metallicize","floor":24},{"not_picked":["Sword Boomerang","Carnage"],"picked":"Anger","floor":30},{"not_picked":["Iron Wave","Second Wind","Whirlwind"],"picked":"SKIP","floor":31},{"not_picked":["Reaper","Double Tap"],"picked":"Exhume","floor":33},{"not_picked":["True Grit","Wild Strike","Armaments+1"],"picked":"SKIP","floor":35},{"not_picked":["Armaments","Inflame","Wild Strike"],"picked":"SKIP","floor":36},{"not_picked":["Wild Strike+1","Thunderclap","Fire Breathing"],"picked":"SKIP","floor":41},{"not_picked":["Shockwave","Corruption+1"],"picked":"Exhume","floor":42},{"not_picked":["Ghostly Armor+1","Evolve","Anger"],"picked":"SKIP","floor":48}],"player_experience":686868,"relics_obtained":[{"floor":7,"key":"WingedGreaves"},{"floor":9,"key":"Champion Belt"},{"floor":10,"key":"Kunai"},{"floor":24,"key":"Shovel"},{"floor":26,"key":"Oddly Smooth Stone"},{"floor":40,"key":"Lantern"},{"floor":41,"key":"Bag of Marbles"},{"floor":43,"key":"Smiling Mask"},{"floor":46,"key":"Red Skull"},{"floor":49,"key":"War Paint"}],"event_choices":[{"damage_healed":0,"gold_gain":0,"player_choice":"Lose Max HP","damage_taken":0,"relics_obtained":["Golden Idol"],"max_hp_gain":0,"max_hp_loss":7,"event_name":"Golden Idol","floor":2,"gold_loss":0},{"damage_healed":0,"gold_gain":0,"player_choice":"Donut","damage_taken":0,"max_hp_gain":5,"max_hp_loss":0,"event_name":"Big Fish","floor":3,"gold_loss":0},{"damage_healed":0,"gold_gain":0,"player_choice":"Gave Potion","damage_taken":0,"relics_obtained":["Orichalcum"],"max_hp_gain":0,"max_hp_loss":0,"event_name":"WeMeetAgain","floor":12,"gold_loss":0},{"damage_healed":0,"gold_gain":0,"player_choice":"Simplicity","damage_taken":0,"max_hp_gain":0,"max_hp_loss":0,"event_name":"Back to Basics","floor":21,"gold_loss":0,"cards_upgraded":["Strike_R","Strike_R","Strike_R","Strike_R","Strike_R","Defend_R","Defend_R","Defend_R"]},{"damage_healed":0,"gold_gain":50,"player_choice":"Stole From Cult","damage_taken":0,"max_hp_gain":0,"max_hp_loss":0,"event_name":"Nest","floor":22,"gold_loss":0},{"damage_healed":0,"gold_gain":0,"player_choice":"Ignored","damage_taken":0,"max_hp_gain":0,"max_hp_loss":0,"event_name":"Tomb of Lord Red Mask","floor":37,"gold_loss":0},{"damage_healed":0,"gold_gain":333,"player_choice":"Gave Idol","damage_taken":0,"max_hp_gain":0,"max_hp_loss":0,"event_name":"The Moai Head","floor":39,"relics_lost":["Golden Idol"],"gold_loss":0},{"damage_healed":0,"gold_gain":0,"cards_transformed":["Strike_R"],"player_choice":"Transformed","damage_taken":0,"max_hp_gain":0,"max_hp_loss":0,"event_name":"Transmorgrifier","floor":45,"gold_loss":0,"cards_obtained":["Havoc"]}],"is_beta":false,"boss_relics":[{"not_picked":["Tiny House","Black Star"],"picked":"Cursed Key"},{"not_picked":["Coffee Dripper","Sozu"],"picked":"Fusion Hammer"}],"items_purged_floors":[11,27,47],"is_endless":false,"potions_floor_spawned":[1,10,18,24,31,33,36],"killed_by":"Awakened One","ascension_level":20}