{"gold_per_floor":[212,222,237,312,323,323,348,348,348,361,361],"floor_reached":11,"playtime":913,"items_purged":[],"score":116,"play_id":"84a2a66d-86e3-4009-b938-405fb04255cb","local_time":"20190922194254","is_ascension_mode":true,"campfire_choices":[{"data":"Cold Snap","floor":6.0,"key":"SMITH"},{"data":"Self Repair","floor":8.0,"key":"SMITH"}],"neow_cost":"NONE","seed_source_timestamp":0,"circlet_count":0,"master_deck":["AscendersBane","Strike_B","Strike_B","Strike_B","Strike_B","Defend_B","Defend_B","Defend_B","Defend_B","Zap","Dualcast","Self Repair+1","Cold Snap+1","Echo Form","Go for the Eyes"],"special_seed":0,"relics":["Cracked Core","Gremlin Horn","Sundial"],"potions_floor_usage":[11],"damage_taken":[{"damage":2.0,"enemies":"2 Louse","floor":1.0,"turns":3.0},{"damage":6.0,"enemies":"Cultist","floor":2.0,"turns":4.0},{"damage":9.0,"enemies":"Small Slimes","floor":3.0,"turns":3.0},{"damage":7.0,"enemies":"Red Slaver","floor":5.0,"turns":4.0},{"damage":16.0,"enemies":"Lagavulin","floor":7.0,"turns":7.0},{"damage":18.0,"enemies":"Large Slime","floor":10.0,"turns":3.0},{"damage":33,"enemies":"3 Sentries","floor":11,"turns":5}],"seed_played":"-1532692930204322820","potions_obtained":[{"floor":2.0,"key":"Fire Potion"},{"floor":10.0,"key":"Weak Potion"}],"is_trial":false,"path_per_floor":["M","M","M","?","M","R","E","R","T","M","E"],"character_chosen":"DEFECT","items_purchased":[],"campfire_rested":0,"item_purchase_floors":[],"current_hp_per_floor":[66,67,65,54,54,54,45,45,45,27,0],"gold":361,"neow_bonus":"HUNDRED_GOLD","is_prod":false,"is_daily":false,"chose_seed":false,"campfire_upgraded":2,"win_rate":0,"timestamp":1569195774,"path_taken":["M","M","M","?","M","R","E","R","T","M","E"],"build_version":"2019-07-17","purchased_purges":0,"victory":false,"max_hp_per_floor":[75,75,75,75,75,75,75,75,75,75,75],"card_choices":[{"not_picked":["Streamline","Chill"],"picked":"Self Repair","floor":1.0},{"not_picked":["Compile Driver","Undo","Rebound"],"picked":"SKIP","floor":2.0},{"not_picked":["Consume","Tempest","Amplify"],"picked":"SKIP","floor":3.0},{"not_picked":["Skim","Lockon"],"picked":"Cold Snap","floor":5.0},{"not_picked":["Leap","Sweeping Beam"],"picked":"Echo Form","floor":7.0},{"not_picked":["Hologram","Compile Driver"],"picked":"Go for the Eyes","floor":10.0}],"player_experience":341377,"relics_obtained":[{"floor":7.0,"key":"Gremlin Horn"},{"floor":9.0,"key":"Sundial"}],"event_choices":[{"damage_healed":0.0,"max_hp_gain":0.0,"max_hp_loss":0.0,"gold_gain":75.0,"event_name":"World of Goop","player_choice":"Gather Gold","floor":4.0,"gold_loss":0.0,"damage_taken":11.0}],"is_beta":false,"boss_relics":[],"items_purged_floors":[],"is_endless":false,"potions_floor_spawned":[2,10],"killed_by":"3 Sentries","ascension_level":11}