{"gold_per_floor":[111,131,147,157,157,157,172,172,196,196,221,221,255,269,269,341,341,341],"floor_reached":18,"playtime":561,"items_purged":[],"score":344,"play_id":"60070ddc-e35c-45bb-942a-4a10878aa562","local_time":"20190921183327","is_ascension_mode":true,"campfire_choices":[{"data":"Limit Break","floor":6,"key":"SMITH"},{"data":"Metallicize","floor":8,"key":"SMITH"},{"data":"Perfected Strike","floor":10,"key":"SMITH"},{"data":"Bash","floor":12,"key":"SMITH"},{"floor":15,"key":"REST"}],"neow_cost":"TEN_PERCENT_HP_LOSS","seed_source_timestamp":411435399777300,"circlet_count":0,"master_deck":["AscendersBane","Strike_R","Strike_R","Strike_R","Strike_R","Strike_R","Defend_R","Defend_R","Defend_R","Defend_R","Bash+1","Feel No Pain","Perfected Strike+1","Limit Break+1","Metallicize+1","Evolve","Twin Strike","Juggernaut"],"relics":["Burning Blood","Ice Cream","PreservedInsect","Oddly Smooth Stone","Boot","SlaversCollar"],"potions_floor_usage":[13,16],"damage_taken":[{"damage":5,"enemies":"Small Slimes","floor":1,"turns":3},{"damage":7,"enemies":"Jaw Worm","floor":2,"turns":5},{"damage":1,"enemies":"Cultist","floor":3,"turns":3},{"damage":14,"enemies":"Blue Slaver","floor":4,"turns":4},{"damage":25,"enemies":"Lots of Slimes","floor":7,"turns":6},{"damage":5,"enemies":"3 Sentries","floor":11,"turns":9},{"damage":41,"enemies":"Lagavulin","floor":13,"turns":7},{"damage":2,"enemies":"Looter","floor":14,"turns":3},{"damage":25,"enemies":"Slime Boss","floor":16,"turns":7},{"damage":54,"enemies":"Shell Parasite","floor":18,"turns":7}],"seed_played":"8807132194003255986","potions_obtained":[{"floor":7,"key":"Dexterity Potion"},{"floor":13,"key":"PowerPotion"},{"floor":16,"key":"FearPotion"}],"is_trial":false,"path_per_floor":["M","M","M","M","?","R","M","R","T","R","E","R","E","M","R","B",null,"M"],"character_chosen":"IRONCLAD","items_purchased":[],"campfire_rested":1,"item_purchase_floors":[],"current_hp_per_floor":[68,67,68,60,60,60,41,41,41,41,42,42,7,11,31,12,54,0],"gold":341,"neow_bonus":"ONE_RARE_RELIC","is_prod":false,"is_daily":false,"chose_seed":false,"campfire_upgraded":4,"win_rate":0,"timestamp":1569116007,"path_taken":["M","M","M","M","?","R","M","R","T","R","E","R","E","M","R","BOSS","M"],"build_version":"2019-09-20","purchased_purges":0,"victory":false,"max_hp_per_floor":[68,68,68,68,68,68,68,68,68,68,68,68,68,68,68,68,68,68],"card_choices":[{"not_picked":["Heavy Blade","Pommel Strike"],"picked":"Feel No Pain","floor":1},{"not_picked":["Flex","Entrench"],"picked":"Perfected Strike","floor":2},{"not_picked":["Headbutt","Whirlwind","Sword Boomerang"],"picked":"SKIP","floor":3},{"not_picked":["Second Wind","Thunderclap"],"picked":"Limit Break","floor":4},{"not_picked":["Armaments","Thunderclap"],"picked":"Metallicize","floor":7},{"not_picked":["Headbutt","Clash"],"picked":"Evolve","floor":11},{"not_picked":["Anger","Clash","Havoc"],"picked":"SKIP","floor":13},{"not_picked":["Clash","Pummel"],"picked":"Twin Strike","floor":14},{"not_picked":["Reaper","Berserk"],"picked":"Juggernaut","floor":16}],"player_experience":936589,"relics_obtained":[{"floor":9,"key":"PreservedInsect"},{"floor":11,"key":"Oddly Smooth Stone"},{"floor":13,"key":"Boot"}],"event_choices":[{"damage_healed":0,"gold_gain":0,"player_choice":"Ignored","damage_taken":0,"max_hp_gain":0,"max_hp_loss":0,"event_name":"Liars Game","floor":5,"gold_loss":0}],"is_beta":true,"boss_relics":[{"not_picked":["Runic Pyramid","SacredBark"],"picked":"SlaversCollar"}],"items_purged_floors":[],"is_endless":false,"potions_floor_spawned":[7,13,16],"killed_by":"Shell Parasite","ascension_level":20}