{"path_per_floor":["M","M","?","?","?","E","$","E","T","R","M","M","E","?","R","B",null,"M","$","?","?","?","E","R","E","T","M","E","M","M","T","R","B",null,"M","?","?","M","?","E","M"],"character_chosen":"IRONCLAD","items_purchased":["Prepared","Loop","Panache","Conserve Battery"],"gold_per_floor":[114,129,129,129,94,124,8,38,38,38,53,68,98,98,98,198,228,243,7,7,7,7,37,37,67,92,107,137,152,167,192,192,292,292,307,307,322,337,337,367,382,382],"floor_reached":42,"campfire_rested":0,"playtime":7042,"item_purchase_floors":[7,7,19,19],"current_hp_per_floor":[77,77,83,89,92,46,46,48,54,54,54,54,55,55,55,59,109,84,84,84,84,84,65,65,55,61,69,66,72,70,76,76,49,127,125,115,114,114,98,66,66,0],"items_purged":[],"gold":382,"score":702,"play_id":"4db02dfd-4ac8-4c31-9b29-a9ce310d0127","local_time":"20180609014709","daily_mods":["Diverse","Cursed Run","Elite Swarm"],"is_prod":false,"is_daily":true,"chose_seed":false,"is_ascension_mode":false,"campfire_upgraded":4,"win_rate":0,"timestamp":1528523229,"campfire_choices":[{"data":"Immolate","floor":10,"key":"SMITH"},{"data":"All For One","floor":15,"key":"SMITH"},{"data":"Panache","floor":24,"key":"SMITH"},{"data":"Reaper","floor":32,"key":"SMITH"}],"path_taken":["M","M","?","?","?","E","?","E","T","R","M","?","E","?","R","BOSS","M","$","?","?","?","E","R","E","T","M","E","?","M","?","R","BOSS","M","?","?","M","?","E","M","E"],"build_version":"2018-06-07v3","seed_source_timestamp":0,"purchased_purges":0,"victory":false,"master_deck":["Strike_R","Strike_R+1","Strike_R+1","Strike_R","Strike_R","Defend_R+1","Defend_R","Defend_R","Defend_R","Bash","Riddle With Holes","Steam","Doubt","Immolate+1","Prepared","Loop","Decay","PiercingWail","Force Field","Creative AI+1","Buffer","Outmaneuver","Go for the Eyes","Panache+1","Conserve Battery","All For One","RitualDagger","Bludgeon","Reaper+1","Decay","BootSequence+1","Doppelganger","Heavy Blade","Gash","Escape Plan","Beam Cell","Regret","Parasite","Phantasmal Killer","Dagger Spray","Body Slam+1","Sadistic Nature","Bandage Up","Transmutation","Intimidate+1","Armaments","Flex+1","Madness","Madness","Tools of the Trade","Defragment+1","Feel No Pain"],"max_hp_per_floor":[80,80,86,92,92,92,92,92,98,98,98,98,98,98,98,104,109,109,109,109,109,109,109,109,109,115,115,115,115,115,121,121,127,127,127,127,127,127,127,127,127,127],"relics":["Cursed Key","Darkstone Periapt","Du-Vu Doll","Vajra","Meat on the Bone","Bottled Flame","Bottled Tornado","Dead Branch","Tiny House","Whetstone","Sundial","Pen Nib","Prayer Wheel","Lantern","Eternal Feather","Calipers","Bag of Marbles"],"card_choices":[{"not_picked":["Rebound","Anger"],"picked":"Riddle With Holes","floor":1},{"not_picked":["Choke","Underhanded Strike"],"picked":"Steam","floor":2},{"not_picked":["Limit Break","Meteor Strike"],"picked":"Immolate","floor":6},{"not_picked":["Berserk","Machine Learning"],"picked":"All For One","floor":8},{"not_picked":["Sever Soul","Sucker Punch"],"picked":"PiercingWail","floor":11},{"not_picked":["Clothesline","Conserve Battery"],"picked":"Force Field","floor":12},{"not_picked":["Grand Finale","Wraith Form v2"],"picked":"Creative AI","floor":13},{"not_picked":["Glass Knife","Tools of the Trade"],"picked":"Buffer","floor":16},{"not_picked":["Well Laid Plans","PiercingWail"],"picked":"Outmaneuver","floor":17},{"not_picked":["Anger","Quick Slash"],"picked":"Go for the Eyes","floor":18},{"not_picked":["Tools of the Trade","Creative AI"],"picked":"Bludgeon","floor":23},{"not_picked":["Phantasmal Killer","Barricade"],"picked":"Reaper","floor":25},{"not_picked":["Accuracy","Reprogram"],"picked":"BootSequence+1","floor":27},{"not_picked":["Storm of Steel","Multi-Cast"],"picked":"Doppelganger","floor":28},{"not_picked":["Dual Wield","Anger"],"picked":"Heavy Blade","floor":29},{"not_picked":["Armaments","Clash"],"picked":"Gash","floor":29},{"not_picked":["Perfected Strike","Deadly Poison"],"picked":"Escape Plan","floor":30},{"not_picked":["Carnage","Stack"],"picked":"Beam Cell","floor":30},{"not_picked":["Amplify","Die Die Die"],"picked":"Phantasmal Killer","floor":33},{"not_picked":["Steam","Dagger Throw+1"],"picked":"Dagger Spray","floor":35},{"not_picked":["Sweeping Beam","Reflex"],"picked":"Body Slam+1","floor":35},{"not_picked":["Deep Breath","Secret Weapon"],"picked":"Sadistic Nature","floor":36},{"not_picked":["Trip","Enlightenment"],"picked":"Bandage Up","floor":36},{"not_picked":["Secret Weapon","Finesse"],"picked":"Transmutation","floor":36},{"not_picked":["Clash","Twin Strike+1"],"picked":"Intimidate+1","floor":37},{"not_picked":["Pommel Strike","Reprogram"],"picked":"Armaments","floor":38},{"not_picked":["Clothesline+1","Melter+1"],"picked":"Flex+1","floor":38},{"not_picked":["Grand Finale","Glass Knife"],"picked":"Tools of the Trade","floor":40},{"not_picked":["Rebound+1","Streamline"],"picked":"Defragment+1","floor":41},{"not_picked":["Backstab+1","Cleave+1"],"picked":"Feel No Pain","floor":41}],"player_experience":181643,"potions_floor_usage":[8,13,18,25,30,33,40,40,40],"damage_taken":[{"damage":3,"enemies":"Jaw Worm","floor":1,"turns":3},{"damage":0,"enemies":"Small Slimes","floor":2,"turns":3},{"damage":46,"enemies":"Lagavulin","floor":6,"turns":7},{"damage":10,"enemies":"Gremlin Nob","floor":8,"turns":3},{"damage":0,"enemies":"2 Louse","floor":11,"turns":1},{"damage":0,"enemies":"Blue Slaver","floor":12,"turns":1},{"damage":8,"enemies":"3 Sentries","floor":13,"turns":2},{"damage":2,"enemies":"Slime Boss","floor":16,"turns":7},{"damage":25,"enemies":"3 Byrds","floor":18,"turns":4},{"damage":19,"enemies":"Slavers","floor":23,"turns":3},{"damage":22,"enemies":"Book of Stabbing","floor":25,"turns":5},{"damage":8,"enemies":"2 Thieves","floor":27,"turns":2},{"damage":3,"enemies":"Slavers","floor":28,"turns":3},{"damage":10,"enemies":"Cultist and Chosen","floor":29,"turns":6},{"damage":2,"enemies":"Snake Plant","floor":30,"turns":3},{"damage":75,"enemies":"Collector","floor":33,"turns":10},{"damage":2,"enemies":"Orb Walker","floor":35,"turns":2},{"damage":5,"floor":37,"turns":2},{"damage":0,"enemies":"3 Shapes","floor":38,"turns":1},{"damage":69,"enemies":"Giant Head","floor":40,"turns":9},{"damage":0,"enemies":"3 Darklings","floor":41,"turns":2},{"damage":86,"enemies":"Nemesis","floor":42,"turns":4}],"relics_obtained":[{"floor":6,"key":"Meat on the Bone"},{"floor":8,"key":"Bottled Flame"},{"floor":9,"key":"Bottled Tornado"},{"floor":13,"key":"Dead Branch"},{"floor":23,"key":"Whetstone"},{"floor":25,"key":"Sundial"},{"floor":26,"key":"Pen Nib"},{"floor":28,"key":"Prayer Wheel"},{"floor":31,"key":"Lantern"},{"floor":37,"key":"Calipers"},{"floor":40,"key":"Bag of Marbles"}],"event_choices":[{"event_name":"Big Fish","player_choice":"Box","floor":3,"damage_taken":0},{"event_name":"Transmorgrifier","player_choice":"Transform","floor":4,"damage_taken":0},{"event_name":"The Cleric","player_choice":"Healed","floor":5,"damage_taken":0},{"event_name":"Living Wall","player_choice":"Grow","floor":14,"damage_taken":0},{"event_name":"Nest","player_choice":"Joined the Cult","floor":20,"damage_taken":0},{"event_name":"Ghosts","player_choice":"Ignored","floor":21,"damage_taken":0},{"event_name":"Wheel of Change","player_choice":"Card Removal","floor":22,"damage_taken":0},{"event_name":"SensoryStone","player_choice":"Memory 3","floor":36,"damage_taken":0},{"event_name":"Mysterious Sphere","player_choice":"Fight","floor":37,"damage_taken":0},{"event_name":"Winding Halls","player_choice":"Embrace Madness","floor":39,"damage_taken":0}],"boss_relics":[{"not_picked":["Runic Pyramid","Snecko Eye"],"picked":"Tiny House"},{"not_picked":["Philosopher\u0027s Stone","Busted Crown"],"picked":"Eternal Feather"}],"items_purged_floors":[],"potions_floor_spawned":[6,11,12,27,29,33,35,38],"seed_played":"-8965767018673126133","killed_by":"Nemesis","ascension_level":0,"potions_obtained":[{"floor":6,"key":"Fire Potion"},{"floor":11,"key":"BloodPotion"},{"floor":12,"key":"Swift Potion"},{"floor":17,"key":"SteroidPotion"},{"floor":27,"key":"EssenceOfSteel"},{"floor":29,"key":"SteroidPotion"},{"floor":33,"key":"Regen Potion"},{"floor":35,"key":"EssenceOfSteel"},{"floor":38,"key":"Regen Potion"}],"is_trial":false}