{"path_per_floor":["M","M","M","M","$","R","M","?","T","M","M","$","?","M","R","B",null,"M","M","M","M","$","?"],"character_chosen":"IRONCLAD","items_purchased":["Dream Catcher","Bag of Preparation","Heavy Blade","Strawberry","Fire Breathing","Clothesline"],"gold_per_floor":[118,128,140,160,10,10,23,82,159,173,184,24,24,43,43,142,142,158,176,192,207,5,5,5],"floor_reached":24,"campfire_rested":2,"playtime":2602,"item_purchase_floors":[5,12,12,22,22,22],"current_hp_per_floor":[78,74,79,75,75,80,72,60,60,52,36,36,41,35,60,10,85,64,37,36,19,26,10,0],"items_purged":[],"gold":5,"score":194,"play_id":"23848118-8f36-4614-9cc6-17209068b9e1","local_time":"20180531185554","is_prod":false,"is_daily":false,"chose_seed":false,"is_ascension_mode":false,"campfire_upgraded":0,"win_rate":0,"timestamp":1527807354,"campfire_choices":[{"floor":6,"key":"REST"},{"floor":15,"key":"REST"}],"path_taken":["M","M","M","M","$","R","M","?","T","?","M","$","?","M","R","BOSS","M","?","M","M","$","?","M"],"build_version":"2018-05-24","seed_source_timestamp":9838616209327,"purchased_purges":0,"victory":false,"master_deck":["Strike_R","Strike_R","Strike_R","Strike_R","Strike_R","Defend_R","Defend_R","Defend_R","Defend_R","Bash","Impervious","Perfected Strike","Pummel","Shockwave","Pommel Strike","Feel No Pain","Thunderclap","Bludgeon","Twin Strike","Wild Strike","Heavy Blade","Sword Boomerang","Sever Soul","Fiend Fire","Iron Wave","Metallicize","Dropkick","Flame Barrier","Fire Breathing","Clothesline","Necronomicurse"],"max_hp_per_floor":[80,80,80,80,80,80,80,80,80,80,80,80,85,85,85,85,85,85,85,85,85,92,92,92],"relics":["Burning Blood","Dream Catcher","Unceasing Top","The Courier","Bag of Preparation","Philosopher\u0027s Stone","Strawberry","Necronomicon"],"card_choices":[{"not_picked":["Pommel Strike","Flex"],"picked":"Perfected Strike","floor":1},{"not_picked":["Pommel Strike","Twin Strike"],"picked":"Pummel","floor":2},{"not_picked":["Flex","Body Slam"],"picked":"Shockwave","floor":3},{"not_picked":["Thunderclap","Sword Boomerang"],"picked":"Pommel Strike","floor":4},{"not_picked":["Pommel Strike","Battle Trance"],"picked":"Feel No Pain","floor":6},{"not_picked":["Havoc","Twin Strike"],"picked":"Thunderclap","floor":7},{"not_picked":["Burning Pact","Twin Strike"],"picked":"Bludgeon","floor":8},{"not_picked":["Searing Blow","Hemokinesis"],"picked":"Twin Strike","floor":10},{"not_picked":["Clothesline","Pommel Strike"],"picked":"Wild Strike","floor":11},{"not_picked":["Headbutt","Rampage"],"picked":"Sword Boomerang","floor":14},{"not_picked":["Spot Weakness","Heavy Blade"],"picked":"Sever Soul","floor":15},{"not_picked":["Brutality","Double Tap"],"picked":"Fiend Fire","floor":16},{"not_picked":["Rampage+1","Twin Strike"],"picked":"Iron Wave","floor":18},{"not_picked":["Body Slam+1","Shrug It Off"],"picked":"Metallicize","floor":19},{"not_picked":["Rage","Sword Boomerang"],"picked":"Dropkick","floor":20},{"not_picked":["Pommel Strike+1","Feel No Pain"],"picked":"Flame Barrier","floor":21}],"player_experience":127757,"potions_floor_usage":[16,16,21,24,24,24],"damage_taken":[{"damage":8,"enemies":"Jaw Worm","floor":1,"turns":4},{"damage":10,"enemies":"Small Slimes","floor":2,"turns":3},{"damage":1,"enemies":"2 Louse","floor":3,"turns":3},{"damage":10,"enemies":"Looter","floor":4,"turns":4},{"damage":14,"enemies":"Lots of Slimes","floor":7,"turns":6},{"damage":18,"enemies":"3 Sentries","floor":8,"turns":6},{"damage":14,"enemies":"3 Louse","floor":10,"turns":3},{"damage":22,"enemies":"Exordium Wildlife","floor":11,"turns":5},{"damage":12,"enemies":"Blue Slaver","floor":14,"turns":4},{"damage":56,"enemies":"Hexaghost","floor":16,"turns":12},{"damage":27,"enemies":"Shell Parasite","floor":18,"turns":4},{"damage":33,"enemies":"Spheric Guardian","floor":19,"turns":4},{"damage":7,"enemies":"Snecko","floor":20,"turns":3},{"damage":23,"enemies":"Centurion and Healer","floor":21,"turns":4},{"damage":11,"enemies":"3 Cultists","floor":24,"turns":2}],"relics_obtained":[{"floor":9,"key":"The Courier"},{"floor":23,"key":"Necronomicon"}],"event_choices":[{"event_name":"Dead Adventurer","player_choice":"Searched \u00273\u0027 times","floor":8,"damage_taken":0},{"event_name":"Big Fish","player_choice":"Donut","floor":13,"damage_taken":0},{"event_name":"Cursed Tome","player_choice":"Obtained Book","floor":23,"damage_taken":0}],"boss_relics":[{"not_picked":["Sozu","Ectoplasm"],"picked":"Philosopher\u0027s Stone"}],"items_purged_floors":[],"potions_floor_spawned":[4,8,10,16,20,21],"seed_played":"-6415367414598287215","killed_by":"3 Cultists","ascension_level":0,"potions_obtained":[{"floor":4,"key":"Ancient Potion"},{"floor":8,"key":"Block Potion"},{"floor":10,"key":"EssenceOfSteel"},{"floor":16,"key":"SteroidPotion"},{"floor":20,"key":"Poison Potion"},{"floor":21,"key":"Energy Potion"}],"is_trial":false}