{"path_per_floor":["M","M","?","M","?","R","M","M","T","$","M","M","E","M","R","B",null,"M","M","M","?","M","E","?","?","T","R","M","$","T","E","R","B",null,"M","$","?","?","M","R","T","T","T","?","M","M","?","T","R","B"],"character_chosen":"THE_SILENT","items_purchased":["Noxious Fumes","Escape Plan","Dagger Spray","Shuriken","Juzu Bracelet","Deflect"],"gold_per_floor":[114,129,129,144,144,144,159,174,174,10,25,40,70,85,85,185,185,200,215,230,230,245,275,275,275,275,275,290,40,40,100,100,200,200,215,16,16,0,15,15,40,65,115,115,130,145,145,145,145,145],"floor_reached":51,"campfire_rested":3,"playtime":5270,"item_purchase_floors":[10,10,10,29,36,36],"current_hp_per_floor":[70,66,66,64,57,57,43,40,40,40,37,19,22,22,65,30,65,56,35,29,29,23,18,18,7,7,65,49,49,49,43,43,55,65,65,65,57,57,32,32,32,32,32,32,25,14,14,14,60,13],"items_purged":[],"gold":145,"score":739,"play_id":"7da26d6c-fc50-4a6e-b700-4e6886aeee25","local_time":"20180606023912","daily_mods":["Allstar","Binary","Night Terrors"],"is_prod":false,"is_daily":true,"chose_seed":false,"is_ascension_mode":false,"campfire_upgraded":3,"win_rate":0,"timestamp":1528267152,"campfire_choices":[{"data":"Apotheosis","floor":6,"key":"SMITH"},{"floor":15,"key":"REST"},{"floor":27,"key":"REST"},{"data":"Magnetism","floor":32,"key":"SMITH"},{"data":"After Image","floor":40,"key":"SMITH"},{"floor":49,"key":"REST"}],"path_taken":["M","M","?","?","?","R","M","?","T","$","M","M","E","M","R","BOSS","M","M","M","?","?","E","?","?","T","R","M","$","?","E","R","BOSS","M","?","?","?","M","R","?","?","T","?","M","M","?","?","R","BOSS"],"build_version":"2018-05-31","seed_source_timestamp":0,"purchased_purges":0,"victory":true,"master_deck":["Defend_G","Defend_G","Defend_G","Defend_G","Defend_G","Strike_G","Strike_G","Strike_G","Strike_G","Survivor","Neutralize+1","Secret Technique","Apotheosis+1","Magnetism+1","Good Instincts","Blind","Dagger Spray+1","Flying Knee","Regret","Well Laid Plans","Outmaneuver","Caltrops","Noxious Fumes","Escape Plan","Dagger Spray","Distraction","Blade Dance","Adrenaline","Footwork","After Image+1","Clumsy","Writhe","Normality","Blade Dance","Deadly Poison","Acrobatics","Apotheosis+1","Quick Slash+1","Deflect","Caltrops+1","Outmaneuver","After Image","Escape Plan+1","Deflect","Madness","Madness","Calculated Gamble","Slice","Backflip+1"],"max_hp_per_floor":[70,70,70,70,70,70,70,70,70,70,70,70,70,70,65,65,65,65,65,65,65,65,65,65,70,70,65,65,65,65,65,65,65,65,65,65,65,65,65,65,65,65,65,65,65,65,65,65,60,60],"relics":["Ring of the Snake","Pantograph","Happy Flower","Letter Opener","Whetstone","Calling Bell","Lantern","Paper Crane","Dead Branch","Omamori","Smiling Mask","Shuriken","Mercury Hourglass","Tiny Chest","Lizard Tail","Juzu Bracelet","Red Mask","Bag of Preparation","Blood Vial","Regal Pillow","Gremlin Horn"],"card_choices":[{"not_picked":["Dodge and Roll"],"picked":"Dagger Spray","floor":1},{"not_picked":["Quick Slash"],"picked":"Flying Knee","floor":2},{"not_picked":["Malaise"],"picked":"Well Laid Plans","floor":4},{"not_picked":["Heel Hook"],"picked":"Outmaneuver","floor":7},{"not_picked":["Deadly Poison"],"picked":"Caltrops","floor":8},{"not_picked":["Concentrate"],"picked":"Distraction","floor":11},{"not_picked":["Bane"],"picked":"Blade Dance","floor":12},{"not_picked":["Skewer"],"picked":"Adrenaline","floor":13},{"not_picked":["Malaise"],"picked":"Footwork","floor":14},{"not_picked":["Doppelganger"],"picked":"After Image","floor":16},{"not_picked":["Concentrate"],"picked":"Blade Dance","floor":18},{"not_picked":["PiercingWail"],"picked":"Deadly Poison","floor":19},{"not_picked":["Quick Slash"],"picked":"Acrobatics","floor":20},{"not_picked":["Flying Knee"],"picked":"Quick Slash+1","floor":22},{"not_picked":["Dodge and Roll"],"picked":"Deflect","floor":23},{"not_picked":["Acrobatics"],"picked":"Caltrops+1","floor":28},{"not_picked":["Masterful Stab"],"picked":"Outmaneuver","floor":31},{"not_picked":["Wraith Form v2"],"picked":"After Image","floor":33},{"not_picked":["Flechettes"],"picked":"Escape Plan+1","floor":35},{"not_picked":["Riddle With Holes"],"picked":"Calculated Gamble","floor":39},{"not_picked":["Dagger Throw"],"picked":"Slice","floor":45},{"not_picked":["Bane"],"picked":"Backflip+1","floor":46}],"player_experience":163033,"potions_floor_usage":[13,16,16,16,22,22,23,31,39],"damage_taken":[{"damage":0,"enemies":"2 Louse","floor":1,"turns":5},{"damage":4,"enemies":"Small Slimes","floor":2,"turns":4},{"damage":2,"enemies":"Cultist","floor":4,"turns":3},{"damage":14,"enemies":"Exordium Wildlife","floor":7,"turns":5},{"damage":3,"enemies":"Large Slime","floor":8,"turns":6},{"damage":3,"enemies":"Red Slaver","floor":11,"turns":4},{"damage":18,"enemies":"Gremlin Gang","floor":12,"turns":2},{"damage":1,"enemies":"3 Sentries","floor":13,"turns":3},{"damage":0,"enemies":"Exordium Thugs","floor":14,"turns":2},{"damage":35,"enemies":"Hexaghost","floor":16,"turns":8},{"damage":9,"enemies":"Shell Parasite","floor":18,"turns":5},{"damage":21,"enemies":"2 Thieves","floor":19,"turns":4},{"damage":6,"enemies":"Cultist and Chosen","floor":20,"turns":8},{"damage":6,"enemies":"Centurion and Healer","floor":22,"turns":6},{"damage":5,"enemies":"Gremlin Leader","floor":23,"turns":5},{"damage":16,"enemies":"Slaver and Parasite","floor":28,"turns":2},{"damage":6,"enemies":"Book of Stabbing","floor":31,"turns":5},{"damage":10,"enemies":"Champ","floor":33,"turns":9},{"damage":0,"enemies":"3 Darklings","floor":35,"turns":2},{"damage":25,"enemies":"Orb Walker","floor":39,"turns":5},{"damage":44,"enemies":"3 Darklings","floor":45,"turns":5},{"damage":13,"enemies":"Sphere and 2 Shapes","floor":46,"turns":3},{"damage":47,"enemies":"Donu and Deca","floor":50,"turns":8}],"relics_obtained":[{"floor":9,"key":"Letter Opener"},{"floor":13,"key":"Whetstone"},{"floor":17,"key":"Lantern"},{"floor":17,"key":"Paper Crane"},{"floor":17,"key":"Dead Branch"},{"floor":23,"key":"Omamori"},{"floor":26,"key":"Smiling Mask"},{"floor":30,"key":"Mercury Hourglass"},{"floor":31,"key":"Tiny Chest"},{"floor":41,"key":"Bag of Preparation"},{"floor":42,"key":"Blood Vial"},{"floor":43,"key":"Regal Pillow"},{"floor":48,"key":"Gremlin Horn"}],"event_choices":[{"event_name":"Big Fish","player_choice":"Box","floor":3,"damage_taken":0},{"event_name":"Scrap Ooze","player_choice":"success","floor":5,"damage_taken":7},{"event_name":"Duplicator","player_choice":"One dupe","floor":21,"damage_taken":0},{"event_name":"Vampires","player_choice":"Ignored","floor":24,"damage_taken":0},{"event_name":"Forgotten Altar","player_choice":"Shed Blood","floor":25,"damage_taken":0},{"event_name":"Winding Halls","player_choice":"Embrace Madness","floor":37,"damage_taken":0},{"event_name":"Tomb of Lord Red Mask","player_choice":"Paid","floor":38,"damage_taken":0},{"event_name":"Mysterious Sphere","player_choice":"Ignore","floor":47,"damage_taken":0}],"boss_relics":[{"not_picked":["Eternal Feather","Black Star"],"picked":"Calling Bell"},{"not_picked":["Astrolabe","Runic Pyramid"],"picked":"Lizard Tail"}],"items_purged_floors":[],"potions_floor_spawned":[4,7,12,14,19,20,22,28,35],"seed_played":"-7143404662059475798","ascension_level":0,"potions_obtained":[{"floor":4,"key":"Ancient Potion"},{"floor":7,"key":"GhostInAJar"},{"floor":12,"key":"Poison Potion"},{"floor":14,"key":"EssenceOfSteel"},{"floor":19,"key":"GhostInAJar"},{"floor":20,"key":"Strength Potion"},{"floor":22,"key":"GamblersBrew"},{"floor":28,"key":"GhostInAJar"},{"floor":35,"key":"Strength Potion"}],"is_trial":false}