{"gold_per_floor":[111,128,128,44,44,44,77,96,147,181,192,210,210,223,223,223],"floor_reached":16,"playtime":427,"items_purged":[],"score":224,"play_id":"ec185d0b-e331-4713-8ad5-4c1daacd8f6b","local_time":"20190915233317","is_ascension_mode":true,"campfire_choices":[{"floor":6,"key":"REST"},{"data":"Perfected Strike","floor":13,"key":"SMITH"},{"data":"Flame Barrier","floor":15,"key":"SMITH"}],"neow_cost":"NONE","seed_source_timestamp":315099846545000,"circlet_count":0,"master_deck":["AscendersBane","Strike_R+1","Strike_R","Strike_R","Strike_R","Strike_R","Defend_R","Defend_R","Defend_R","Defend_R","Bash","Perfected Strike+1","Disarm","Evolve","Perfected Strike+1","Brutality","Headbutt","Feel No Pain","Flame Barrier+1"],"relics":["Burning Blood","Lantern","Blood Vial","Bag of Marbles","Ancient Tea Set","Gremlin Horn"],"potions_floor_usage":[16,16],"damage_taken":[{"damage":12,"enemies":"Small Slimes","floor":1,"turns":4},{"damage":12,"enemies":"Jaw Worm","floor":2,"turns":3},{"damage":35,"enemies":"3 Sentries","floor":7,"turns":9},{"damage":0,"enemies":"Cultist","floor":8,"turns":2},{"damage":28,"enemies":"Lagavulin","floor":10,"turns":4},{"damage":0,"enemies":"Lots of Slimes","floor":11,"turns":1},{"damage":12,"enemies":"Exordium Thugs","floor":12,"turns":5},{"damage":1,"enemies":"Looter","floor":14,"turns":2},{"damage":27,"enemies":"Slime Boss","floor":16,"turns":7}],"seed_played":"-9080887191945324022","potions_obtained":[{"floor":7,"key":"Weak Potion"},{"floor":11,"key":"Ancient Potion"},{"floor":12,"key":"Block Potion"}],"is_trial":false,"path_per_floor":["M","M","?","?","$","R","E","M","T","E","M","M","R","M","R","B"],"character_chosen":"IRONCLAD","items_purchased":[],"campfire_rested":1,"item_purchase_floors":[],"current_hp_per_floor":[62,56,33,33,33,55,28,36,36,16,24,20,20,27,27,2],"gold":223,"neow_bonus":"RANDOM_COMMON_RELIC","is_prod":false,"is_daily":false,"chose_seed":false,"campfire_upgraded":2,"win_rate":0,"timestamp":1568615597,"path_taken":["M","M","?","?","$","R","E","?","T","E","?","M","R","M","R","BOSS"],"build_version":"2019-07-17","purchased_purges":0,"victory":false,"max_hp_per_floor":[75,75,75,75,75,75,75,75,75,75,75,75,75,75,75,75],"card_choices":[{"not_picked":["Cleave","Pommel Strike"],"picked":"Perfected Strike","floor":1},{"not_picked":["Clash","Carnage"],"picked":"Disarm","floor":2},{"not_picked":["Searing Blow","Intimidate"],"picked":"Evolve","floor":7},{"not_picked":["Wild Strike","Pommel Strike"],"picked":"Perfected Strike","floor":8},{"not_picked":["Dark Embrace","Inflame"],"picked":"Brutality","floor":10},{"not_picked":["Intimidate","True Grit"],"picked":"Headbutt","floor":11},{"not_picked":["Headbutt","Cleave"],"picked":"Feel No Pain","floor":12},{"not_picked":["Flex","Dual Wield"],"picked":"Flame Barrier","floor":14}],"player_experience":757708,"relics_obtained":[{"floor":7,"key":"Bag of Marbles"},{"floor":9,"key":"Ancient Tea Set"},{"floor":10,"key":"Gremlin Horn"}],"event_choices":[{"damage_healed":0,"gold_gain":0,"player_choice":"Entered Light","damage_taken":23,"max_hp_gain":0,"max_hp_loss":0,"event_name":"Shining Light","floor":3,"gold_loss":0,"cards_upgraded":["Strike_R","Perfected Strike"]},{"damage_healed":0,"gold_gain":0,"player_choice":"Paid Gold","damage_taken":0,"relics_obtained":["Blood Vial"],"max_hp_gain":0,"max_hp_loss":0,"event_name":"WeMeetAgain","floor":4,"gold_loss":84}],"is_beta":false,"boss_relics":[],"items_purged_floors":[],"is_endless":false,"potions_floor_spawned":[7,11,12],"killed_by":"Slime Boss","ascension_level":20}