{"gold_per_floor":[114,114,114,114,129,32,47,1,76,91,106,121,136,136,136,236,236,251,266,266,266,281,281,281],"floor_reached":24,"playtime":3041,"items_purged":[],"score":215,"play_id":"dfb730f7-b24e-463c-b7fe-c2dc41bab29d","local_time":"20180723043312","daily_mods":["Brewmaster","Terminal","Vintage"],"is_ascension_mode":false,"campfire_choices":[{"data":"Dramatic Entrance","floor":15,"key":"SMITH"},{"data":"Survivor","floor":23,"key":"SMITH"}],"neow_cost":"","seed_source_timestamp":0,"circlet_count":0,"master_deck":["Defend_G","Defend_G+1","Defend_G+1","Defend_G","Defend_G","Strike_G","Strike_G","Strike_G","Strike_G","Strike_G","Survivor+1","Neutralize+1","Venomology","Venomology","Venomology+1","Venomology+1","Dramatic Entrance+1","Acrobatics+1","Setup+1","Doppelganger+1"],"special_seed":17735,"relics":["Ring of the Snake","White Beast Statue","Toxic Egg 2","FaceOfCleric","Bottled Flame","Centennial Puzzle","Blue Candle","Ancient Tea Set","Oddly Smooth Stone","Juzu Bracelet","Molten Egg 2","Matryoshka","Cursed Key","Vajra","Gremlin Horn","War Paint"],"potions_floor_usage":[12,12,12,12,13,13,16,16,16,16,16,16,16,16,16,16,18,18,19,19,19,19,22,22,22,22,24,24,24,24,24],"damage_taken":[{"damage":7.0,"enemies":"Jaw Worm","floor":1.0,"turns":7.0},{"damage":0.0,"enemies":"2 Louse","floor":5.0,"turns":4.0},{"damage":0.0,"enemies":"Cultist","floor":7.0,"turns":5.0},{"damage":0,"enemies":"Blue Slaver","floor":10,"turns":4},{"damage":0,"enemies":"Lots of Slimes","floor":11,"turns":3},{"damage":0,"enemies":"2 Fungi Beasts","floor":12,"turns":4},{"damage":2,"enemies":"Looter","floor":13,"turns":3},{"damage":15,"enemies":"The Guardian","floor":16,"turns":13},{"damage":13,"enemies":"Chosen","floor":18,"turns":7},{"damage":0,"enemies":"Shell Parasite","floor":19,"turns":7},{"damage":15,"enemies":"Cultist and Chosen","floor":22,"turns":8},{"damage":52,"enemies":"Gremlin Leader","floor":24,"turns":6}],"seed_played":"4484180567622836144","potions_obtained":[{"floor":1.0,"key":"Energy Potion"},{"floor":12,"key":"LiquidBronze"},{"floor":13,"key":"Energy Potion"},{"floor":16,"key":"Block Potion"},{"floor":18,"key":"SpeedPotion"},{"floor":19,"key":"Fire Potion"},{"floor":22,"key":"Strength Potion"}],"is_trial":false,"path_per_floor":["M","?","?","?","M","$","M","$","T","M","M","M","M","?","R","B",null,"M","M","?","?","M","R"],"character_chosen":"THE_SILENT","items_purchased":["Dramatic Entrance","Acrobatics+1"],"campfire_rested":0,"item_purchase_floors":[6,8],"current_hp_per_floor":[62,48,48,48,49,49,50,50,50,51,52,53,52,52,52,53,59,47,59,49,49,35,35,0],"gold":281,"neow_bonus":"","is_prod":false,"is_daily":true,"chose_seed":false,"campfire_upgraded":2,"win_rate":0,"timestamp":1532334792,"path_taken":["M","?","?","?","M","$","M","?","T","M","M","M","M","?","R","BOSS","M","M","?","?","M","R","E"],"build_version":"2018-07-19v2","purchased_purges":0,"victory":false,"max_hp_per_floor":[68,67,66,65,65,64,64,63,62,62,62,62,62,61,60,60,59,59,59,63,62,62,61,61],"card_choices":[{"not_picked":["Unload+1","Glass Knife+1"],"picked":"Doppelganger+1","floor":16}],"player_experience":322367,"relics_obtained":[{"floor":1.0,"key":"Toxic Egg 2"},{"floor":5.0,"key":"Bottled Flame"},{"floor":7.0,"key":"Centennial Puzzle"},{"floor":9,"key":"Blue Candle"},{"floor":10,"key":"Ancient Tea Set"},{"floor":11,"key":"Oddly Smooth Stone"},{"floor":12,"key":"Juzu Bracelet"},{"floor":13,"key":"Molten Egg 2"},{"floor":16,"key":"Matryoshka"},{"floor":18,"key":"Vajra"},{"floor":19,"key":"Gremlin Horn"},{"floor":22,"key":"War Paint"}],"event_choices":[{"event_name":"Shining Light","player_choice":"Entered Light","floor":2.0,"damage_taken":0.0},{"event_name":"FaceTrader","player_choice":"Trade","floor":3.0,"damage_taken":0.0},{"event_name":"Living Wall","player_choice":"Grow","floor":4.0,"damage_taken":0.0},{"event_name":"Transmorgrifier","player_choice":"Transform","floor":14,"damage_taken":0},{"event_name":"Forgotten Altar","player_choice":"Shed Blood","floor":20,"damage_taken":0},{"event_name":"Beggar","player_choice":"Ignored","floor":21,"damage_taken":0}],"is_beta":false,"boss_relics":[{"not_picked":["Fusion Hammer","Sozu"],"picked":"Cursed Key"}],"items_purged_floors":[],"is_endless":false,"potions_floor_spawned":[1,5,7,10,11,12,13,16,18,19,22],"killed_by":"Gremlin Leader","ascension_level":0}