{"gold_per_floor":[109,109,109,123,173,200,200,56,81,5,23,42,42,106,106,106],"floor_reached":16,"playtime":849,"items_purged":[],"score":105,"play_id":"73902fcf-d0f9-4731-9ec4-3e7c38cc9f8a","local_time":"20180716052552","is_ascension_mode":true,"campfire_choices":[{"floor":7,"key":"REST"},{"floor":13,"key":"REST"},{"floor":15,"key":"REST"}],"neow_cost":"NONE","seed_source_timestamp":0,"circlet_count":0,"master_deck":["Strike_R","Strike_R","Strike_R","Strike_R","Strike_R","Defend_R","Defend_R","Defend_R","Bash","Berserk","Sentinel","Infernal Blade","Regret","Rampage","Perfected Strike","Shrug It Off","Thunderclap","Anger","Sword Boomerang"],"special_seed":17728,"relics":["Burning Blood","Dodecahedron","SsserpentHead","Potion Belt","Boot","Sling","Orichalcum"],"potions_floor_usage":[6,14,16],"damage_taken":[{"damage":16,"enemies":"Jaw Worm","floor":1,"turns":2},{"damage":4,"enemies":"2 Louse","floor":4,"turns":3},{"damage":60,"enemies":"Lagavulin","floor":6,"turns":8},{"damage":3,"enemies":"Cultist","floor":11,"turns":3},{"damage":26,"enemies":"Blue Slaver","floor":12,"turns":4},{"damage":7,"enemies":"3 Louse","floor":14,"turns":3},{"damage":73,"enemies":"Hexaghost","floor":16,"turns":9}],"seed_played":"-2205032152784244808","potions_obtained":[{"floor":4,"key":"Block Potion"},{"floor":12,"key":"PowerPotion"},{"floor":14,"key":"Swift Potion"}],"is_trial":false,"path_per_floor":["M","?","?","M","?","E","R","$","T","$","M","M","R","M","R"],"character_chosen":"IRONCLAD","items_purchased":["Sling","Perfected Strike","Shrug It Off"],"campfire_rested":3,"item_purchase_floors":[8,10,10],"current_hp_per_floor":[70,67,67,69,69,15,39,39,39,39,42,22,46,45,69,0],"gold":106,"neow_bonus":"TRANSFORM_CARD","is_prod":false,"is_daily":false,"chose_seed":false,"campfire_upgraded":0,"win_rate":0,"timestamp":1531733152,"path_taken":["M","?","?","M","?","E","R","?","T","$","M","M","R","?","R","BOSS"],"build_version":"2018-07-12","purchased_purges":0,"victory":false,"max_hp_per_floor":[80,80,80,80,80,80,80,80,80,80,80,80,80,80,80,80],"card_choices":[{"not_picked":["Flex","Warcry"],"picked":"Sentinel","floor":1},{"not_picked":["Sword Boomerang","Reckless Charge"],"picked":"Infernal Blade","floor":4},{"not_picked":["Sentinel","Sever Soul"],"picked":"Rampage","floor":6},{"not_picked":["Intimidate","Searing Blow"],"picked":"Thunderclap","floor":11},{"not_picked":["Bloodletting","Flex"],"picked":"Anger","floor":12},{"not_picked":["Reckless Charge","Power Through"],"picked":"Sword Boomerang","floor":14}],"player_experience":270748,"relics_obtained":[{"floor":6,"key":"Boot"},{"floor":9,"key":"Orichalcum"}],"event_choices":[{"event_name":"Scrap Ooze","player_choice":"success","floor":2,"damage_taken":3},{"event_name":"FaceTrader","player_choice":"Trade","floor":3,"damage_taken":0},{"event_name":"Big Fish","player_choice":"Box","floor":5,"damage_taken":0}],"boss_relics":[],"items_purged_floors":[],"is_endless":false,"potions_floor_spawned":[4,12,14],"killed_by":"Hexaghost","ascension_level":1}