{"gold_per_floor":[114,114,114,132,152,152,190,211,236,236,236,279,297,312,312,411,411,427,470,470,485,410,410,410,325,325,325,339,339,134,59,59,152,152,170,184,16,16],"floor_reached":38,"playtime":953,"items_purged":["Strike_R"],"score":914,"play_id":"c7ece131-d1cd-4692-b9b6-b5c979d64baa","local_time":"20190922124805","is_ascension_mode":true,"campfire_choices":[{"data":"Rage","floor":6.0,"key":"SMITH"},{"data":"Demon Form","floor":10.0,"key":"SMITH"},{"floor":15.0,"key":"REST"},{"floor":23,"key":"REST"},{"data":"Heavy Blade","floor":27,"key":"SMITH"},{"data":"Heavy Blade","floor":29,"key":"SMITH"},{"floor":32,"key":"REST"}],"neow_cost":"NONE","seed_source_timestamp":476699024370700,"circlet_count":0,"master_deck":["AscendersBane","Strike_R","Strike_R","Strike_R","Strike_R","Defend_R","Defend_R","Defend_R","Defend_R","Bash","Anger+1","Rage+1","Power Through","Battle Trance","Demon Form+1","Heavy Blade+1","Pummel","Limit Break","Evolve","Heavy Blade+1","Apotheosis+1","Offering+1","CurseOfTheBell","Shrug It Off+1","Corruption","Reaper"],"special_seed":0,"relics":["Burning Blood","Golden Idol","Orichalcum","Boot","Pen Nib","Juzu Bracelet","Cursed Key","Red Mask","Toxic Egg 2","Vajra","Calling Bell","Centennial Puzzle","Matryoshka","Ginger"],"potions_floor_usage":[19,19,33,38],"damage_taken":[{"damage":1.0,"enemies":"2 Louse","floor":1.0,"turns":3.0},{"damage":3.0,"enemies":"Jaw Worm","floor":4.0,"turns":2.0},{"damage":2.0,"enemies":"Small Slimes","floor":5.0,"turns":5.0},{"damage":12.0,"enemies":"3 Sentries","floor":7.0,"turns":9.0},{"damage":2.0,"enemies":"Exordium Wildlife","floor":8.0,"turns":4.0},{"damage":20.0,"enemies":"Gremlin Nob","floor":12.0,"turns":4.0},{"damage":10.0,"enemies":"Exordium Thugs","floor":13.0,"turns":5.0},{"damage":2.0,"enemies":"Blue Slaver","floor":14.0,"turns":3.0},{"damage":0.0,"enemies":"Slime Boss","floor":16.0,"turns":5.0},{"damage":8.0,"enemies":"Spheric Guardian","floor":18.0,"turns":4.0},{"damage":59,"enemies":"Masked Bandits","floor":19,"turns":5},{"damage":12,"enemies":"Chosen","floor":21,"turns":5},{"damage":19,"enemies":"Snake Plant","floor":28,"turns":4},{"damage":17,"enemies":"Collector","floor":33,"turns":6},{"damage":18,"enemies":"Orb Walker","floor":35,"turns":3},{"damage":48,"enemies":"3 Darklings","floor":36,"turns":5},{"damage":23,"enemies":"Sphere and 2 Shapes","floor":38,"turns":3}],"seed_played":"3129592002215166447","potions_obtained":[{"floor":4.0,"key":"SkillPotion"},{"floor":5.0,"key":"SteroidPotion"},{"floor":12.0,"key":"Ancient Potion"},{"floor":19,"key":"Fruit Juice"},{"floor":21,"key":"AttackPotion"},{"floor":28,"key":"PowerPotion"},{"floor":35,"key":"Swift Potion"}],"is_trial":false,"path_per_floor":["M","?","?","M","M","R","E","M","T","R","?","E","M","M","R","B",null,"M","?","?","M","$","R","T","?","T","R","M","R","$","?","R","B",null,"M","M","$","M"],"character_chosen":"IRONCLAD","items_purchased":["Apotheosis+1","Reaper"],"campfire_rested":3,"item_purchase_floors":[30,37],"current_hp_per_floor":[73,47,36,39,43,43,37,41,41,41,41,27,23,27,49,55,70,68,20,36,30,30,54,54,54,54,54,41,41,41,41,65,54,74,62,20,20,0],"gold":16,"neow_bonus":"THREE_CARDS","is_prod":false,"is_daily":false,"chose_seed":false,"campfire_upgraded":4,"win_rate":0,"timestamp":1569181685,"path_taken":["M","?","?","M","M","R","E","M","T","R","?","E","M","M","R","BOSS","M","?","?","M","$","R","?","?","T","R","M","R","$","?","R","BOSS","M","M","$","M"],"build_version":"2019-09-20","purchased_purges":1,"victory":false,"max_hp_per_floor":[75,75,75,75,75,75,75,75,75,75,75,75,75,75,75,75,75,75,80,80,80,80,80,80,80,80,80,80,80,80,80,80,80,80,80,80,80,80],"card_choices":[{"not_picked":["Sever Soul","Thunderclap"],"picked":"Anger","floor":0.0},{"not_picked":["Cleave","Flex"],"picked":"Rage","floor":1.0},{"not_picked":["Thunderclap","Armaments","Body Slam"],"picked":"SKIP","floor":4.0},{"not_picked":["Flex","Cleave"],"picked":"Power Through","floor":5.0},{"not_picked":["Reckless Charge","Infernal Blade"],"picked":"Battle Trance","floor":7.0},{"not_picked":["Dual Wield","Metallicize"],"picked":"Demon Form","floor":8.0},{"not_picked":["Sever Soul","Pummel"],"picked":"Heavy Blade","floor":12.0},{"not_picked":["Headbutt","Armaments","Cleave"],"picked":"SKIP","floor":13.0},{"not_picked":["Cleave","Intimidate"],"picked":"Pummel","floor":14.0},{"not_picked":["Fiend Fire","Exhume"],"picked":"Limit Break","floor":16.0},{"not_picked":["Flex","Cleave"],"picked":"Evolve","floor":18.0},{"not_picked":["Wild Strike+1","Rupture+1"],"picked":"Heavy Blade","floor":19},{"not_picked":["Havoc","Body Slam","Infernal Blade"],"picked":"SKIP","floor":21},{"not_picked":["Perfected Strike","Fire Breathing","Iron Wave"],"picked":"SKIP","floor":28},{"not_picked":["Limit Break+1","Dark Embrace"],"picked":"Offering+1","floor":33},{"not_picked":["Intimidate+1","Iron Wave"],"picked":"Shrug It Off+1","floor":35},{"not_picked":["Metallicize+1","Bloodletting+1"],"picked":"Corruption","floor":36}],"player_experience":962241,"relics_obtained":[{"floor":7.0,"key":"Boot"},{"floor":9.0,"key":"Pen Nib"},{"floor":12.0,"key":"Juzu Bracelet"},{"floor":19,"key":"Red Mask"},{"floor":24,"key":"Toxic Egg 2"},{"floor":34,"key":"Centennial Puzzle"},{"floor":34,"key":"Matryoshka"},{"floor":34,"key":"Ginger"}],"event_choices":[{"damage_healed":0.0,"max_hp_gain":0.0,"max_hp_loss":0.0,"gold_gain":0.0,"event_name":"Golden Idol","player_choice":"Take Damage","floor":2.0,"gold_loss":0.0,"damage_taken":26.0,"relics_obtained":["Golden Idol"]},{"damage_healed":0.0,"max_hp_gain":0.0,"max_hp_loss":0.0,"gold_gain":0.0,"event_name":"Scrap Ooze","player_choice":"Success","floor":3.0,"gold_loss":0.0,"damage_taken":11.0,"relics_obtained":["Orichalcum"]},{"damage_healed":0.0,"max_hp_gain":0.0,"max_hp_loss":0.0,"gold_gain":0.0,"event_name":"Upgrade Shrine","player_choice":"Upgraded","floor":11.0,"gold_loss":0.0,"damage_taken":0.0,"cards_upgraded":["Anger"]},{"damage_healed":0,"gold_gain":0,"player_choice":"Fought Bandits","damage_taken":0,"max_hp_gain":0,"max_hp_loss":0,"event_name":"Masked Bandits","floor":19,"gold_loss":0},{"damage_healed":16,"gold_gain":0,"player_choice":"Heal","damage_taken":0,"max_hp_gain":0,"max_hp_loss":0,"event_name":"The Library","floor":20,"gold_loss":0},{"damage_healed":0,"gold_gain":0,"player_choice":"Obtained Relic","damage_taken":0,"relics_obtained":["Vajra"],"max_hp_gain":0,"max_hp_loss":0,"event_name":"Addict","floor":25,"gold_loss":85},{"cards_removed":["Clumsy"],"damage_healed":0,"gold_gain":0,"player_choice":"Gave Gold","damage_taken":0,"max_hp_gain":0,"max_hp_loss":0,"event_name":"Beggar","floor":31,"gold_loss":75}],"is_beta":true,"boss_relics":[{"not_picked":["Coffee Dripper","Busted Crown"],"picked":"Cursed Key"},{"not_picked":["Empty Cage","SlaversCollar"],"picked":"Calling Bell"}],"items_purged_floors":[22],"is_endless":false,"potions_floor_spawned":[4,5,12,16,19,21,28,35],"killed_by":"Sphere and 2 Shapes","ascension_level":20}