{"path_per_floor":["M","M","?","?","?","R","$","R","T","M","M","?","M","$","R","B",null,"M","?","$","?","?","R","M","M","T","M","M","T"],"character_chosen":"IRONCLAD","items_purchased":["Singing Bowl","Pummel","Shrug It Off","Feed"],"gold_per_floor":[114,129,129,204,204,204,19,19,19,38,57,57,76,28,28,153,153,172,172,28,28,28,28,47,66,66,85,104,129,129],"floor_reached":30,"campfire_rested":0,"playtime":3377,"item_purchase_floors":[7,7,14,20],"current_hp_per_floor":[80,80,80,69,62,62,62,62,62,68,74,74,80,80,80,62,80,49,49,49,49,49,49,40,26,26,22,19,19,0],"items_purged":[],"gold":129,"score":245,"play_id":"e2dbcc00-cf1e-449e-aca6-89212d873aca","local_time":"20180615043656","daily_mods":["Brewmaster","Time Dilation","Lethality"],"is_prod":false,"is_daily":true,"chose_seed":false,"is_ascension_mode":false,"campfire_upgraded":4,"win_rate":0,"timestamp":1529051816,"campfire_choices":[{"data":"Perfected Strike","floor":6,"key":"SMITH"},{"data":"Pummel","floor":8,"key":"SMITH"},{"data":"Inflame","floor":15,"key":"SMITH"},{"data":"Barricade","floor":23,"key":"SMITH"}],"path_taken":["M","M","?","?","?","R","$","R","T","M","?","?","M","$","R","BOSS","M","?","$","?","?","R","M","?","T","M","M","?","E"],"build_version":"2018-06-14v2","seed_source_timestamp":0,"purchased_purges":0,"victory":false,"master_deck":["Strike_R","Strike_R","Strike_R","Strike_R","Strike_R","Defend_R","Defend_R","Defend_R","Defend_R","Bash","Venomology","Venomology","Venomology","Venomology","Intimidate","Perfected Strike+1","Pummel+1","Inflame+1","Metallicize","Perfected Strike","Anger","Shrug It Off","Barricade+1","Headbutt+1","Feed","Metallicize","Warcry","Perfected Strike"],"max_hp_per_floor":[80,80,80,80,80,80,80,80,80,80,80,80,80,80,80,80,80,80,80,80,80,80,80,82,82,82,87,87,87,87],"special_seed":17697,"relics":["Burning Blood","White Beast Statue","Golden Idol","Singing Bowl","Shuriken","Busted Crown","Anchor","Bronze Scales"],"card_choices":[{"not_picked":["Anger","Rampage"],"picked":"Intimidate","floor":1},{"not_picked":["Battle Trance","Anger"],"picked":"Perfected Strike","floor":2},{"not_picked":["Shrug It Off","Power Through"],"picked":"Inflame","floor":10},{"not_picked":["Armaments","Clothesline"],"picked":"Metallicize","floor":11},{"not_picked":["Heavy Blade","Headbutt"],"picked":"Anger","floor":13},{"not_picked":["Exhume","Impervious"],"picked":"Barricade","floor":16},{"not_picked":[],"picked":"Headbutt+1","floor":18},{"not_picked":["True Grit"],"picked":"Singing Bowl","floor":24},{"not_picked":[],"picked":"Warcry","floor":25},{"not_picked":["Sentinel+1"],"picked":"Singing Bowl","floor":27},{"not_picked":[],"picked":"Perfected Strike","floor":28}],"player_experience":203982,"potions_floor_usage":[1,1,2,2,2,2,10,10,11,13,16,16,16,16,16,16,16,18,24,25,25,25,25,25,27,27,27,27,28,28,28,28,28,30,30,30],"damage_taken":[{"damage":4,"enemies":"Cultist","floor":1,"turns":3},{"damage":0,"enemies":"Small Slimes","floor":2,"turns":2},{"damage":0,"enemies":"2 Louse","floor":10,"turns":1},{"damage":0,"enemies":"2 Fungi Beasts","floor":11,"turns":2},{"damage":0,"enemies":"Large Slime","floor":13,"turns":2},{"damage":30,"enemies":"The Guardian","floor":16,"turns":7},{"damage":37,"enemies":"2 Thieves","floor":18,"turns":3},{"damage":17,"enemies":"3 Byrds","floor":24,"turns":4},{"damage":20,"enemies":"Sentry and Sphere","floor":25,"turns":5},{"damage":38,"enemies":"Cultist and Chosen","floor":27,"turns":8},{"damage":23,"enemies":"3 Cultists","floor":28,"turns":5},{"damage":33,"enemies":"Slavers","floor":30,"turns":3}],"relics_obtained":[{"floor":9,"key":"Shuriken"},{"floor":26,"key":"Anchor"},{"floor":29,"key":"Bronze Scales"}],"event_choices":[{"event_name":"Golden Idol","player_choice":"Take Wound","floor":3,"damage_taken":0},{"event_name":"World of Goop","player_choice":"Gather Gold","floor":4,"damage_taken":0},{"event_name":"Golden Wing","player_choice":"Card Removal","floor":5,"damage_taken":0},{"event_name":"Living Wall","player_choice":"Change","floor":12,"damage_taken":0},{"event_name":"Ghosts","player_choice":"Ignored","floor":19,"damage_taken":0},{"event_name":"Drug Dealer","player_choice":"Ignored","floor":21,"damage_taken":0},{"event_name":"The Library","player_choice":"Read","floor":22,"damage_taken":0}],"boss_relics":[{"not_picked":["Astrolabe","Runic Pyramid"],"picked":"Busted Crown"}],"items_purged_floors":[],"is_endless":false,"potions_floor_spawned":[1,2,10,11,13,16,18,24,25,27,28],"seed_played":"-2070942787049957180","killed_by":"Slavers","ascension_level":0,"potions_obtained":[{"floor":1,"key":"SkillPotion"},{"floor":2,"key":"SteroidPotion"},{"floor":10,"key":"AttackPotion"},{"floor":11,"key":"FearPotion"},{"floor":13,"key":"SpeedPotion"},{"floor":16,"key":"Weak Potion"},{"floor":18,"key":"Fire Potion"},{"floor":24,"key":"Block Potion"},{"floor":25,"key":"SkillPotion"},{"floor":27,"key":"Weak Potion"},{"floor":28,"key":"Fire Potion"}],"is_trial":false}