{"gold_per_floor":[112,128,128,39,39,39,64,74,74,104,279,298,315,348,348,445,445,461,5,5,24,54,54,82,94,106,118,156,188,38,55,55,155,155,168,181,198,215,215,215,1,1],"floor_reached":42,"playtime":2874,"items_purged":[],"score":580,"play_id":"1c4d83a3-3a51-41d4-a88c-2e153bd5b399","local_time":"20190515230409","is_ascension_mode":true,"campfire_choices":[{"data":"Zap","floor":6,"key":"SMITH"},{"floor":15,"key":"REST"},{"floor":23,"key":"REST"},{"floor":27,"key":"REST"},{"data":"Ghostly","floor":32,"key":"SMITH"},{"data":"Ghostly","floor":40,"key":"SMITH"}],"neow_cost":"NONE","seed_source_timestamp":21217513418825,"circlet_count":0,"master_deck":["Strike_B+1","Strike_B","Strike_B","Strike_B","Defend_B","Defend_B","Defend_B","Defend_B","Zap+1","Dualcast","Beam Cell","Turbo","Jack Of All Trades+1","Chaos","Loop","Conserve Battery","Beam Cell","Beam Cell","Defragment","All For One","Loop","Magnetism+1","Rip and Tear","Chill","Aggregate","Ball Lightning","Steam+1","Ghostly+1","Ghostly+1","Ghostly","Ghostly","Ghostly","Beam Cell+1","Self Repair+1","Magnetism+1","Conserve Battery+1","Echo Form+1","Steam Power","Beam Cell+1","Melter","Go for the Eyes+1","FTL","Static Discharge+1","Sunder"],"relics":["Cracked Core","NeowsBlessing","Cables","Bottled Flame","Mercury Hourglass","Mummified Hand","Black Star","Frozen Egg 2","Red Mask","MawBank","Meat on the Bone","Bottled Lightning","Oddly Smooth Stone","Blue Candle","Inserter"],"potions_floor_usage":[13,14,14,14,14,14,14,14,16,24,24,24,31,33,33,37],"damage_taken":[{"damage":0,"enemies":"2 Louse","floor":1,"turns":1},{"damage":0,"enemies":"Cultist","floor":2,"turns":1},{"damage":0,"enemies":"Gremlin Nob","floor":7,"turns":1},{"damage":5,"enemies":"Jaw Worm","floor":8,"turns":4},{"damage":26,"enemies":"3 Sentries","floor":10,"turns":6},{"damage":0,"enemies":"2 Fungi Beasts","floor":12,"turns":3},{"damage":8,"enemies":"3 Louse","floor":13,"turns":3},{"damage":4,"enemies":"Gremlin Nob","floor":14,"turns":3},{"damage":30,"enemies":"Slime Boss","floor":16,"turns":10},{"damage":33,"enemies":"Shell Parasite","floor":18,"turns":6},{"damage":3,"enemies":"Chosen","floor":21,"turns":4},{"damage":11,"enemies":"Masked Bandits","floor":22,"turns":5},{"damage":38,"enemies":"Gremlin Leader","floor":24,"turns":6},{"damage":1,"enemies":"Slavers","floor":28,"turns":8},{"damage":1,"enemies":"Centurion and Healer","floor":29,"turns":6},{"damage":9,"enemies":"Snake Plant","floor":31,"turns":4},{"damage":8,"enemies":"Automaton","floor":33,"turns":11},{"damage":1,"enemies":"3 Darklings","floor":35,"turns":5},{"damage":13,"enemies":"Orb Walker","floor":36,"turns":4},{"damage":7,"enemies":"Jaw Worm Horde","floor":37,"turns":6},{"damage":12,"enemies":"Sphere and 2 Shapes","floor":38,"turns":6},{"damage":39,"enemies":"Spire Growth","floor":42,"turns":4}],"seed_played":"1402844961724324387","potions_obtained":[{"floor":3,"key":"SkillPotion"},{"floor":3,"key":"Ancient Potion"},{"floor":3,"key":"FearPotion"},{"floor":8,"key":"Energy Potion"},{"floor":10,"key":"EntropicBrew"},{"floor":13,"key":"Poison Potion"},{"floor":14,"key":"SpeedPotion"},{"floor":16,"key":"Explosive Potion"},{"floor":18,"key":"LiquidBronze"},{"floor":24,"key":"Ancient Potion"},{"floor":28,"key":"LiquidBronze"},{"floor":29,"key":"EssenceOfSteel"},{"floor":31,"key":"Swift Potion"},{"floor":35,"key":"Regen Potion"},{"floor":36,"key":"FearPotion"}],"is_trial":false,"path_per_floor":["M","M","?","$","?","R","E","M","T","E","?","M","M","E","R","B",null,"M","$","?","M","?","R","E","?","T","R","E","M","$","M","R","B",null,"M","M","M","M","?","R","$","M"],"character_chosen":"DEFECT","items_purchased":["Jack Of All Trades","Frozen Egg 2","Magnetism+1","Rip and Tear","Magnetism+1","FTL","Static Discharge+1","Sunder"],"campfire_rested":3,"item_purchase_floors":[4,19,19,19,30,41,41,41],"current_hp_per_floor":[75,75,75,75,60,60,60,55,55,29,29,29,21,17,39,9,75,42,42,42,39,28,50,12,12,12,23,22,21,21,34,34,26,37,37,24,32,30,30,30,30,0],"gold":1,"neow_bonus":"THREE_ENEMY_KILL","is_prod":false,"is_daily":false,"chose_seed":false,"campfire_upgraded":3,"win_rate":0,"timestamp":1557975849,"path_taken":["M","M","?","?","?","R","E","M","T","E","?","M","M","E","R","BOSS","M","$","?","M","?","R","E","?","T","R","E","M","$","M","R","BOSS","M","M","M","M","?","R","$","?"],"build_version":"2019-01-23","purchased_purges":0,"victory":false,"max_hp_per_floor":[75,75,75,75,75,75,75,75,75,75,75,75,75,75,75,75,75,75,75,75,75,75,75,75,37,37,37,37,37,37,37,37,37,37,37,37,37,37,37,37,37,37],"card_choices":[{"not_picked":["Barrage","Leap"],"picked":"Beam Cell","floor":1},{"not_picked":["Sweeping Beam","Hologram"],"picked":"Turbo","floor":2},{"not_picked":["Barrage","Sweeping Beam"],"picked":"Chaos","floor":7},{"not_picked":["Barrage","Redo"],"picked":"Loop","floor":8},{"not_picked":["Sweeping Beam","Steam"],"picked":"Conserve Battery","floor":10},{"not_picked":["Darkness","Biased Cognition"],"picked":"Beam Cell","floor":12},{"not_picked":["Glacier","Chaos"],"picked":"Beam Cell","floor":13},{"not_picked":["Force Field","Leap"],"picked":"Defragment","floor":14},{"not_picked":["Buffer","Core Surge"],"picked":"All For One","floor":16},{"not_picked":["Turbo","Redo"],"picked":"Loop","floor":18},{"not_picked":["Streamline+1","Barrage"],"picked":"Aggregate","floor":21},{"not_picked":["Barrage","Consume"],"picked":"Ball Lightning","floor":22},{"not_picked":["Leap","Recycle"],"picked":"Steam+1","floor":24},{"not_picked":["Aggregate","Core Surge"],"picked":"Beam Cell+1","floor":28},{"not_picked":["Consume","Hello World+1"],"picked":"Self Repair+1","floor":29},{"not_picked":["Stack","Undo+1"],"picked":"Conserve Battery+1","floor":31},{"not_picked":["Electrodynamics+1","Seek"],"picked":"Echo Form+1","floor":33},{"not_picked":["Coolheaded+1","Steam+1"],"picked":"Steam Power","floor":35},{"not_picked":["Glacier+1","Hologram+1"],"picked":"Beam Cell+1","floor":36},{"not_picked":["Barrage+1","Compile Driver+1"],"picked":"Melter","floor":37},{"not_picked":["Streamline","All For One"],"picked":"Go for the Eyes+1","floor":38}],"player_experience":674349,"relics_obtained":[{"floor":7,"key":"Cables"},{"floor":9,"key":"Bottled Flame"},{"floor":10,"key":"Mercury Hourglass"},{"floor":14,"key":"Mummified Hand"},{"floor":22,"key":"Red Mask"},{"floor":24,"key":"MawBank"},{"floor":24,"key":"Meat on the Bone"},{"floor":26,"key":"Bottled Lightning"},{"floor":28,"key":"Oddly Smooth Stone"},{"floor":28,"key":"Blue Candle"}],"event_choices":[{"damage_healed":0,"gold_gain":0,"player_choice":"Got Potions","damage_taken":0,"max_hp_gain":0,"max_hp_loss":0,"event_name":"Lab","floor":3,"gold_loss":0},{"damage_healed":0,"gold_gain":0,"player_choice":"Entered Light","damage_taken":15,"max_hp_gain":0,"max_hp_loss":0,"event_name":"Shining Light","floor":5,"gold_loss":0,"cards_upgraded":["Jack Of All Trades","Strike_B"]},{"damage_healed":0,"gold_gain":175,"player_choice":"AGREE","damage_taken":0,"max_hp_gain":0,"max_hp_loss":0,"event_name":"Liars Game","floor":11,"gold_loss":0,"cards_obtained":["Doubt"]},{"damage_healed":0,"gold_gain":0,"player_choice":"Read","damage_taken":0,"max_hp_gain":0,"max_hp_loss":0,"event_name":"The Library","floor":20,"gold_loss":0,"cards_obtained":["Chill"]},{"damage_healed":0,"gold_gain":0,"player_choice":"Fought Bandits","damage_taken":0,"max_hp_gain":0,"max_hp_loss":0,"event_name":"Masked Bandits","floor":22,"gold_loss":0},{"damage_healed":0,"gold_gain":0,"player_choice":"Became a Ghost","damage_taken":0,"max_hp_gain":0,"max_hp_loss":38,"event_name":"Ghosts","floor":25,"gold_loss":0,"cards_obtained":["Ghostly","Ghostly","Ghostly","Ghostly","Ghostly"]},{"cards_removed":["Doubt"],"damage_healed":0,"gold_gain":0,"player_choice":"Removed Curses","damage_taken":0,"max_hp_gain":0,"max_hp_loss":0,"event_name":"Fountain of Cleansing","floor":39,"gold_loss":0}],"is_beta":false,"boss_relics":[{"not_picked":["Tiny House","Coffee Dripper"],"picked":"Black Star"},{"not_picked":["Runic Dome","Sozu"],"picked":"Inserter"}],"items_purged_floors":[],"is_endless":false,"potions_floor_spawned":[8,10,12,13,14,16,18,24,28,29,31,35,36],"killed_by":"Spire Growth","ascension_level":1}