{"gold_per_floor":[129,153,185,210,235,247,286,298,310,296,32,60,60,90,90,166,166,178,228,228,248,267,267,282,317,340,340,340,340,351,365,365,365],"floor_reached":33,"playtime":1026,"items_purged":[],"score":542,"play_id":"a37ee0d4-530c-4194-b7a3-fb3b0edab627","local_time":"20190917111408","is_ascension_mode":true,"campfire_choices":[{"data":"Clothesline","floor":6,"key":"SMITH"},{"data":"Bash","floor":8,"key":"SMITH"},{"floor":13,"key":"REST"},{"floor":15,"key":"REST"},{"data":"Juggernaut","floor":23,"key":"SMITH"},{"floor":27,"key":"REST"},{"data":"Anger","floor":29,"key":"SMITH"},{"floor":32,"key":"REST"}],"neow_cost":"NONE","seed_source_timestamp":39007220438800,"circlet_count":0,"master_deck":["AscendersBane","Bash+1","Clothesline+1","Reckless Charge","Ghostly Armor","Anger+1","Anger+1","Juggernaut+1","Havoc","Brutality","Brutality","Uppercut+1","Dropkick+1","Bloodletting","Impervious","Corruption","Carnage+1","Shrug It Off","Evolve+1","Feed+1","Anger+1","Ghostly Armor+1"],"relics":["Burning Blood","MawBank","Paper Frog","Mummified Hand","Molten Egg 2","Bag of Marbles","Pandora\u0027s Box","Nloth\u0027s Gift","Red Mask","Anchor"],"potions_floor_usage":[5,10,16,25,28],"damage_taken":[{"damage":1,"enemies":"Cultist","floor":1,"turns":4},{"damage":8,"enemies":"2 Louse","floor":2,"turns":3},{"damage":7,"enemies":"Jaw Worm","floor":3,"turns":2},{"damage":7,"enemies":"Blue Slaver","floor":4,"turns":5},{"damage":5,"enemies":"Red Slaver","floor":5,"turns":3},{"damage":37,"enemies":"Lagavulin","floor":7,"turns":9},{"damage":3,"enemies":"Exordium Thugs","floor":10,"turns":4},{"damage":40,"enemies":"3 Sentries","floor":12,"turns":10},{"damage":31,"enemies":"Gremlin Nob","floor":14,"turns":4},{"damage":23,"enemies":"Hexaghost","floor":16,"turns":9},{"damage":3,"enemies":"Chosen","floor":18,"turns":3},{"damage":1,"enemies":"2 Thieves","floor":21,"turns":2},{"damage":7,"enemies":"Chosen and Byrds","floor":22,"turns":4},{"damage":25,"enemies":"Shelled Parasite and Fungi","floor":24,"turns":3},{"damage":33,"enemies":"Masked Bandits","floor":25,"turns":4},{"damage":0,"enemies":"Snake Plant","floor":28,"turns":2},{"damage":15,"enemies":"Sentry and Sphere","floor":30,"turns":4},{"damage":17,"enemies":"Shelled Parasite and Fungi","floor":31,"turns":4},{"damage":72,"enemies":"Collector","floor":33,"turns":7}],"seed_played":"4460919260441611986","potions_obtained":[{"floor":1,"key":"Energy Potion"},{"floor":7,"key":"Block Potion"},{"floor":10,"key":"SpeedPotion"},{"floor":14,"key":"Fire Potion"},{"floor":16,"key":"EssenceOfSteel"},{"floor":25,"key":"SmokeBomb"}],"is_trial":false,"path_per_floor":["M","M","M","M","M","R","E","R","T","M","$","E","R","E","R","B",null,"M","?","?","M","M","R","M","?","T","R","M","R","M","M","R","B"],"character_chosen":"IRONCLAD","items_purchased":["Mummified Hand"],"campfire_rested":4,"item_purchase_floors":[11],"current_hp_per_floor":[73,71,70,69,70,70,39,39,39,44,44,10,33,10,33,16,63,68,68,68,73,72,72,53,26,26,50,56,56,51,44,70,0],"gold":365,"neow_bonus":"RANDOM_COMMON_RELIC","is_prod":false,"is_daily":false,"chose_seed":false,"campfire_upgraded":4,"win_rate":0,"timestamp":1568744048,"path_taken":["M","?","?","M","M","R","E","R","T","M","$","E","R","E","R","BOSS","M","?","?","?","M","R","M","?","T","R","M","R","M","M","R","BOSS"],"build_version":"2019-07-17","purchased_purges":0,"victory":false,"max_hp_per_floor":[75,75,75,75,75,75,75,75,75,77,77,77,77,79,79,79,79,81,81,81,81,81,81,81,81,81,81,81,81,85,89,89,89],"card_choices":[{"not_picked":["Combust","Heavy Blade"],"picked":"Clothesline","floor":1},{"not_picked":["Armaments","Clash"],"picked":"Reckless Charge","floor":2},{"not_picked":["Body Slam","Havoc"],"picked":"Ghostly Armor","floor":3},{"not_picked":["True Grit","Clothesline","Sword Boomerang"],"picked":"SKIP","floor":4},{"not_picked":["Heavy Blade","Iron Wave","Intimidate"],"picked":"SKIP","floor":5},{"not_picked":["Flex","Double Tap"],"picked":"Anger","floor":7},{"not_picked":["Carnage","True Grit","Twin Strike"],"picked":"Singing Bowl","floor":10},{"not_picked":["Sword Boomerang","Metallicize"],"picked":"Anger","floor":12},{"not_picked":["Twin Strike+1","Intimidate","Sword Boomerang+1"],"picked":"Singing Bowl","floor":14},{"not_picked":["Fiend Fire+1","Brutality"],"picked":"Juggernaut","floor":16},{"not_picked":["Corruption","Cleave+1","Iron Wave+1"],"picked":"Singing Bowl","floor":18},{"not_picked":["Iron Wave+1","Fiend Fire+1","Sword Boomerang+1"],"picked":"SKIP","floor":21},{"not_picked":["Combust","Heavy Blade+1"],"picked":"Shrug It Off","floor":22},{"not_picked":["Armaments+1","Pommel Strike+1"],"picked":"Evolve+1","floor":24},{"not_picked":["Searing Blow+1","Pommel Strike+1"],"picked":"Feed+1","floor":25},{"not_picked":["Seeing Red","Pommel Strike+1"],"picked":"Anger+1","floor":30},{"not_picked":["Warcry","Clothesline+1"],"picked":"Ghostly Armor+1","floor":31}],"player_experience":810653,"relics_obtained":[{"floor":7,"key":"Singing Bowl"},{"floor":9,"key":"Paper Frog"},{"floor":12,"key":"Molten Egg 2"},{"floor":14,"key":"Bag of Marbles"},{"floor":25,"key":"Red Mask"},{"floor":26,"key":"Anchor"}],"event_choices":[{"damage_healed":0,"gold_gain":50,"player_choice":"Stole From Cult","damage_taken":0,"max_hp_gain":0,"max_hp_loss":0,"event_name":"Nest","floor":19,"gold_loss":0},{"damage_healed":0,"gold_gain":0,"player_choice":"Traded Relic","damage_taken":0,"relics_obtained":["Nloth\u0027s Gift"],"max_hp_gain":0,"max_hp_loss":0,"event_name":"N\u0027loth","floor":20,"relics_lost":["Singing Bowl"],"gold_loss":0},{"damage_healed":0,"gold_gain":0,"player_choice":"Fought Bandits","damage_taken":0,"max_hp_gain":0,"max_hp_loss":0,"event_name":"Masked Bandits","floor":25,"gold_loss":0}],"is_beta":false,"boss_relics":[{"not_picked":["Runic Pyramid","Coffee Dripper"],"picked":"Pandora\u0027s Box"}],"items_purged_floors":[],"is_endless":false,"potions_floor_spawned":[1,7,10,14,16,21,22,24,25],"killed_by":"Collector","ascension_level":20}