{"gold_per_floor":[114,129,144,159,234,249,15,30,55,85,100,100,169,184,184,284,284,299,299,314,329,344,359,374,374],"floor_reached":25,"playtime":2020,"items_purged":[],"score":213,"play_id":"cd15448c-8bed-4143-aee0-64c468f939ac","local_time":"20190508212023","daily_mods":["Heirloom","Green Cards","Binary"],"is_ascension_mode":false,"campfire_choices":[{"data":"Pommel Strike","floor":15,"key":"SMITH"}],"neow_cost":"","seed_source_timestamp":0,"circlet_count":0,"master_deck":["Strike_R","Strike_R","Strike_R","Strike_R","Strike_R","Defend_R","Defend_R+1","Defend_R","Defend_R+1","Bash","Poisoned Stab","Backstab","Pommel Strike+1","Berserk","Flying Knee","Caltrops","Choke","Predator","Clash","Parasite","Anger","Immolate","Sword Boomerang+1","Armaments+1","Shrug It Off","Fire Breathing","Cloak And Dagger+1","Slice"],"special_seed":18025,"relics":["Burning Blood","Bird Faced Urn","HandDrill","War Paint","Mummified Hand","Runic Cube"],"potions_floor_usage":[10,10,16,21,21,22,25],"damage_taken":[{"damage":2,"enemies":"Small Slimes","floor":1,"turns":4},{"damage":11,"enemies":"2 Louse","floor":2,"turns":3},{"damage":1,"enemies":"Cultist","floor":3,"turns":3},{"damage":12,"enemies":"Blue Slaver","floor":4,"turns":3},{"damage":10,"enemies":"Looter","floor":6,"turns":2},{"damage":11,"enemies":"Large Slime","floor":8,"turns":6},{"damage":39,"enemies":"3 Sentries","floor":10,"turns":6},{"damage":10,"enemies":"2 Fungi Beasts","floor":11,"turns":3},{"damage":13,"enemies":"Blue Slaver","floor":14,"turns":2},{"damage":19,"enemies":"Slime Boss","floor":16,"turns":8},{"damage":21,"enemies":"Chosen","floor":18,"turns":5},{"damage":30,"enemies":"2 Thieves","floor":20,"turns":3},{"damage":15,"enemies":"Snecko","floor":21,"turns":3},{"damage":23,"enemies":"Centurion and Healer","floor":22,"turns":5},{"damage":23,"enemies":"Chosen and Byrds","floor":23,"turns":5},{"damage":22,"enemies":"Cultist and Chosen","floor":24,"turns":5},{"damage":23,"enemies":"Gremlin Leader","floor":25,"turns":2}],"seed_played":"8493715503740847636","potions_obtained":[{"floor":1,"key":"SteroidPotion"},{"floor":3,"key":"Poison Potion"},{"floor":6,"key":"Energy Potion"},{"floor":8,"key":"AttackPotion"},{"floor":11,"key":"SpeedPotion"},{"floor":18,"key":"PowerPotion"},{"floor":20,"key":"AttackPotion"},{"floor":24,"key":"FearPotion"}],"is_trial":false,"path_per_floor":["M","M","M","M","?","M","$","M","T","E","M","?","?","M","R","B",null,"M","?","M","M","M","M","M","E"],"character_chosen":"IRONCLAD","items_purchased":["Caltrops","HandDrill"],"campfire_rested":0,"item_purchase_floors":[7,7],"current_hp_per_floor":[80,75,80,74,63,59,59,58,58,29,25,45,45,40,40,31,80,69,69,49,44,31,20,10,0],"gold":374,"neow_bonus":"","is_prod":false,"is_daily":true,"chose_seed":false,"campfire_upgraded":1,"win_rate":0,"timestamp":1557364823,"path_taken":["M","M","M","M","?","M","$","M","T","E","M","?","?","M","R","BOSS","M","?","M","M","M","M","M","E"],"build_version":"2019-01-23","purchased_purges":0,"victory":false,"max_hp_per_floor":[80,80,80,80,80,80,80,80,80,80,80,80,80,80,80,80,80,80,80,80,80,80,80,80,80],"card_choices":[{"not_picked":["Dagger Spray"],"picked":"Poisoned Stab","floor":1},{"not_picked":["Warcry"],"picked":"Backstab","floor":2},{"not_picked":["Acrobatics"],"picked":"Pommel Strike","floor":3},{"not_picked":["Body Slam"],"picked":"Berserk","floor":4},{"not_picked":["Pummel"],"picked":"Flying Knee","floor":6},{"not_picked":["Ghostly Armor"],"picked":"Choke","floor":8},{"not_picked":["True Grit"],"picked":"Predator","floor":10},{"not_picked":["Burning Pact"],"picked":"Clash","floor":11},{"not_picked":["Thunderclap"],"picked":"Anger","floor":14},{"not_picked":["Bullet Time"],"picked":"Immolate","floor":16},{"not_picked":["Burning Pact"],"picked":"Sword Boomerang+1","floor":18},{"not_picked":["Anger"],"picked":"Armaments+1","floor":20},{"not_picked":["Choke"],"picked":"Shrug It Off","floor":21},{"not_picked":["Prepared"],"picked":"Fire Breathing","floor":22},{"not_picked":["Perfected Strike"],"picked":"Cloak And Dagger+1","floor":23},{"not_picked":["Shrug It Off+1"],"picked":"Slice","floor":24}],"player_experience":646148,"relics_obtained":[{"floor":9,"key":"War Paint"},{"floor":10,"key":"Mummified Hand"}],"event_choices":[{"damage_healed":0,"gold_gain":75,"player_choice":"Gather Gold","damage_taken":11,"max_hp_gain":0,"max_hp_loss":0,"event_name":"World of Goop","floor":5,"gold_loss":0},{"damage_healed":20,"gold_gain":0,"player_choice":"Healed and dodged fight","damage_taken":0,"max_hp_gain":0,"max_hp_loss":0,"event_name":"Mushrooms","floor":12,"gold_loss":0,"cards_obtained":["Parasite"]},{"damage_healed":0,"gold_gain":69,"player_choice":"Gained Gold","damage_taken":0,"max_hp_gain":0,"max_hp_loss":0,"event_name":"Golden Wing","floor":13,"gold_loss":0},{"damage_healed":0,"gold_gain":0,"player_choice":"Ignored","damage_taken":0,"max_hp_gain":0,"max_hp_loss":0,"event_name":"Fountain of Cleansing","floor":19,"gold_loss":0}],"is_beta":false,"boss_relics":[{"not_picked":["Coffee Dripper","Astrolabe"],"picked":"Runic Cube"}],"items_purged_floors":[],"is_endless":false,"potions_floor_spawned":[1,3,6,8,11,18,20,24],"killed_by":"Gremlin Leader","ascension_level":0}