{"path_per_floor":["M","?","?","M","?","R","E","R","T","M","E","M","M","$","R","B",null,"M","?","$","?","M","R","M","M","T","R","M","M","M","M","R","B",null,"M","M","M"],"character_chosen":"IRONCLAD","items_purchased":["Mercury Hourglass","Orichalcum"],"gold_per_floor":[114,189,189,207,172,172,207,207,207,222,247,264,275,18,18,122,122,140,190,35,35,54,54,67,82,82,82,92,107,117,136,136,233,233,243,259,272,272],"floor_reached":38,"campfire_rested":0,"playtime":7127,"current_hp_per_floor":[80,69,53,49,69,69,41,41,41,47,46,42,45,45,45,37,80,76,76,76,76,80,80,66,51,61,61,42,49,18,14,14,22,90,45,49,20,0],"items_purged":[],"gold":272,"score":392,"play_id":"a6953414-c8d2-418e-8632-4f713f58d8ad","local_time":"20180520214844","is_prod":false,"is_daily":false,"chose_seed":false,"is_ascension_mode":false,"campfire_upgraded":6,"timestamp":1526867324,"campfire_choices":[{"data":"Thunderclap","floor":6,"key":"SMITH"},{"data":"Bludgeon","floor":8,"key":"SMITH"},{"data":"Armaments","floor":15,"key":"SMITH"},{"data":"Barricade","floor":23,"key":"SMITH"},{"data":"Feel No Pain","floor":27,"key":"SMITH"},{"data":"Fire Breathing","floor":32,"key":"SMITH"}],"path_taken":["M","?","?","M","?","R","E","R","T","M","E","M","M","?","R","BOSS","M","?","$","?","M","R","M","M","T","R","M","M","M","M","R","BOSS","M","?","?","M"],"build_version":"2018-05-17","seed_source_timestamp":18503529319095,"purchased_purges":0,"victory":false,"master_deck":["Strike_R","Strike_R","Strike_R+1","Strike_R","Strike_R","Defend_R","Defend_R","Defend_R","Defend_R","Bash","Seeing Red+1","Thunderclap+1","Bludgeon+1","Anger","Armaments+1","Headbutt","Corruption","Barricade+1","Warcry","Fire Breathing+1","Twin Strike","Feel No Pain+1","Flame Barrier+1","Reaper","Clash+1","Ghostly Armor+1","Juggernaut","Armaments","Spot Weakness","Shockwave"],"max_hp_per_floor":[80,80,80,80,80,80,80,80,80,80,80,80,80,80,80,80,80,80,80,80,80,80,80,80,80,90,90,90,90,90,90,90,90,90,90,90,90,90],"relics":["Burning Blood","Blood Vial","Centennial Puzzle","Dream Catcher","Letter Opener","Mercury Hourglass","Lizard Tail","Orichalcum","Ice Cream","Pear","Runic Pyramid"],"card_choices":[{"not_picked":["Second Wind","Sword Boomerang"],"picked":"Seeing Red","floor":1},{"not_picked":["Flex","Pummel"],"picked":"Thunderclap","floor":4},{"not_picked":["Sword Boomerang","Flex"],"picked":"Bludgeon","floor":7},{"not_picked":["Clothesline","Twin Strike"],"picked":"Anger","floor":10},{"not_picked":["Burning Pact","Heavy Blade"],"picked":"Armaments","floor":11},{"not_picked":["Power Through","Searing Blow"],"picked":"Headbutt","floor":12},{"not_picked":["Armaments","Cleave"],"picked":"Corruption","floor":13},{"not_picked":["Offering","Brutality"],"picked":"Barricade","floor":16},{"not_picked":["Clash","Blood for Blood"],"picked":"Warcry","floor":18},{"not_picked":["Spot Weakness","True Grit"],"picked":"Fire Breathing","floor":22},{"not_picked":["Anger+1","Dual Wield"],"picked":"Twin Strike","floor":24},{"not_picked":["Anger","Armaments"],"picked":"Feel No Pain","floor":25},{"not_picked":["Cleave","Sword Boomerang"],"picked":"Flame Barrier+1","floor":28},{"not_picked":["Spot Weakness","Iron Wave"],"picked":"Reaper","floor":29},{"not_picked":["Twin Strike","Sword Boomerang"],"picked":"Clash+1","floor":30},{"not_picked":["Flex","Thunderclap"],"picked":"Ghostly Armor+1","floor":31},{"not_picked":["Fiend Fire","Limit Break"],"picked":"Juggernaut","floor":33},{"not_picked":["Anger","Warcry+1"],"picked":"Armaments","floor":35},{"not_picked":["Corruption+1","Feel No Pain+1"],"picked":"Spot Weakness","floor":36},{"not_picked":["Battle Trance","Burning Pact"],"picked":"Shockwave","floor":37}],"player_experience":19871,"potions_floor_usage":[16],"damage_taken":[{"damage":6,"enemies":"Jaw Worm","floor":1,"turns":3},{"damage":12,"enemies":"Small Slimes","floor":4,"turns":4},{"damage":36,"enemies":"Gremlin Nob","floor":7,"turns":5},{"damage":2,"enemies":"2 Louse","floor":10,"turns":2},{"damage":9,"enemies":"3 Sentries","floor":11,"turns":5},{"damage":12,"enemies":"Blue Slaver","floor":12,"turns":3},{"damage":5,"enemies":"Looter","floor":13,"turns":2},{"damage":21,"enemies":"Hexaghost","floor":16,"turns":7},{"damage":10,"enemies":"2 Thieves","floor":18,"turns":3},{"damage":4,"enemies":"Chosen","floor":22,"turns":3},{"damage":20,"enemies":"Centurion and Healer","floor":24,"turns":5},{"damage":23,"enemies":"Snake Plant","floor":25,"turns":4},{"damage":27,"enemies":"Cultist and Chosen","floor":28,"turns":7},{"damage":1,"enemies":"Chosen and Byrds","floor":29,"turns":7},{"damage":39,"enemies":"Sentry and Sphere","floor":30,"turns":6},{"damage":16,"enemies":"Snake Plant","floor":31,"turns":2},{"damage":70,"enemies":"Champ","floor":33,"turns":14},{"damage":61,"enemies":"3 Darklings","floor":35,"turns":6},{"damage":13,"enemies":"3 Shapes","floor":36,"turns":4},{"damage":41,"enemies":"Maw","floor":37,"turns":10},{"damage":27,"enemies":"Sphere and 2 Shapes","floor":38,"turns":3}],"relics_obtained":[{"floor":7,"key":"Centennial Puzzle"},{"floor":9,"key":"Dream Catcher"},{"floor":11,"key":"Letter Opener"},{"floor":26,"key":"Pear"}],"event_choices":[{"event_name":"World of Goop","player_choice":"Gather Gold","floor":2,"damage_taken":0},{"event_name":"Shining Light","player_choice":"Entered Light","floor":3,"damage_taken":0},{"event_name":"The Cleric","player_choice":"Healed","floor":5,"damage_taken":0},{"event_name":"The Joust","player_choice":"Bet on Murderer","floor":19,"damage_taken":0},{"event_name":"The Mausoleum","player_choice":"Yes","floor":21,"damage_taken":0}],"boss_relics":[{"not_picked":["Black Star","Sozu"],"picked":"Lizard Tail"},{"not_picked":["Philosopher\u0027s Stone","Astrolabe"],"picked":"Runic Pyramid"}],"potions_floor_spawned":[1,4,11,24,25,29,31,36],"seed_played":"-4457351950882042410","killed_by":"Sphere and 2 Shapes","ascension_level":0,"potions_obtained":[{"floor":1,"key":"Block Potion"},{"floor":4,"key":"Regen Potion"},{"floor":11,"key":"Dexterity Potion"},{"floor":24,"key":"LiquidBronze"},{"floor":31,"key":"FairyPotion"},{"floor":36,"key":"Regen Potion"}],"is_trial":false}