{"gold_per_floor":[144,189,189,189,234,324,324,414,414,459,459,504,7,82,82,382,382,427,21,21,21,21,111,111,156,156,201,201,0,45,90,90,390,390,435,735,735,735,780,780,870,10,10,55,100,190,190,316,316,316],"floor_reached":51,"playtime":5897,"items_purged":[],"score":1158,"play_id":"2f75c8a8-32ef-4097-bbea-fdc611e1174b","local_time":"20190512220921","daily_mods":["SealedDeck","Hoarder","Midas"],"is_ascension_mode":false,"campfire_choices":[{"floor":7,"key":"REST"},{"floor":11,"key":"REST"},{"floor":15,"key":"REST"},{"floor":24,"key":"REST"},{"floor":28,"key":"REST"},{"floor":32,"key":"REST"},{"floor":40,"key":"REST"},{"floor":49,"key":"DIG"}],"neow_cost":"","seed_source_timestamp":0,"circlet_count":0,"master_deck":["Streamline","Streamline","Streamline+1","Steam","Steam","Steam+1","Turbo+1","Turbo","Turbo","Conserve Battery","Conserve Battery","Conserve Battery","Go for the Eyes","Go for the Eyes","Go for the Eyes","Hello World","Hello World","Hello World","Self Repair","Self Repair","Self Repair","Static Discharge","FTL","FTL","FTL","Turbo","Turbo","Turbo","Sweeping Beam","Sweeping Beam","Sweeping Beam","Hello World","Hello World","Hello World","BootSequence","BootSequence","BootSequence","Aggregate","Aggregate","Aggregate","Storm","Storm","Storm","Echo Form","Echo Form","Stack","Stack","Stack","Beam Cell","Beam Cell","Beam Cell","Jack Of All Trades","Jack Of All Trades","Jack Of All Trades+1","Capacitor","Capacitor","Capacitor","Chill","Chill","Chill","Cold Snap","Cold Snap","Cold Snap","Buffer","Buffer","Buffer","Defragment","Defragment","Defragment","Loop","Loop","Loop","Melter","Melter","Melter","Barrage","Barrage+1","Steam Power","Steam Power","Steam Power","Ball Lightning+1","Ball Lightning+1","Ball Lightning+1","Skim+1","Skim+1","Skim+1","Skim","Skim","Skim","Sweeping Beam+1","Sweeping Beam+1","Sweeping Beam+1","Go for the Eyes+1","Go for the Eyes+1","Go for the Eyes+1","Gash","Gash","Gash+1","Go for the Eyes","Go for the Eyes","Go for the Eyes","Rainbow","Rainbow","Rainbow","White Noise","White Noise","White Noise","Buffer+1","Buffer+1","Buffer+1","Compile Driver+1","Compile Driver+1","Compile Driver+1","Beam Cell+1","Beam Cell+1","Beam Cell+1","Chaos+1","Chaos+1","Chaos+1","Aggregate+1","Aggregate+1","Aggregate+1","Hologram+1","Hologram+1","Hologram+1","Turbo+1","Turbo+1","Turbo+1","Beam Cell+1","Beam Cell+1","Beam Cell+1","Turbo+1","Turbo+1","Turbo+1","Skim","Skim","Skim","Gash+1","Gash+1","Gash+1","Stack+1","Stack+1","Stack+1","Scrape+1","Scrape+1","Scrape+1","Hyperbeam","Hyperbeam","Hyperbeam"],"special_seed":18029,"relics":["Cracked Core","Pear","Gambling Chip","Dream Catcher","Kunai","Dead Branch","Membership Card","Matryoshka","FossilizedHelix","The Courier","Frozen Egg 2","Happy Flower","Bag of Preparation","War Paint","Astrolabe","WingedGreaves","Boot","Mercury Hourglass","Toolbox","Pen Nib","Shuriken","Centennial Puzzle","Blood Vial","Juzu Bracelet","Meat on the Bone","Oddly Smooth Stone","Emotion Chip","Lantern","Omamori","Whetstone","Shovel","Pocketwatch","Turnip"],"potions_floor_usage":[8,16,23,33,41,50,50,50],"damage_taken":[{"damage":0,"enemies":"2 Louse","floor":1,"turns":1},{"damage":0,"enemies":"Small Slimes","floor":2,"turns":3},{"damage":5,"enemies":"Jaw Worm","floor":5,"turns":3},{"damage":15,"enemies":"3 Sentries","floor":6,"turns":5},{"damage":19,"enemies":"Gremlin Nob","floor":8,"turns":4},{"damage":3,"enemies":"Exordium Wildlife","floor":10,"turns":4},{"damage":1,"enemies":"Red Slaver","floor":12,"turns":4},{"damage":6,"enemies":"The Guardian","floor":16,"turns":5},{"damage":10,"enemies":"Spheric Guardian","floor":18,"turns":4},{"damage":50,"enemies":"Gremlin Leader","floor":23,"turns":9},{"damage":10,"enemies":"2 Thieves","floor":25,"turns":4},{"damage":4,"enemies":"Centurion and Healer","floor":27,"turns":4},{"damage":0,"enemies":"Cultist and Chosen","floor":30,"turns":6},{"damage":0,"enemies":"Snake Plant","floor":31,"turns":4},{"damage":8,"enemies":"Champ","floor":33,"turns":6},{"damage":0,"enemies":"Orb Walker","floor":35,"turns":3},{"damage":24,"enemies":"Mind Bloom Boss Battle","floor":36,"turns":5},{"damage":0,"enemies":"3 Darklings","floor":39,"turns":2},{"damage":0,"enemies":"Giant Head","floor":41,"turns":8},{"damage":0,"enemies":"Maw","floor":44,"turns":4},{"damage":0,"enemies":"Writhing Mass","floor":45,"turns":3},{"damage":0,"enemies":"Reptomancer","floor":46,"turns":5},{"damage":0,"enemies":"2 Orb Walkers","floor":48,"turns":3},{"damage":94,"enemies":"Time Eater","floor":50,"turns":10}],"seed_played":"7421306700894987377","potions_obtained":[{"floor":6,"key":"SpeedPotion"},{"floor":10,"key":"FocusPotion"},{"floor":16,"key":"FearPotion"},{"floor":18,"key":"AttackPotion"},{"floor":30,"key":"Fire Potion"},{"floor":31,"key":"GamblersBrew"},{"floor":35,"key":"Poison Potion"},{"floor":39,"key":"AttackPotion"},{"floor":44,"key":"Regen Potion"}],"is_trial":false,"path_per_floor":["M","M","?","?","M","E","R","E","T","M","R","M","$","?","R","B",null,"M","$","?","?","$","E","R","M","T","M","R","$","M","M","R","B",null,"M","?","?","?","M","R","E","$","T","M","M","E","?","?","R","B",null],"character_chosen":"DEFECT","items_purchased":["Dead Branch","Jack Of All Trades","Capacitor","Chill","Membership Card","Matryoshka","Loop","Melter","Barrage","Happy Flower","Bag of Preparation","War Paint","Gash","Mercury Hourglass","Toolbox","Pen Nib","Shuriken","Centennial Puzzle","Blood Vial","Juzu Bracelet","Meat on the Bone","Oddly Smooth Stone","Emotion Chip","Lantern"],"campfire_rested":7,"item_purchase_floors":[13,13,13,13,19,19,19,19,19,29,29,29,29,42,42,42,42,42,42,42,42,42,42,42],"current_hp_per_floor":[75,75,60,45,40,39,64,59,59,70,85,84,84,73,85,85,85,85,85,85,85,85,49,74,64,64,74,85,85,85,85,85,77,85,85,68,68,68,68,85,85,85,85,85,85,85,85,85,85,18],"gold":316,"neow_bonus":"","is_prod":false,"is_daily":true,"chose_seed":false,"campfire_upgraded":0,"win_rate":0,"timestamp":1557713361,"path_taken":["M","M","?","?","M","E","R","E","T","M","R","M","$","?","R","BOSS","M","$","?","?","?","E","R","M","T","?","R","$","M","M","R","BOSS","M","?","?","?","M","R","E","$","T","M","M","E","?","?","R","BOSS"],"build_version":"2019-01-23","purchased_purges":0,"victory":true,"max_hp_per_floor":[75,75,75,85,85,85,85,85,85,85,85,85,85,85,85,85,85,85,85,85,85,85,85,85,85,85,85,85,85,85,85,85,85,85,85,85,85,85,85,85,85,85,85,85,85,85,85,85,85,85],"card_choices":[{"not_picked":["Cold Snap","Steam"],"picked":"Sweeping Beam","floor":1},{"not_picked":["Compile Driver","Static Discharge"],"picked":"Hello World","floor":2},{"not_picked":["Darkness","White Noise"],"picked":"BootSequence","floor":5},{"not_picked":["Consume","Chill"],"picked":"Aggregate","floor":6},{"not_picked":["Gash","Lockon"],"picked":"Storm","floor":8},{"not_picked":["Scrape","Redo"],"picked":"Echo Form","floor":10},{"not_picked":["Double Energy","Leap"],"picked":"Stack","floor":11},{"not_picked":["Double Energy","Conserve Battery"],"picked":"Beam Cell","floor":12},{"not_picked":["Lockon","Redo"],"picked":"Cold Snap","floor":15},{"not_picked":["Core Surge","Creative AI"],"picked":"Buffer","floor":16},{"not_picked":["Conserve Battery","Hello World"],"picked":"Defragment","floor":18},{"not_picked":["Force Field","Hologram"],"picked":"Ball Lightning+1","floor":23},{"not_picked":["Redo","Auto Shields+1"],"picked":"Skim+1","floor":24},{"not_picked":["Glacier","Ball Lightning"],"picked":"Skim","floor":25},{"not_picked":["Coolheaded","Cold Snap"],"picked":"Sweeping Beam+1","floor":27},{"not_picked":["Ball Lightning","Rebound"],"picked":"Go for the Eyes+1","floor":28},{"not_picked":["Ball Lightning","Coolheaded"],"picked":"Go for the Eyes","floor":30},{"not_picked":["Capacitor+1","Sunder+1"],"picked":"Rainbow","floor":31},{"not_picked":["Static Discharge+1","Gash"],"picked":"White Noise","floor":32},{"not_picked":["Meteor Strike","Multi-Cast"],"picked":"Buffer+1","floor":33},{"not_picked":["Leap+1","BootSequence+1"],"picked":"Aggregate+1","floor":35},{"not_picked":["Double Energy","Rebound"],"picked":"Hologram+1","floor":36},{"not_picked":["Streamline+1","Loop+1"],"picked":"Beam Cell+1","floor":39},{"not_picked":["Cold Snap","Recycle"],"picked":"Turbo+1","floor":40},{"not_picked":["Sweeping Beam+1","Streamline"],"picked":"Skim","floor":41},{"not_picked":["Seek","Hologram+1"],"picked":"Gash+1","floor":44},{"not_picked":["Cold Snap+1","Compile Driver+1"],"picked":"Stack+1","floor":45},{"not_picked":["Steam","Melter"],"picked":"Scrape+1","floor":46},{"not_picked":["Coolheaded+1","Sweeping Beam"],"picked":"Hyperbeam","floor":48}],"player_experience":661288,"relics_obtained":[{"floor":6,"key":"Gambling Chip"},{"floor":8,"key":"Dream Catcher"},{"floor":9,"key":"Kunai"},{"floor":23,"key":"FossilizedHelix"},{"floor":26,"key":"The Courier"},{"floor":26,"key":"Frozen Egg 2"},{"floor":36,"key":"WingedGreaves"},{"floor":41,"key":"Boot"},{"floor":43,"key":"Omamori"},{"floor":43,"key":"Whetstone"},{"floor":46,"key":"Shovel"},{"floor":48,"key":"Pocketwatch"},{"floor":49,"key":"Turnip"}],"event_choices":[{"damage_healed":0,"gold_gain":0,"player_choice":"Entered Light","damage_taken":15,"max_hp_gain":0,"max_hp_loss":0,"event_name":"Shining Light","floor":3,"gold_loss":0,"cards_upgraded":["Turbo","Streamline"]},{"damage_healed":0,"gold_gain":0,"player_choice":"Success","damage_taken":25,"relics_obtained":["Pear"],"max_hp_gain":0,"max_hp_loss":0,"event_name":"Scrap Ooze","floor":4,"gold_loss":0},{"damage_healed":0,"gold_gain":75,"player_choice":"Gather Gold","damage_taken":11,"max_hp_gain":0,"max_hp_loss":0,"event_name":"World of Goop","floor":14,"gold_loss":0},{"damage_healed":0,"gold_gain":0,"player_choice":"Ignored","damage_taken":0,"max_hp_gain":0,"max_hp_loss":0,"event_name":"Beggar","floor":20,"gold_loss":0},{"damage_healed":0,"gold_gain":0,"player_choice":"Read","damage_taken":0,"max_hp_gain":0,"max_hp_loss":0,"event_name":"The Library","floor":21,"gold_loss":0,"cards_obtained":["Steam Power"]},{"damage_healed":0,"gold_gain":0,"player_choice":"Fight","damage_taken":0,"max_hp_gain":0,"max_hp_loss":0,"event_name":"MindBloom","floor":36,"gold_loss":0},{"cards_removed":["Barrage"],"damage_healed":0,"gold_gain":0,"player_choice":"Removed Attack","damage_taken":0,"max_hp_gain":0,"max_hp_loss":0,"event_name":"Falling","floor":37,"gold_loss":0},{"damage_healed":0,"gold_gain":0,"player_choice":"Copied","damage_taken":0,"max_hp_gain":0,"max_hp_loss":0,"event_name":"Duplicator","floor":38,"gold_loss":0,"cards_obtained":["Turbo"]},{"damage_healed":0,"gold_gain":0,"player_choice":"Ignored","damage_taken":0,"max_hp_gain":0,"max_hp_loss":0,"event_name":"Purifier","floor":47,"gold_loss":0},{"damage_healed":0,"gold_gain":0,"player_choice":"Fight","damage_taken":0,"max_hp_gain":0,"max_hp_loss":0,"event_name":"Mysterious Sphere","floor":48,"gold_loss":0}],"is_beta":false,"boss_relics":[{"not_picked":["Coffee Dripper","Runic Dome","Velvet Choker"]},{"not_picked":["White Beast Statue","FrozenCore"],"picked":"Astrolabe"}],"items_purged_floors":[],"is_endless":false,"potions_floor_spawned":[6,10,16,18,30,31,35,39,44],"ascension_level":0}