{"gold_per_floor":[111,127,127,146,146,146,146,184,184,259,279,1,34,58,58,148,148,169,189,207,157,178,178,194,194,194,225,239,239,154,178,178,178],"floor_reached":33,"playtime":1538,"items_purged":["Strike_R"],"score":558,"play_id":"82dda52e-95c7-479e-a06d-34e880e8d820","local_time":"20190923102031","is_ascension_mode":true,"campfire_choices":[{"data":"Bash","floor":6.0,"key":"SMITH"},{"floor":15.0,"key":"REST"},{"floor":23.0,"key":"REST"},{"floor":25.0,"key":"RECALL"},{"floor":29,"key":"REST"},{"floor":32,"key":"REST"}],"neow_cost":"NONE","seed_source_timestamp":553660843749000,"circlet_count":0,"master_deck":["AscendersBane","Strike_R","Strike_R","Strike_R","Strike_R","Defend_R","Defend_R","Defend_R","Defend_R","Bash+1","Fire Breathing","Wild Strike","Clothesline","Shrug It Off","Immolate","True Grit","Headbutt","Bludgeon","Impervious","Body Slam","Feel No Pain","Shrug It Off","Metallicize","Entrench","Dark Embrace","Battle Trance"],"special_seed":0,"relics":["Burning Blood","Vajra","WarpedTongs","Golden Idol","Torii","Self Forming Clay","Ancient Tea Set","Fusion Hammer","Pantograph","Bottled Flame","Centennial Puzzle"],"potions_floor_usage":[33,33],"damage_taken":[{"damage":5.0,"enemies":"Small Slimes","floor":1.0,"turns":5.0},{"damage":2.0,"enemies":"Cultist","floor":2.0,"turns":4.0},{"damage":7.0,"enemies":"Jaw Worm","floor":4.0,"turns":3.0},{"damage":32.0,"enemies":"Gremlin Nob","floor":8.0,"turns":4.0},{"damage":1.0,"enemies":"Blue Slaver","floor":11.0,"turns":3.0},{"damage":13.0,"enemies":"Lagavulin","floor":13.0,"turns":4.0},{"damage":0.0,"enemies":"3 Louse","floor":14.0,"turns":2.0},{"damage":20.0,"enemies":"The Guardian","floor":16.0,"turns":13.0},{"damage":1.0,"enemies":"Shell Parasite","floor":18.0,"turns":3.0},{"damage":1.0,"enemies":"Spheric Guardian","floor":19.0,"turns":4.0},{"damage":10.0,"enemies":"Snake Plant","floor":20.0,"turns":4.0},{"damage":10.0,"enemies":"Centurion and Healer","floor":22.0,"turns":5.0},{"damage":10.0,"enemies":"Cultist and Chosen","floor":24.0,"turns":5.0},{"damage":44.0,"enemies":"Slavers","floor":27.0,"turns":7.0},{"damage":17,"enemies":"Snecko","floor":28,"turns":6},{"damage":0,"enemies":"Sentry and Sphere","floor":31,"turns":3},{"damage":112,"enemies":"Automaton","floor":33,"turns":12}],"seed_played":"1786191150257857195","potions_obtained":[{"floor":4.0,"key":"LiquidBronze"},{"floor":8.0,"key":"Weak Potion"},{"floor":11.0,"key":"EntropicBrew"},{"floor":16.0,"key":"SteroidPotion"},{"floor":20.0,"key":"Strength Potion"},{"floor":24.0,"key":"DuplicationPotion"},{"floor":28,"key":"Block Potion"}],"is_trial":false,"path_per_floor":["M","M","?","M","?","R","?","E","T","?","M","$","E","M","R","B",null,"M","M","M","?","M","R","M","R","T","E","M","R","?","M","R","B"],"character_chosen":"IRONCLAD","items_purchased":["Immolate","True Grit"],"campfire_rested":4,"item_purchase_floors":[12,12],"current_hp_per_floor":[69,73,73,72,72,72,68,42,42,31,36,36,29,35,55,41,61,66,68,64,64,60,68,64,64,64,26,15,35,35,41,61,0],"gold":178,"neow_bonus":"RANDOM_COMMON_RELIC","is_prod":false,"is_daily":false,"chose_seed":false,"campfire_upgraded":1,"win_rate":0,"timestamp":1569259231,"path_taken":["M","M","?","?","?","R","?","E","T","?","M","$","E","M","R","BOSS","M","M","M","?","M","R","M","R","T","E","M","R","?","M","R","BOSS"],"build_version":"2019-09-20","purchased_purges":1,"victory":false,"max_hp_per_floor":[75,75,75,75,75,75,68,68,68,68,68,68,68,68,68,68,68,68,68,68,68,68,68,68,68,68,68,68,68,68,68,68,68],"card_choices":[{"not_picked":["Cleave","Pommel Strike","Flex"],"picked":"SKIP","floor":1.0},{"not_picked":["Rage","Twin Strike"],"picked":"Fire Breathing","floor":2.0},{"not_picked":["Body Slam","Warcry"],"picked":"Wild Strike","floor":4.0},{"not_picked":["Searing Blow","Dual Wield"],"picked":"Clothesline","floor":8.0},{"not_picked":["Seeing Red","Clothesline"],"picked":"Shrug It Off","floor":11.0},{"not_picked":["Burning Pact","Havoc"],"picked":"Headbutt","floor":13.0},{"not_picked":["Wild Strike","Thunderclap"],"picked":"Bludgeon","floor":14.0},{"not_picked":["Juggernaut","Exhume"],"picked":"Impervious","floor":16.0},{"not_picked":["Twin Strike","True Grit"],"picked":"Body Slam","floor":18.0},{"not_picked":["Iron Wave","Headbutt"],"picked":"Feel No Pain","floor":19.0},{"not_picked":["Thunderclap","Bloodletting","Pommel Strike"],"picked":"SKIP","floor":20.0},{"not_picked":["Body Slam","Headbutt"],"picked":"Shrug It Off","floor":22.0},{"not_picked":["Clash+1","True Grit"],"picked":"Metallicize","floor":24.0},{"not_picked":["Wild Strike","Body Slam"],"picked":"Entrench","floor":27},{"not_picked":["Pommel Strike+1","Warcry+1"],"picked":"Dark Embrace","floor":28},{"not_picked":["Warcry","Shrug It Off"],"picked":"Battle Trance","floor":31}],"player_experience":980245,"relics_obtained":[{"floor":8.0,"key":"Torii"},{"floor":9.0,"key":"Self Forming Clay"},{"floor":13.0,"key":"Ancient Tea Set"},{"floor":26.0,"key":"Pantograph"},{"floor":27,"key":"Bottled Flame"}],"event_choices":[{"damage_healed":0.0,"max_hp_gain":0.0,"max_hp_loss":0.0,"gold_gain":0.0,"event_name":"Accursed Blacksmith","player_choice":"Rummage","floor":3.0,"gold_loss":0.0,"damage_taken":0.0,"relics_obtained":["WarpedTongs"],"cards_obtained":["Pain"]},{"cards_removed":["Pain"],"damage_healed":0.0,"max_hp_gain":0.0,"max_hp_loss":0.0,"gold_gain":0.0,"event_name":"Living Wall","player_choice":"Forget","floor":5.0,"gold_loss":0.0,"damage_taken":0.0},{"damage_healed":0.0,"max_hp_gain":0.0,"max_hp_loss":7.0,"gold_gain":0.0,"event_name":"Golden Idol","player_choice":"Lose Max HP","floor":7.0,"gold_loss":0.0,"damage_taken":0.0,"relics_obtained":["Golden Idol"]},{"damage_healed":0.0,"max_hp_gain":0.0,"max_hp_loss":0.0,"gold_gain":75.0,"event_name":"World of Goop","player_choice":"Gather Gold","floor":10.0,"gold_loss":0.0,"damage_taken":11.0},{"damage_healed":0.0,"max_hp_gain":0.0,"max_hp_loss":0.0,"gold_gain":0.0,"event_name":"The Joust","player_choice":"Bet on Murderer","floor":21.0,"gold_loss":50.0,"damage_taken":0.0},{"damage_healed":0,"gold_gain":0,"player_choice":"Obtained Relic","damage_taken":0,"relics_obtained":["Centennial Puzzle"],"max_hp_gain":0,"max_hp_loss":0,"event_name":"Addict","floor":30,"gold_loss":85}],"is_beta":true,"boss_relics":[{"not_picked":["Busted Crown","Tiny House"],"picked":"Fusion Hammer"}],"items_purged_floors":[12],"is_endless":false,"potions_floor_spawned":[4,8,11,16,20,24,28],"killed_by":"Automaton","ascension_level":20}