{"gold_per_floor":[18,18,18,38,63,103,103,103,127,127,167,181,197,211,211,341,341,355,231,251,265,278,278,291,291,291,315,349,349,374,374],"floor_reached":31,"playtime":2615,"items_purged":["Defend_R"],"score":296,"play_id":"7ab7b18c-7d95-480e-8bd9-e80f96de9c56","local_time":"20190922233720","is_ascension_mode":false,"campfire_choices":[{"data":"Shrug It Off","floor":7,"key":"SMITH"},{"floor":10,"key":"REST"},{"floor":15,"key":"REST"},{"floor":23,"key":"REST"},{"floor":25,"key":"REST"}],"neow_cost":"NO_GOLD","seed_source_timestamp":43542466921008,"circlet_count":0,"master_deck":["Strike_R","Strike_R","Strike_R","Strike_R","Strike_R","Defend_R","Defend_R","Defend_R","Bash","Rupture","Bloodletting","Combust","Shrug It Off+1","Disarm","Ghostly Armor","Shrug It Off","Ghostly Armor","Limit Break","Heavy Blade","Armaments","Blood for Blood","Power Through"],"relics":["Burning Blood","Golden Idol","Omamori","Oddly Smooth Stone","Ornamental Fan","SlaversCollar","Bottled Lightning","Thread and Needle","Toy Ornithopter"],"potions_floor_usage":[6,12,13,16,20,21,22],"damage_taken":[{"damage":1,"enemies":"2 Louse","floor":1,"turns":2},{"damage":0,"enemies":"Small Slimes","floor":4,"turns":3},{"damage":7,"enemies":"Jaw Worm","floor":5,"turns":6},{"damage":45,"enemies":"3 Sentries","floor":6,"turns":7},{"damage":51,"enemies":"Lagavulin","floor":11,"turns":10},{"damage":17,"enemies":"Lots of Slimes","floor":12,"turns":4},{"damage":6,"enemies":"Exordium Wildlife","floor":13,"turns":8},{"damage":14,"enemies":"Blue Slaver","floor":14,"turns":7},{"damage":35,"enemies":"The Guardian","floor":16,"turns":15},{"damage":6,"enemies":"Chosen","floor":18,"turns":7},{"damage":34,"enemies":"Spheric Guardian","floor":20,"turns":7},{"damage":32,"enemies":"Centurion and Healer","floor":21,"turns":9},{"damage":30,"enemies":"Snecko","floor":22,"turns":8},{"damage":16,"enemies":"Snake Plant","floor":24,"turns":6},{"damage":41,"enemies":"Shelled Parasite and Fungi","floor":27,"turns":9},{"damage":40,"enemies":"Gremlin Leader","floor":28,"turns":8},{"damage":7,"enemies":"Centurion and Healer","floor":30,"turns":8},{"damage":22,"enemies":"Cultist and Chosen","floor":31,"turns":9}],"seed_played":"9150627358938447508","potions_obtained":[{"floor":4,"key":"Strength Potion"},{"floor":11,"key":"Fruit Juice"},{"floor":12,"key":"AttackPotion"},{"floor":14,"key":"Explosive Potion"},{"floor":20,"key":"AttackPotion"},{"floor":21,"key":"Regen Potion"}],"is_trial":false,"path_per_floor":["M","?","?","M","M","E","R","$","T","R","E","M","M","M","R","B",null,"M","$","M","M","M","R","M","R","T","M","E","?","M","M"],"character_chosen":"IRONCLAD","items_purchased":["PowerPotion"],"campfire_rested":4,"item_purchase_floors":[19],"current_hp_per_floor":[96,72,72,78,77,38,38,38,38,66,21,15,15,7,37,8,101,101,101,73,47,38,68,58,88,88,53,19,19,18,0],"gold":374,"neow_bonus":"TWENTY_PERCENT_HP_BONUS","is_prod":false,"is_daily":false,"chose_seed":false,"campfire_upgraded":1,"win_rate":0,"timestamp":1569188240,"path_taken":["M","?","?","?","M","E","R","?","T","R","E","?","M","M","R","BOSS","M","$","M","M","M","R","?","R","T","M","E","?","M","M"],"build_version":"2019-09-09v2","purchased_purges":1,"victory":false,"max_hp_per_floor":[96,96,96,96,96,96,96,96,96,96,96,101,101,101,101,101,101,101,101,101,101,101,101,101,101,101,101,101,101,101,101],"card_choices":[{"not_picked":["Flex","Heavy Blade"],"picked":"Rupture","floor":1},{"not_picked":["Rampage","Cleave"],"picked":"Bloodletting","floor":4},{"not_picked":["Infernal Blade","Shrug It Off"],"picked":"Combust","floor":5},{"not_picked":["Clothesline","Flex"],"picked":"Shrug It Off","floor":6},{"not_picked":["Pommel Strike","Bloodletting"],"picked":"Disarm","floor":11},{"not_picked":["Power Through","Wild Strike"],"picked":"Ghostly Armor","floor":12},{"not_picked":["Limit Break","Pommel Strike"],"picked":"Shrug It Off","floor":13},{"not_picked":["Clothesline","Thunderclap"],"picked":"Ghostly Armor","floor":14},{"not_picked":["Double Tap","Dark Embrace"],"picked":"Limit Break","floor":16},{"not_picked":["Inflame","Shrug It Off"],"picked":"Heavy Blade","floor":18},{"not_picked":["Clash","Pummel"],"picked":"Armaments","floor":20},{"not_picked":["Pommel Strike","Offering","Perfected Strike"],"picked":"SKIP","floor":21},{"not_picked":["Cleave","Warcry","Bloodletting"],"picked":"SKIP","floor":22},{"not_picked":["True Grit","Sentinel","Pommel Strike"],"picked":"SKIP","floor":24},{"not_picked":["Armaments+1","Warcry","Perfected Strike"],"picked":"SKIP","floor":27},{"not_picked":["Entrench","Warcry"],"picked":"Blood for Blood","floor":28},{"not_picked":["Sword Boomerang","Shrug It Off"],"picked":"Power Through","floor":30}],"player_experience":152396,"relics_obtained":[{"floor":6,"key":"Omamori"},{"floor":9,"key":"Oddly Smooth Stone"},{"floor":11,"key":"Ornamental Fan"},{"floor":26,"key":"Bottled Lightning"},{"floor":28,"key":"Thread and Needle"}],"event_choices":[{"damage_healed":0,"gold_gain":0,"player_choice":"Take Damage","damage_taken":24,"relics_obtained":["Golden Idol"],"max_hp_gain":0,"max_hp_loss":0,"event_name":"Golden Idol","floor":2,"gold_loss":0},{"damage_healed":0,"gold_gain":0,"player_choice":"Ignored","damage_taken":0,"max_hp_gain":0,"max_hp_loss":0,"event_name":"Liars Game","floor":3,"gold_loss":0},{"damage_healed":0,"gold_gain":0,"player_choice":"Opened","damage_taken":0,"relics_obtained":["Toy Ornithopter"],"max_hp_gain":0,"max_hp_loss":0,"event_name":"The Mausoleum","floor":29,"gold_loss":0,"cards_obtained":["Writhe"]}],"is_beta":true,"boss_relics":[{"not_picked":["Black Star","Sozu"],"picked":"SlaversCollar"}],"items_purged_floors":[19],"is_endless":false,"potions_floor_spawned":[4,11,12,14,20,21],"killed_by":"Cultist and Chosen","ascension_level":0}