{"gold_per_floor":[112,126,144,2,2,2,2,15,15,15,35,53,93,109,109,207,207,230,249,95,118,136,136,136],"floor_reached":24,"playtime":937,"items_purged":["Perfected Strike"],"score":404,"play_id":"c2e490c0-c3b0-4033-868b-7e03087b0220","local_time":"20190916111137","is_ascension_mode":true,"campfire_choices":[{"data":"Juggernaut","floor":6,"key":"SMITH"},{"data":"Corruption","floor":10,"key":"SMITH"},{"data":"Uppercut","floor":15,"key":"SMITH"},{"data":"Feel No Pain","floor":23,"key":"SMITH"}],"neow_cost":"NONE","seed_source_timestamp":356491506837900,"circlet_count":0,"master_deck":["AscendersBane","Bash","Juggernaut+1","Second Wind","Corruption+1","True Grit","Disarm","Uppercut+1","Disarm","Reaper","Metallicize","Disarm","Sentinel","Thunderclap","Bloodletting","Armaments","Body Slam","Warcry+1","Feel No Pain+1","Flame Barrier","Feel No Pain"],"relics":["Burning Blood","Golden Idol","Pocketwatch","Paper Frog","Pandora\u0027s Box"],"potions_floor_usage":[11,13,19,24,24],"damage_taken":[{"damage":14,"enemies":"Jaw Worm","floor":1,"turns":4},{"damage":5,"enemies":"2 Louse","floor":2,"turns":4},{"damage":14,"enemies":"Small Slimes","floor":3,"turns":5},{"damage":22,"enemies":"Exordium Wildlife","floor":8,"turns":6},{"damage":9,"enemies":"Blue Slaver","floor":11,"turns":4},{"damage":10,"enemies":"Red Slaver","floor":12,"turns":5},{"damage":6,"enemies":"Gremlin Nob","floor":13,"turns":3},{"damage":4,"enemies":"Looter","floor":14,"turns":4},{"damage":40,"enemies":"Hexaghost","floor":16,"turns":13},{"damage":23,"enemies":"3 Byrds","floor":18,"turns":6},{"damage":18,"enemies":"Spheric Guardian","floor":19,"turns":5},{"damage":0,"enemies":"Cultist and Chosen","floor":21,"turns":5},{"damage":6,"enemies":"Centurion and Healer","floor":22,"turns":7},{"damage":39,"enemies":"Slavers","floor":24,"turns":5}],"seed_played":"-5139112812543703987","potions_obtained":[{"floor":2,"key":"Poison Potion"},{"floor":3,"key":"Fire Potion"},{"floor":8,"key":"Regen Potion"},{"floor":13,"key":"Swift Potion"},{"floor":19,"key":"LiquidBronze"},{"floor":21,"key":"Weak Potion"}],"is_trial":false,"path_per_floor":["M","M","M","$","?","R","?","M","T","R","M","M","E","M","R","B",null,"M","M","$","M","M","R","E"],"character_chosen":"IRONCLAD","items_purchased":["Corruption","True Grit","Feel No Pain"],"campfire_rested":0,"item_purchase_floors":[4,4,20],"current_hp_per_floor":[60,61,53,53,58,58,58,42,42,42,51,47,47,49,49,15,58,47,35,35,41,52,52,24],"gold":136,"neow_bonus":"ONE_RANDOM_RARE_CARD","is_prod":false,"is_daily":false,"chose_seed":false,"campfire_upgraded":4,"win_rate":0,"timestamp":1568657497,"path_taken":["M","M","M","$","?","R","?","M","T","R","M","M","E","M","R","BOSS","M","M","$","M","M","R","E"],"build_version":"2019-07-17","purchased_purges":1,"victory":false,"max_hp_per_floor":[75,75,75,75,80,80,72,72,72,72,72,72,72,72,72,72,72,72,72,72,72,72,72,72],"card_choices":[{"not_picked":["Flex","Sword Boomerang","Heavy Blade"],"picked":"SKIP","floor":1},{"not_picked":["Flex","Thunderclap","Heavy Blade"],"picked":"SKIP","floor":2},{"not_picked":["Heavy Blade","Pommel Strike"],"picked":"Second Wind","floor":3},{"not_picked":["Wild Strike","Twin Strike"],"picked":"Disarm","floor":8},{"not_picked":["Infernal Blade","Headbutt"],"picked":"Uppercut","floor":11},{"not_picked":["Perfected Strike","Clash","Hemokinesis"],"picked":"SKIP","floor":12},{"not_picked":["Spot Weakness","Reaper"],"picked":"Disarm","floor":13},{"not_picked":["Heavy Blade","Havoc","Wild Strike"],"picked":"SKIP","floor":14},{"not_picked":["Body Slam","Sword Boomerang"],"picked":"Warcry+1","floor":18},{"not_picked":["Cleave","Flex+1","Rupture+1"],"picked":"SKIP","floor":19},{"not_picked":["Heavy Blade","Corruption"],"picked":"Flame Barrier","floor":21},{"not_picked":["Anger","Clothesline+1"],"picked":"Feel No Pain","floor":22}],"player_experience":769499,"relics_obtained":[{"floor":9,"key":"Pocketwatch"},{"floor":13,"key":"Paper Frog"}],"event_choices":[{"damage_healed":0,"gold_gain":0,"player_choice":"Donut","damage_taken":0,"max_hp_gain":5,"max_hp_loss":0,"event_name":"Big Fish","floor":5,"gold_loss":0},{"damage_healed":0,"gold_gain":0,"player_choice":"Lose Max HP","damage_taken":0,"relics_obtained":["Golden Idol"],"max_hp_gain":0,"max_hp_loss":8,"event_name":"Golden Idol","floor":7,"gold_loss":0}],"is_beta":false,"boss_relics":[{"not_picked":["Mark of Pain","Black Blood"],"picked":"Pandora\u0027s Box"}],"items_purged_floors":[20],"is_endless":false,"potions_floor_spawned":[2,3,8,13,19,21],"killed_by":"Slavers","ascension_level":20}