{"path_per_floor":["M","M","$","?","M","R","$","M","T","?","M","R","E","M","R","B",null,"M","?","M","M","?","R"],"character_chosen":"THE_SILENT","items_purchased":["Mind Blast","Poisoned Stab"],"gold_per_floor":[116,127,2,2,16,16,16,26,106,130,144,144,176,195,195,293,293,306,306,326,339,339,339,339],"floor_reached":24,"campfire_rested":3,"playtime":2845,"current_hp_per_floor":[68,67,67,67,65,65,65,50,50,28,23,44,29,28,49,4,70,70,70,70,3,3,24,0],"items_purged":[],"gold":339,"score":198,"play_id":"4c02a2ac-9783-4adf-a400-b8515516c0e4","local_time":"20180519115018","is_prod":false,"is_daily":false,"chose_seed":false,"is_ascension_mode":false,"campfire_upgraded":1,"timestamp":1526745018,"campfire_choices":[{"data":"Mind Blast","floor":6,"key":"SMITH"},{"floor":12,"key":"REST"},{"floor":15,"key":"REST"},{"floor":23,"key":"REST"}],"path_taken":["M","M","$","?","M","R","?","M","T","?","?","R","E","M","R","BOSS","M","?","M","M","?","R","E"],"build_version":"2018-05-17","seed_source_timestamp":98145839095489,"purchased_purges":0,"victory":false,"master_deck":["Defend_G","Defend_G","Defend_G","Defend_G","Defend_G","Strike_G","Strike_G","Strike_G","Strike_G","Strike_G","Survivor","Neutralize+1","Deflect","Outmaneuver","Mind Blast+1","Poisoned Stab","Flying Knee","All Out Attack","Distraction","Die Die Die","Well Laid Plans","Expertise","Adrenaline","Blur+1","Dramatic Entrance","Neutralize","PiercingWail+1","Caltrops"],"max_hp_per_floor":[70,70,70,70,70,70,70,70,70,70,70,70,70,70,70,70,70,70,70,70,70,70,70,70],"relics":["Ring of the Snake","Shuriken","Odd Mushroom","Vajra","Black Star"],"card_choices":[{"not_picked":["Acrobatics","Well Laid Plans"],"picked":"Deflect","floor":1},{"not_picked":["Terror","Deflect"],"picked":"Outmaneuver","floor":2},{"not_picked":["Sucker Punch","Deflect"],"picked":"Flying Knee","floor":5},{"not_picked":["Quick Slash","Deflect"],"picked":"All Out Attack","floor":8},{"not_picked":["Footwork","Riddle With Holes"],"picked":"Distraction","floor":10},{"not_picked":["Dagger Spray","Flechettes"],"picked":"Die Die Die","floor":11},{"not_picked":["Heel Hook","Underhanded Strike"],"picked":"Well Laid Plans","floor":13},{"not_picked":["Poisoned Stab","Flying Knee"],"picked":"Expertise","floor":14},{"not_picked":["Venomology","Tools of the Trade"],"picked":"Adrenaline","floor":16},{"not_picked":["Slice","Dash"],"picked":"Blur+1","floor":18},{"not_picked":["Acrobatics","Slice"],"picked":"PiercingWail+1","floor":20},{"not_picked":["Dagger Spray","Predator"],"picked":"Caltrops","floor":21}],"player_experience":10291,"potions_floor_usage":[],"damage_taken":[{"damage":2,"enemies":"2 Louse","floor":1,"turns":3},{"damage":1,"enemies":"Jaw Worm","floor":2,"turns":4},{"damage":2,"enemies":"Small Slimes","floor":5,"turns":4},{"damage":15,"enemies":"Exordium Thugs","floor":8,"turns":7},{"damage":22,"enemies":"The Mushroom Lair","floor":10,"turns":3},{"damage":5,"enemies":"Looter","floor":11,"turns":3},{"damage":15,"enemies":"Gremlin Nob","floor":13,"turns":4},{"damage":1,"enemies":"Large Slime","floor":14,"turns":3},{"damage":45,"enemies":"The Guardian","floor":16,"turns":12},{"damage":0,"enemies":"Chosen","floor":18,"turns":4},{"damage":0,"enemies":"Spheric Guardian","floor":20,"turns":1},{"damage":67,"enemies":"Cultist and Chosen","floor":21,"turns":10},{"damage":24,"enemies":"Gremlin Leader","floor":24,"turns":2}],"relics_obtained":[{"floor":9,"key":"Shuriken"},{"floor":10,"key":"Odd Mushroom"},{"floor":13,"key":"Vajra"}],"event_choices":[{"event_name":"The Cleric","player_choice":"Leave","floor":4,"damage_taken":0},{"event_name":"Mushrooms","player_choice":"Fought Mushrooms","floor":10,"damage_taken":0},{"event_name":"Match and Keep!","player_choice":"2 cards matched","floor":19,"damage_taken":0},{"event_name":"Vampires","player_choice":"Ignored","floor":22,"damage_taken":0}],"boss_relics":[{"not_picked":["Calling Bell","Runic Dome"],"picked":"Black Star"}],"potions_floor_spawned":[5,10,13,14,16,18,20],"seed_played":"2415816712459245750","killed_by":"Gremlin Leader","ascension_level":0,"potions_obtained":[{"floor":5,"key":"PowerPotion"},{"floor":10,"key":"SkillPotion"},{"floor":13,"key":"SteroidPotion"}],"is_trial":false}