{"gold_per_floor":[114,129,32,32,47,77,77,107,132,162,162,210,225,1,1,101,101,116,131,146,146,29,359,359,389,414,442,457,11,41,56,56,156,156,171,183,458,2,17,47,47,77,77,107,122,152,4,19,19,19],"floor_reached":51,"playtime":3552,"items_purged":[],"score":1241,"play_id":"776544ef-611d-4edb-b0ac-bd6c9d38dff0","local_time":"20190601220837","daily_mods":["Cursed Run","ControlledChaos","Elite Swarm"],"is_ascension_mode":false,"campfire_choices":[{"floor":7,"key":"REST"},{"floor":15,"key":"REST"},{"data":"Hyperbeam","floor":24,"key":"SMITH"},{"data":"Buffer","floor":32,"key":"SMITH"},{"data":"Hyperbeam","floor":49,"key":"SMITH"}],"neow_cost":"","seed_source_timestamp":0,"circlet_count":0,"master_deck":["Strike_B","Strike_B","Strike_B","Defend_B","Defend_B","Defend_B","Zap+1","Dualcast","Sweeping Beam","Gash","Bandage Up","Self Repair","Rainbow","Hyperbeam+1","Parasite","Electrodynamics","Reprogram+1","Turbo","Beam Cell","Heatsinks","Pain","All For One","Conserve Battery","Streamline","Gash","Sunder","Static Discharge","Meteor Strike","Rainbow","Normality","Auto Shields","Aggregate","Ball Lightning","Buffer+1","Turbo","Clumsy","Hyperbeam+1","Scrape+1","Ball Lightning+1","Regret","Blind+1","Conserve Battery","Hello World","Meteor Strike","Buffer","Doubt","Creative AI","Go for the Eyes+1","Ball Lightning+1","Thunder Strike","Chaos","Storm","Turbo+1","Pain"],"special_seed":18049,"relics":["Cursed Key","Darkstone Periapt","Du-Vu Doll","Frozen Eye","Symbiotic Virus","Bag of Marbles","Juzu Bracelet","Dodecahedron","Meat on the Bone","Pen Nib","Snecko Eye","MutagenicStrength","Old Coin","Strawberry","Art of War","Red Mask","Letter Opener","Lantern","Shuriken","Nuclear Battery","Ice Cream","Vajra","Sling","Prayer Wheel","Ginger","War Paint","Blue Candle","The Courier","Centennial Puzzle"],"potions_floor_usage":[16,16,20,23,33,40,50,50,50],"damage_taken":[{"damage":0,"enemies":"2 Louse","floor":1,"turns":2},{"damage":0,"enemies":"Small Slimes","floor":2,"turns":4},{"damage":2,"enemies":"Cultist","floor":5,"turns":4},{"damage":41,"enemies":"Lagavulin","floor":6,"turns":6},{"damage":13,"enemies":"3 Sentries","floor":8,"turns":5},{"damage":19,"enemies":"Gremlin Nob","floor":10,"turns":4},{"damage":30,"enemies":"Lagavulin Event","floor":12,"turns":4},{"damage":14,"enemies":"Large Slime","floor":13,"turns":2},{"damage":14,"enemies":"The Guardian","floor":16,"turns":11},{"damage":18,"enemies":"Spheric Guardian","floor":18,"turns":3},{"damage":3,"enemies":"Chosen","floor":19,"turns":3},{"damage":26,"enemies":"Shelled Parasite and Fungi","floor":20,"turns":4},{"damage":37,"enemies":"Slavers","floor":23,"turns":3},{"damage":29,"enemies":"Book of Stabbing","floor":25,"turns":3},{"damage":6,"enemies":"Masked Bandits","floor":27,"turns":1},{"damage":15,"enemies":"Centurion and Healer","floor":28,"turns":4},{"damage":17,"enemies":"Gremlin Leader","floor":30,"turns":5},{"damage":6,"enemies":"Cultist and Chosen","floor":31,"turns":2},{"damage":0,"enemies":"Collector","floor":33,"turns":3},{"damage":0,"enemies":"3 Darklings","floor":35,"turns":1},{"damage":19,"enemies":"2 Orb Walkers","floor":36,"turns":3},{"damage":1,"enemies":"3 Shapes","floor":39,"turns":1},{"damage":9,"enemies":"Reptomancer","floor":40,"turns":3},{"damage":21,"enemies":"Giant Head","floor":42,"turns":4},{"damage":5,"enemies":"Reptomancer","floor":44,"turns":2},{"damage":2,"enemies":"Transient","floor":45,"turns":5},{"damage":0,"enemies":"Giant Head","floor":46,"turns":4},{"damage":4,"enemies":"3 Darklings","floor":48,"turns":2},{"damage":46,"enemies":"Awakened One","floor":50,"turns":7}],"seed_played":"8756904744522302853","potions_obtained":[{"floor":1,"key":"SpeedPotion"},{"floor":2,"key":"Poison Potion"},{"floor":6,"key":"Regen Potion"},{"floor":12,"key":"Dexterity Potion"},{"floor":19,"key":"Block Potion"},{"floor":25,"key":"Strength Potion"},{"floor":28,"key":"Fire Potion"},{"floor":36,"key":"Explosive Potion"},{"floor":39,"key":"Swift Potion"},{"floor":42,"key":"Explosive Potion"},{"floor":46,"key":"LiquidBronze"}],"is_trial":false,"path_per_floor":["M","M","$","?","M","E","R","E","T","E","?","?","M","$","R","B",null,"M","M","M","?","$","E","R","E","T","?","M","$","E","M","R","B",null,"M","?","?","$","M","E","?","E","T","E","M","E","$","M","R","B",null],"character_chosen":"DEFECT","items_purchased":["Bandage Up","Pen Nib","Heatsinks","Sunder","Static Discharge","Letter Opener","Lantern","Ball Lightning","Vajra","Sling","Blind","Conserve Battery","Centennial Puzzle","Chaos"],"campfire_rested":2,"item_purchase_floors":[3,14,14,22,22,29,29,29,38,38,38,38,47,47],"current_hp_per_floor":[75,75,75,75,73,43,65,63,69,61,61,54,52,52,76,79,87,76,80,65,65,65,45,45,46,52,58,66,66,53,59,59,76,106,106,98,104,104,103,98,98,88,94,89,98,109,109,112,112,83],"gold":19,"neow_bonus":"","is_prod":false,"is_daily":true,"chose_seed":false,"campfire_upgraded":3,"win_rate":0,"timestamp":1559441317,"path_taken":["M","M","$","?","M","E","R","E","T","E","?","?","M","$","R","BOSS","M","M","M","?","$","E","R","E","T","?","M","$","E","M","R","BOSS","M","?","?","$","M","E","?","E","T","E","M","E","$","M","R","BOSS"],"build_version":"2019-01-23","purchased_purges":0,"victory":true,"max_hp_per_floor":[75,75,75,75,75,75,75,75,81,81,81,81,81,81,81,87,87,87,87,87,87,87,87,87,94,100,100,100,100,100,100,100,106,106,106,106,112,112,112,112,112,112,118,118,118,118,118,118,118,124],"card_choices":[{"not_picked":["Recycle","Glacier"],"picked":"Sweeping Beam","floor":1},{"not_picked":["Go for the Eyes","Rebound"],"picked":"Gash","floor":2},{"not_picked":["Gash","Stack"],"picked":"Self Repair","floor":5},{"not_picked":["Biased Cognition","Fission"],"picked":"Rainbow","floor":6},{"not_picked":["Echo Form","Amplify"],"picked":"Hyperbeam","floor":8},{"not_picked":["Seek","Amplify"],"picked":"Electrodynamics","floor":10},{"not_picked":["Gash","Leap"],"picked":"Turbo","floor":12},{"not_picked":["Leap","Darkness"],"picked":"Beam Cell","floor":13},{"not_picked":["Electrodynamics","Fission"],"picked":"All For One","floor":16},{"not_picked":["Steam+1","Compile Driver+1"],"picked":"Conserve Battery","floor":18},{"not_picked":["BootSequence","Darkness"],"picked":"Streamline","floor":19},{"not_picked":["Steam+1","Rip and Tear"],"picked":"Gash","floor":20},{"not_picked":["Biased Cognition","Hyperbeam"],"picked":"Meteor Strike","floor":23},{"not_picked":["Seek","Multi-Cast"],"picked":"Rainbow","floor":25},{"not_picked":["Streamline","Cold Snap"],"picked":"Auto Shields","floor":27},{"not_picked":["Leap","Reinforced Body"],"picked":"Aggregate","floor":28},{"not_picked":["Machine Learning","Echo Form"],"picked":"Buffer","floor":30},{"not_picked":["Recycle","Beam Cell"],"picked":"Turbo","floor":31},{"not_picked":["Rainbow","Fission"],"picked":"Hyperbeam","floor":33},{"not_picked":["Rebound+1","Cold Snap"],"picked":"Scrape+1","floor":35},{"not_picked":["Leap","Scrape"],"picked":"Ball Lightning+1","floor":36},{"not_picked":["Redo","Steam+1"],"picked":"Hello World","floor":39},{"not_picked":["Rainbow","Fission"],"picked":"Meteor Strike","floor":40},{"not_picked":["Rainbow","Echo Form"],"picked":"Buffer","floor":42},{"not_picked":["Amplify","Reboot"],"picked":"Creative AI","floor":44},{"not_picked":["Reprogram","Steam"],"picked":"Go for the Eyes+1","floor":45},{"not_picked":["Genetic Algorithm","Hologram+1"],"picked":"Ball Lightning+1","floor":45},{"not_picked":["Seek","Amplify"],"picked":"Thunder Strike","floor":46},{"not_picked":["Genetic Algorithm","Sweeping Beam"],"picked":"Storm","floor":48},{"not_picked":["Steam+1","Hologram"],"picked":"Turbo+1","floor":48}],"player_experience":725558,"relics_obtained":[{"floor":6,"key":"Symbiotic Virus"},{"floor":8,"key":"Bag of Marbles"},{"floor":9,"key":"Juzu Bracelet"},{"floor":10,"key":"Dodecahedron"},{"floor":23,"key":"Old Coin"},{"floor":25,"key":"Strawberry"},{"floor":26,"key":"Art of War"},{"floor":27,"key":"Red Mask"},{"floor":30,"key":"Shuriken"},{"floor":36,"key":"Ice Cream"},{"floor":40,"key":"Prayer Wheel"},{"floor":42,"key":"Ginger"},{"floor":43,"key":"War Paint"},{"floor":44,"key":"Blue Candle"},{"floor":46,"key":"The Courier"}],"event_choices":[{"damage_healed":0,"gold_gain":0,"player_choice":"Grow","damage_taken":0,"max_hp_gain":0,"max_hp_loss":0,"event_name":"Living Wall","floor":4,"gold_loss":0,"cards_upgraded":["Zap"]},{"damage_healed":0,"gold_gain":0,"cards_transformed":["Strike_B"],"player_choice":"Transformed","damage_taken":0,"max_hp_gain":0,"max_hp_loss":0,"event_name":"Transmorgrifier","floor":11,"gold_loss":0,"cards_obtained":["Reprogram"]},{"damage_healed":0,"gold_gain":30,"player_choice":"Searched \u00273\u0027 times","damage_taken":0,"relics_obtained":["Meat on the Bone"],"max_hp_gain":0,"max_hp_loss":0,"event_name":"Dead Adventurer","floor":12,"gold_loss":0},{"damage_healed":0,"gold_gain":0,"player_choice":"Inject Mutagens","damage_taken":0,"relics_obtained":["MutagenicStrength"],"max_hp_gain":0,"max_hp_loss":0,"event_name":"Drug Dealer","floor":21,"gold_loss":0},{"damage_healed":0,"gold_gain":0,"player_choice":"Fought Bandits","damage_taken":0,"max_hp_gain":0,"max_hp_loss":0,"event_name":"Masked Bandits","floor":27,"gold_loss":0},{"damage_healed":0,"gold_gain":0,"player_choice":"Fight","damage_taken":0,"max_hp_gain":0,"max_hp_loss":0,"event_name":"Mysterious Sphere","floor":36,"gold_loss":0},{"damage_healed":0,"gold_gain":275,"player_choice":"Desecrate","damage_taken":0,"max_hp_gain":0,"max_hp_loss":0,"event_name":"Golden Shrine","floor":37,"gold_loss":0,"cards_obtained":["Regret"]},{"cards_removed":["Defend_B"],"damage_healed":0,"gold_gain":0,"player_choice":"Removed Skill","damage_taken":0,"max_hp_gain":0,"max_hp_loss":0,"event_name":"Falling","floor":41,"gold_loss":0}],"is_beta":false,"boss_relics":[{"not_picked":["Fusion Hammer","White Beast Statue"],"picked":"Snecko Eye"},{"not_picked":["Tiny House","Astrolabe"],"picked":"Nuclear Battery"}],"items_purged_floors":[],"is_endless":false,"potions_floor_spawned":[1,2,6,12,19,25,28,36,39,42,46],"ascension_level":0}