{"gold_per_floor":[112,34,34,45,45,45,64,97,173,173,190,265,297,308,308,308],"floor_reached":16,"playtime":326,"items_purged":[],"score":220,"play_id":"33c6e52d-34a8-49e2-8b8b-f22d3920b5ab","local_time":"20190923130254","is_ascension_mode":true,"campfire_choices":[{"data":"Battle Trance","floor":6.0,"key":"SMITH"},{"floor":10.0,"key":"REST"},{"data":"Carnage","floor":15,"key":"SMITH"}],"neow_cost":"NONE","seed_source_timestamp":564616242928900,"circlet_count":0,"master_deck":["AscendersBane","Strike_R+1","Strike_R","Strike_R","Strike_R","Strike_R","Defend_R","Defend_R","Defend_R","Defend_R","Bash+1","Headbutt","Battle Trance+1","Feel No Pain","True Grit","Carnage+1","Fiend Fire"],"special_seed":0,"relics":["Burning Blood","NeowsBlessing","Art of War","Gremlin Horn","Bronze Scales"],"potions_floor_usage":[13,16],"damage_taken":[{"damage":0.0,"enemies":"2 Louse","floor":1.0,"turns":1.0},{"damage":0.0,"enemies":"Jaw Worm","floor":4.0,"turns":1.0},{"damage":0.0,"enemies":"Small Slimes","floor":7.0,"turns":1.0},{"damage":52.0,"enemies":"Lagavulin","floor":8.0,"turns":7.0},{"damage":11.0,"enemies":"3 Louse","floor":11.0,"turns":4.0},{"damage":8,"enemies":"Gremlin Nob","floor":13,"turns":3},{"damage":1,"enemies":"Looter","floor":14,"turns":2},{"damage":32,"enemies":"Hexaghost","floor":16,"turns":7}],"seed_played":"-8168974882267063023","potions_obtained":[{"floor":7.0,"key":"GamblersBrew"},{"floor":11.0,"key":"PowerPotion"},{"floor":13,"key":"Ancient Potion"}],"is_trial":false,"path_per_floor":["M","$","?","M","?","R","M","E","T","R","M","?","E","M","R","B"],"character_chosen":"IRONCLAD","items_purchased":["Battle Trance"],"campfire_rested":1,"item_purchase_floors":[2],"current_hp_per_floor":[74,74,79,80,56,56,62,16,16,40,35,24,22,27,27,0],"gold":308,"neow_bonus":"THREE_ENEMY_KILL","is_prod":false,"is_daily":false,"chose_seed":false,"campfire_upgraded":2,"win_rate":0,"timestamp":1569268974,"path_taken":["M","$","?","M","?","R","?","E","T","R","M","?","E","M","R","BOSS"],"build_version":"2019-09-23","purchased_purges":0,"victory":false,"max_hp_per_floor":[75,75,80,80,80,80,80,80,80,80,80,80,80,80,80,80],"card_choices":[{"not_picked":["Perfected Strike","Warcry"],"picked":"Headbutt","floor":1.0},{"not_picked":["Exhume","Sword Boomerang","Havoc"],"picked":"SKIP","floor":4.0},{"not_picked":["Clothesline","Headbutt"],"picked":"Feel No Pain","floor":7.0},{"not_picked":["Infernal Blade","Havoc"],"picked":"True Grit","floor":8.0},{"not_picked":["Body Slam","Dual Wield"],"picked":"Carnage","floor":11.0},{"not_picked":["Brutality","Sword Boomerang"],"picked":"Fiend Fire","floor":13},{"not_picked":["Clothesline","Body Slam","Perfected Strike"],"picked":"SKIP","floor":14}],"player_experience":984730,"relics_obtained":[{"floor":8.0,"key":"Art of War"},{"floor":9.0,"key":"Gremlin Horn"},{"floor":13,"key":"Bronze Scales"}],"event_choices":[{"damage_healed":0.0,"max_hp_gain":5.0,"max_hp_loss":0.0,"gold_gain":0.0,"event_name":"Big Fish","player_choice":"Donut","floor":3.0,"gold_loss":0.0,"damage_taken":0.0},{"damage_healed":0.0,"max_hp_gain":0.0,"max_hp_loss":0.0,"gold_gain":0.0,"event_name":"Shining Light","player_choice":"Entered Light","floor":5.0,"gold_loss":0.0,"damage_taken":24.0,"cards_upgraded":["Bash","Strike_R"]},{"damage_healed":0.0,"max_hp_gain":0.0,"max_hp_loss":0.0,"gold_gain":75.0,"event_name":"World of Goop","player_choice":"Gather Gold","floor":12.0,"gold_loss":0.0,"damage_taken":11.0}],"is_beta":true,"boss_relics":[],"items_purged_floors":[],"is_endless":false,"potions_floor_spawned":[7,11,13,14],"killed_by":"Hexaghost","ascension_level":20}