{"gold_per_floor":[114,9,24,24,74,74,35,35,35,50,65,65,17,17],"floor_reached":14,"playtime":766,"items_purged":[],"score":153,"play_id":"3761eac1-928b-4ffb-a8c1-1ed40c66db39","local_time":"20180703150903","daily_mods":["Specialized","Lethality","Hoarder"],"is_ascension_mode":false,"campfire_choices":[],"neow_cost":"","seed_source_timestamp":0,"circlet_count":0,"master_deck":["Defend_G","Defend_G","Defend_G","Defend_G","Defend_G","Strike_G","Strike_G","Strike_G","Strike_G","Strike_G","Survivor","Neutralize+1","Phantasmal Killer","Phantasmal Killer","Phantasmal Killer","Phantasmal Killer","Phantasmal Killer","Phantasmal Killer","Phantasmal Killer","Phantasmal Killer","Phantasmal Killer","Phantasmal Killer","Phantasmal Killer","Phantasmal Killer","Phantasmal Killer","Phantasmal Killer","Phantasmal Killer","Slice","Slice+1","Slice","Well Laid Plans","Well Laid Plans","Well Laid Plans","Blade Dance","Blade Dance","Blade Dance","Escape Plan","Escape Plan+1","Escape Plan","Regret","Regret","Accuracy","Accuracy","Accuracy","Deadly Poison","Deadly Poison","Deadly Poison","Backflip+1","Backflip","Backflip","Sucker Punch","Sucker Punch","Sucker Punch"],"special_seed":17715,"relics":["Ring of the Snake","Whetstone","Snake Skull","Paper Crane"],"potions_floor_usage":[14,14],"damage_taken":[{"damage":8,"enemies":"Small Slimes","floor":1,"turns":4},{"damage":8,"enemies":"Cultist","floor":3,"turns":4},{"damage":14,"enemies":"Jaw Worm","floor":10,"turns":2},{"damage":15,"enemies":"Large Slime","floor":11,"turns":3},{"damage":26,"enemies":"Lagavulin","floor":14,"turns":3}],"seed_played":"-5295216616361332357","potions_obtained":[{"floor":3,"key":"Poison Potion"},{"floor":11,"key":"Strength Potion"}],"is_trial":false,"path_per_floor":["M","$","M","?","T","?","$","?","T","M","M","?","$"],"character_chosen":"THE_SILENT","items_purchased":["Well Laid Plans","Blade Dance","Accuracy","Sucker Punch"],"campfire_rested":0,"item_purchase_floors":[2,2,7,13],"current_hp_per_floor":[62,62,54,54,54,54,54,54,54,40,25,11,11,0],"gold":17,"neow_bonus":"","is_prod":false,"is_daily":true,"chose_seed":false,"campfire_upgraded":0,"win_rate":0,"timestamp":1530644943,"path_taken":["M","$","M","?","?","?","?","?","T","M","?","?","$","E"],"build_version":"2018-06-28","purchased_purges":0,"victory":false,"max_hp_per_floor":[70,70,70,70,70,70,70,70,70,70,70,70,70,70],"card_choices":[{"not_picked":["Endless Agony","Backflip"],"picked":"Slice","floor":1},{"not_picked":["Catalyst","Prepared"],"picked":"Escape Plan","floor":3},{"not_picked":["Acrobatics","Dagger Throw"],"picked":"Deadly Poison","floor":10},{"not_picked":["Calculated Gamble","Masterful Stab"],"picked":"Backflip","floor":11}],"player_experience":246485,"relics_obtained":[{"floor":5,"key":"Whetstone"},{"floor":9,"key":"Paper Crane"}],"event_choices":[{"event_name":"The Cleric","player_choice":"Leave","floor":4,"damage_taken":0},{"event_name":"Big Fish","player_choice":"Box","floor":6,"damage_taken":0},{"event_name":"Living Wall","player_choice":"Forget","floor":8,"damage_taken":0},{"event_name":"Shining Light","player_choice":"Entered Light","floor":12,"damage_taken":0}],"boss_relics":[],"items_purged_floors":[],"is_endless":false,"potions_floor_spawned":[3,11],"killed_by":"Lagavulin","ascension_level":0}