{"path_per_floor":["M","$","?","?","$","R","T","R","T","E","M","M","R","M","R","B",null,"M","?","$","M","M"],"character_chosen":"THE_SILENT","items_purchased":["Accuracy","Quick Slash","Caltrops","Good Instincts","Mercury Hourglass","Vajra","Footwork+1","Cloak And Dagger"],"gold_per_floor":[116,15,190,190,18,18,43,43,43,377,396,412,412,428,428,524,524,536,536,25,36,49,49],"floor_reached":23,"campfire_rested":1,"playtime":2061,"item_purchase_floors":[2,2,5,5,20,20,20,20],"current_hp_per_floor":[70,70,70,63,63,63,63,63,63,36,30,30,30,22,43,27,70,50,50,50,36,13,0],"items_purged":[],"gold":49,"score":189,"play_id":"76bede9e-8132-44d6-bfee-f4d4ef587523","local_time":"20180527164348","is_prod":false,"is_daily":false,"chose_seed":false,"is_ascension_mode":false,"campfire_upgraded":3,"win_rate":0,"timestamp":1527453828,"campfire_choices":[{"data":"Good Instincts","floor":6,"key":"SMITH"},{"data":"Quick Slash","floor":8,"key":"SMITH"},{"data":"Dagger Spray","floor":13,"key":"SMITH"},{"floor":15,"key":"REST"}],"path_taken":["M","$","?","?","$","R","?","R","T","E","M","M","R","?","R","BOSS","M","?","$","M","M","E"],"build_version":"2018-05-24","seed_source_timestamp":8683038017542,"purchased_purges":0,"victory":false,"master_deck":["Defend_G+1","Defend_G+1","Defend_G+1","Defend_G+1","Defend_G+1","Strike_G+1","Strike_G+1","Strike_G+1","Strike_G+1","Strike_G+1","Survivor+1","Neutralize","Prepared","Accuracy","Quick Slash+1","Caltrops","Good Instincts+1","Dagger Spray+1","Flying Knee","Envenom+1","Dodge and Roll","Corpse Explosion","Backflip","Footwork+1","Cloak And Dagger","Deflect","Infinite Blades+1"],"max_hp_per_floor":[70,70,70,70,70,70,70,70,70,70,70,70,70,70,70,70,70,70,70,70,70,70,70],"relics":["Ring of the Snake","Lantern","Frozen Egg 2","Old Coin","Eternal Feather","Mercury Hourglass","Vajra"],"card_choices":[{"not_picked":["Slice","Expertise"],"picked":"Prepared","floor":1},{"not_picked":["Predator","Expertise"],"picked":"Dagger Spray","floor":10},{"not_picked":["Acrobatics","Eviscerate"],"picked":"Flying Knee","floor":11},{"not_picked":["PiercingWail","Sucker Punch"],"picked":"Envenom+1","floor":12},{"not_picked":["Quick Slash","Deadly Poison"],"picked":"Dodge and Roll","floor":14},{"not_picked":["Tools of the Trade+1","Bullet Time"],"picked":"Corpse Explosion","floor":16},{"not_picked":["Choke","Slice"],"picked":"Backflip","floor":18},{"not_picked":["Quick Slash","Deadly Poison+1"],"picked":"Deflect","floor":21},{"not_picked":["Cloak And Dagger","Dodge and Roll"],"picked":"Infinite Blades+1","floor":22}],"player_experience":95607,"potions_floor_usage":[16,16],"damage_taken":[{"damage":0,"enemies":"Small Slimes","floor":1,"turns":3},{"damage":27,"enemies":"3 Sentries","floor":10,"turns":9},{"damage":6,"enemies":"Jaw Worm","floor":11,"turns":4},{"damage":0,"enemies":"2 Louse","floor":12,"turns":2},{"damage":8,"enemies":"2 Fungi Beasts","floor":14,"turns":3},{"damage":31,"enemies":"Hexaghost","floor":16,"turns":10},{"damage":20,"enemies":"3 Byrds","floor":18,"turns":4},{"damage":14,"enemies":"Shell Parasite","floor":21,"turns":6},{"damage":23,"enemies":"Centurion and Healer","floor":22,"turns":9},{"damage":20,"enemies":"Slavers","floor":23,"turns":1}],"relics_obtained":[{"floor":7,"key":"Lantern"},{"floor":9,"key":"Frozen Egg 2"},{"floor":10,"key":"Old Coin"}],"event_choices":[{"event_name":"Liars Game","player_choice":"agreed","floor":3,"damage_taken":0},{"event_name":"Golden Wing","player_choice":"Card Removal","floor":4,"damage_taken":0},{"event_name":"Back to Basics","player_choice":"Simplicity","floor":19,"damage_taken":0}],"boss_relics":[{"not_picked":["Sozu","Runic Dome"],"picked":"Eternal Feather"}],"items_purged_floors":[],"potions_floor_spawned":[11,12,18],"seed_played":"-2672816714820879876","killed_by":"Slavers","ascension_level":0,"potions_obtained":[{"floor":11,"key":"EssenceOfSteel"},{"floor":12,"key":"Regen Potion"},{"floor":18,"key":"Fire Potion"}],"is_trial":false}