{"gold_per_floor":[216,233,26,26,43,74,74,74,101,113,125,154,166,178,190,280,292,319,331,343,325,337,380,392,417,429,441,2,36,54,67,67,67],"floor_reached":33,"playtime":1136,"items_purged":["Decay"],"score":591,"play_id":"2956bb99-6086-4931-9891-f17f04fe4c6e","local_time":"20190911234136","is_ascension_mode":true,"campfire_choices":[{"data":"Flame Barrier","floor":7,"key":"SMITH"},{"data":"Anger","floor":11,"key":"SMITH"},{"data":"Pummel","floor":13,"key":"SMITH"},{"floor":15,"key":"REST"},{"floor":24,"key":"REST"},{"data":"Pummel","floor":32,"key":"SMITH"}],"neow_cost":"NONE","seed_source_timestamp":200577193671900,"circlet_count":0,"master_deck":["AscendersBane","Defend_R+1","Defend_R","Defend_R","Bash+1","Anger+1","Pummel+1","Power Through+1","Shrug It Off","Flame Barrier+1","Impervious","Power Through","Bite","Bite","Bite+1","Bite+1","Bite","RitualDagger","Ghostly Armor","Inflame+1","Pummel+1"],"relics":["Burning Blood","Happy Flower","Bag of Preparation","MawBank","Cursed Key","Bronze Scales","Sundial","SsserpentHead","Strange Spoon","Whetstone","Orichalcum"],"potions_floor_usage":[6,21,23,33,33],"damage_taken":[{"damage":7,"enemies":"Small Slimes","floor":1,"turns":3},{"damage":1,"enemies":"Cultist","floor":2,"turns":3},{"damage":2,"enemies":"2 Louse","floor":5,"turns":3},{"damage":42,"enemies":"3 Sentries","floor":6,"turns":11},{"damage":0,"enemies":"2 Fungi Beasts","floor":12,"turns":3},{"damage":27,"enemies":"The Guardian","floor":16,"turns":12},{"damage":14,"enemies":"Shell Parasite","floor":18,"turns":5},{"damage":2,"enemies":"2 Thieves","floor":21,"turns":4},{"damage":48,"enemies":"Slavers","floor":23,"turns":7},{"damage":9,"enemies":"Snake Plant","floor":25,"turns":5},{"damage":27,"enemies":"Book of Stabbing","floor":29,"turns":6},{"damage":0,"enemies":"Chosen and Byrds","floor":30,"turns":5},{"damage":21,"enemies":"Sentry and Sphere","floor":31,"turns":6},{"damage":70,"enemies":"Collector","floor":33,"turns":8}],"seed_played":"-3830483864059097304","potions_obtained":[{"floor":5,"key":"Fire Potion"},{"floor":6,"key":"Energy Potion"},{"floor":12,"key":"Energy Potion"},{"floor":16,"key":"BloodPotion"},{"floor":18,"key":"LiquidBronze"},{"floor":23,"key":"GamblersBrew"},{"floor":31,"key":"Fire Potion"}],"is_trial":false,"path_per_floor":["M","M","$","?","M","E","R","?","T","?","R","M","R","?","R","B",null,"M","?","?","M","?","E","R","M","T","?","$","E","M","M","R","B"],"character_chosen":"IRONCLAD","items_purchased":["Happy Flower","Power Through","Strange Spoon","Whetstone"],"campfire_rested":2,"item_purchase_floors":[3,3,28,28],"current_hp_per_floor":[67,72,72,72,75,39,39,39,39,16,16,22,22,22,44,23,62,54,52,39,57,51,27,44,55,55,55,55,42,57,47,47,0],"gold":67,"neow_bonus":"HUNDRED_GOLD","is_prod":false,"is_daily":false,"chose_seed":false,"campfire_upgraded":4,"win_rate":0,"timestamp":1568270496,"path_taken":["M","M","$","?","?","E","R","?","T","?","R","M","R","?","R","BOSS","M","?","?","M","?","E","R","M","T","?","$","E","M","M","R","BOSS"],"build_version":"2019-07-17","purchased_purges":1,"victory":false,"max_hp_per_floor":[75,75,75,75,75,75,75,75,75,75,75,75,75,75,75,75,75,75,52,57,57,57,57,57,57,57,57,57,57,57,57,57,57],"card_choices":[{"not_picked":["Sword Boomerang","Feel No Pain"],"picked":"Anger","floor":1},{"not_picked":["Headbutt","Havoc"],"picked":"Pummel","floor":2},{"not_picked":["Pummel","Searing Blow"],"picked":"Shrug It Off","floor":5},{"not_picked":["Dark Embrace","Havoc"],"picked":"Flame Barrier","floor":6},{"not_picked":["Headbutt","Sword Boomerang","Iron Wave"],"picked":"SKIP","floor":12},{"not_picked":["Berserk","Bludgeon"],"picked":"Impervious","floor":16},{"not_picked":["Thunderclap","Corruption+1"],"picked":"Power Through","floor":18},{"not_picked":["Seeing Red+1","Clash","Heavy Blade"],"picked":"SKIP","floor":21},{"not_picked":["Anger","Clash+1","Uppercut"],"picked":"SKIP","floor":23},{"not_picked":["Anger","Clash+1","Uppercut"],"picked":"SKIP","floor":23},{"not_picked":["Combust","Rupture"],"picked":"Ghostly Armor","floor":25},{"not_picked":["Shockwave","Power Through"],"picked":"Inflame+1","floor":29},{"not_picked":["Clothesline","True Grit","Wild Strike"],"picked":"SKIP","floor":30},{"not_picked":["Shrug It Off","True Grit"],"picked":"Pummel","floor":31}],"player_experience":688903,"relics_obtained":[{"floor":6,"key":"Bag of Preparation"},{"floor":9,"key":"MawBank"},{"floor":23,"key":"Bronze Scales"},{"floor":26,"key":"Sundial"},{"floor":29,"key":"Orichalcum"}],"event_choices":[{"cards_removed":["Defend_R"],"damage_healed":0,"gold_gain":0,"player_choice":"Offered Basic","damage_taken":0,"max_hp_gain":0,"max_hp_loss":0,"event_name":"Bonfire Elementals","floor":4,"gold_loss":0},{"damage_healed":0,"gold_gain":0,"player_choice":"Grow","damage_taken":0,"max_hp_gain":0,"max_hp_loss":0,"event_name":"Living Wall","floor":8,"gold_loss":0,"cards_upgraded":["Bash"]},{"damage_healed":0,"gold_gain":0,"player_choice":"Entered Light","damage_taken":23,"max_hp_gain":0,"max_hp_loss":0,"event_name":"Shining Light","floor":10,"gold_loss":0,"cards_upgraded":["Defend_R","Strike_R"]},{"damage_healed":0,"gold_gain":0,"player_choice":"Upgraded","damage_taken":0,"max_hp_gain":0,"max_hp_loss":0,"event_name":"Upgrade Shrine","floor":14,"gold_loss":0,"cards_upgraded":["Power Through"]},{"damage_healed":0,"gold_gain":0,"player_choice":"Became a vampire","damage_taken":0,"max_hp_gain":0,"max_hp_loss":23,"event_name":"Vampires","floor":19,"gold_loss":0,"cards_obtained":["Bite","Bite","Bite","Bite","Bite"]},{"damage_healed":0,"gold_gain":0,"player_choice":"Shed Blood","damage_taken":18,"max_hp_gain":5,"max_hp_loss":0,"event_name":"Forgotten Altar","floor":20,"gold_loss":0},{"damage_healed":0,"gold_gain":0,"player_choice":"Joined the Cult","damage_taken":6,"max_hp_gain":0,"max_hp_loss":0,"event_name":"Nest","floor":22,"gold_loss":0,"cards_obtained":["RitualDagger"]},{"damage_healed":0,"gold_gain":0,"player_choice":"Trade","damage_taken":0,"relics_obtained":["SsserpentHead"],"max_hp_gain":0,"max_hp_loss":0,"event_name":"FaceTrader","floor":27,"gold_loss":0}],"is_beta":false,"boss_relics":[{"not_picked":["Black Blood","Black Star"],"picked":"Cursed Key"}],"items_purged_floors":[28],"is_endless":false,"potions_floor_spawned":[5,6,12,16,18,23,31],"killed_by":"Collector","ascension_level":20}