{"gold_per_floor":[115,115,133,149,159,159,193,193,193,208,39,39,67,80,80,152,152,169,186,186,204,204,204,204,231,256,256,356,368,368,382,382,382],"floor_reached":33,"playtime":1260,"items_purged":[],"score":554,"play_id":"9236d8c2-c0f1-4522-a87e-3400c9c52946","local_time":"20190921170605","is_ascension_mode":true,"campfire_choices":[{"data":"Clothesline","floor":6.0,"key":"SMITH"},{"data":"Corruption","floor":8.0,"key":"SMITH"},{"data":"Spot Weakness","floor":12.0,"key":"SMITH"},{"floor":15.0,"key":"REST"},{"data":"Heavy Blade","floor":23,"key":"SMITH"},{"data":"Heavy Blade","floor":27,"key":"SMITH"},{"data":"Feel No Pain","floor":30,"key":"SMITH"},{"floor":32,"key":"REST"}],"neow_cost":"PERCENT_DAMAGE","seed_source_timestamp":405475830456200,"circlet_count":0,"master_deck":["AscendersBane","Strike_R+1","Strike_R+1","Strike_R+1","Strike_R+1","Defend_R+1","Defend_R+1","Defend_R+1","Defend_R+1","Bash","Clothesline+1","Corruption+1","Spot Weakness+1","Hemokinesis","Power Through+1","Heavy Blade+1","Feel No Pain+1","Ghostly Armor","Fiend Fire","Metallicize","Impervious+1","Shrug It Off","Heavy Blade+1","Second Wind"],"special_seed":0,"relics":["Burning Blood","Regal Pillow","HornCleat","Thread and Needle","Runic Dome","MutagenicStrength","Happy Flower","War Paint","TungstenRod","Gremlin Horn"],"potions_floor_usage":[28,28,33,33],"damage_taken":[{"damage":10.0,"enemies":"Small Slimes","floor":1.0,"turns":4.0},{"damage":0.0,"enemies":"Cultist","floor":3.0,"turns":3.0},{"damage":10.0,"enemies":"Jaw Worm","floor":4.0,"turns":6.0},{"damage":4.0,"enemies":"Looter","floor":5.0,"turns":4.0},{"damage":31.0,"enemies":"Lagavulin","floor":7.0,"turns":5.0},{"damage":14.0,"enemies":"3 Louse","floor":10.0,"turns":4.0},{"damage":24.0,"enemies":"Gremlin Nob","floor":13.0,"turns":4.0},{"damage":4.0,"enemies":"Blue Slaver","floor":14.0,"turns":2.0},{"damage":57.0,"enemies":"Slime Boss","floor":16.0,"turns":14.0},{"damage":3.0,"enemies":"Shell Parasite","floor":18.0,"turns":7.0},{"damage":2.0,"enemies":"Chosen","floor":19.0,"turns":6.0},{"damage":12.0,"enemies":"3 Cultists","floor":21.0,"turns":6.0},{"damage":2,"enemies":"Book of Stabbing","floor":25,"turns":6},{"damage":2,"enemies":"Colosseum Slavers","floor":28,"turns":4},{"damage":14,"enemies":"Colosseum Nobs","floor":28,"turns":6},{"damage":3,"enemies":"Snake Plant","floor":29,"turns":5},{"damage":0,"enemies":"Snecko","floor":31,"turns":8},{"damage":131,"enemies":"Champ","floor":33,"turns":26}],"seed_played":"-534215145067680549","potions_obtained":[{"floor":3.0,"key":"GamblersBrew"},{"floor":5.0,"key":"Regen Potion"},{"floor":10.0,"key":"Swift Potion"},{"floor":13.0,"key":"FearPotion"},{"floor":19.0,"key":"Explosive Potion"},{"floor":21.0,"key":"SteroidPotion"},{"floor":28,"key":"SkillPotion"},{"floor":29,"key":"ElixirPotion"},{"floor":31,"key":"Block Potion"}],"is_trial":false,"path_per_floor":["M","?","M","M","M","R","E","R","T","M","$","R","E","M","R","B",null,"M","M","?","M","?","R","?","E","T","R","?","M","R","M","R","B"],"character_chosen":"IRONCLAD","items_purchased":["Feel No Pain","Ghostly Armor"],"campfire_rested":2,"item_purchase_floors":[11,11],"current_hp_per_floor":[60,60,66,62,64,64,53,53,53,45,45,45,27,29,70,19,72,75,79,79,73,73,73,47,51,51,51,47,50,50,56,94,0],"gold":382,"neow_bonus":"TWENTY_PERCENT_HP_BONUS","is_prod":false,"is_daily":false,"chose_seed":false,"campfire_upgraded":6,"win_rate":0,"timestamp":1569110765,"path_taken":["M","?","M","?","M","R","E","R","T","M","$","R","E","M","R","BOSS","M","M","?","M","?","R","?","E","T","R","?","M","R","M","R","BOSS"],"build_version":"2019-09-20","purchased_purges":0,"victory":false,"max_hp_per_floor":[89,89,89,89,89,89,89,89,89,89,89,89,89,89,89,89,89,89,89,89,89,89,89,94,94,94,94,94,94,94,94,94,94],"card_choices":[{"not_picked":["Headbutt","Iron Wave"],"picked":"Clothesline","floor":1.0},{"not_picked":["Shrug It Off","Cleave"],"picked":"Corruption","floor":3.0},{"not_picked":["Combust","Sword Boomerang"],"picked":"Spot Weakness","floor":4.0},{"not_picked":["Sever Soul","Intimidate"],"picked":"Hemokinesis","floor":5.0},{"not_picked":["Twin Strike","Seeing Red"],"picked":"Power Through","floor":7.0},{"not_picked":["Twin Strike","Intimidate"],"picked":"Heavy Blade","floor":10.0},{"not_picked":["Anger","Clash"],"picked":"Fiend Fire","floor":13.0},{"not_picked":["Dual Wield","Clothesline"],"picked":"Metallicize","floor":14.0},{"not_picked":["Demon Form","Fiend Fire"],"picked":"Impervious","floor":16.0},{"not_picked":["Thunderclap","Uppercut"],"picked":"Shrug It Off","floor":18.0},{"not_picked":["Havoc","Infernal Blade","Rupture"],"picked":"SKIP","floor":19.0},{"not_picked":["Wild Strike","Anger","Searing Blow"],"picked":"SKIP","floor":21.0},{"not_picked":["Pommel Strike","Warcry"],"picked":"Heavy Blade","floor":25},{"not_picked":["Headbutt","Sword Boomerang"],"picked":"Second Wind","floor":28},{"not_picked":["Second Wind+1","Corruption","Sever Soul"],"picked":"SKIP","floor":29},{"not_picked":["Wild Strike","Power Through","Cleave+1"],"picked":"SKIP","floor":31}],"player_experience":930885,"relics_obtained":[{"floor":7.0,"key":"Regal Pillow"},{"floor":9.0,"key":"HornCleat"},{"floor":13.0,"key":"Thread and Needle"},{"floor":25,"key":"Happy Flower"},{"floor":26,"key":"War Paint"},{"floor":28,"key":"TungstenRod"},{"floor":28,"key":"Gremlin Horn"}],"event_choices":[{"cards_removed":["Strike_R"],"damage_healed":0.0,"max_hp_gain":0.0,"max_hp_loss":0.0,"gold_gain":0.0,"event_name":"Bonfire Elementals","player_choice":"Offered Basic","floor":2.0,"gold_loss":0.0,"damage_taken":0.0},{"damage_healed":0.0,"max_hp_gain":0.0,"max_hp_loss":0.0,"gold_gain":0.0,"event_name":"Back to Basics","player_choice":"Simplicity","floor":20.0,"gold_loss":0.0,"damage_taken":0.0,"cards_upgraded":["Strike_R","Strike_R","Strike_R","Strike_R","Defend_R","Defend_R","Defend_R","Defend_R"]},{"damage_healed":0,"gold_gain":0,"player_choice":"Inject Mutagens","damage_taken":0,"relics_obtained":["MutagenicStrength"],"max_hp_gain":0,"max_hp_loss":0,"event_name":"Drug Dealer","floor":22,"gold_loss":0},{"damage_healed":0,"gold_gain":0,"player_choice":"Shed Blood","damage_taken":31,"max_hp_gain":5,"max_hp_loss":0,"event_name":"Forgotten Altar","floor":24,"gold_loss":0},{"damage_healed":0,"gold_gain":0,"player_choice":"Fight","damage_taken":0,"max_hp_gain":0,"max_hp_loss":0,"event_name":"Colosseum","floor":28,"gold_loss":0},{"damage_healed":0,"gold_gain":0,"player_choice":"Fought Nobs","damage_taken":0,"max_hp_gain":0,"max_hp_loss":0,"event_name":"Colosseum","floor":28,"gold_loss":0}],"is_beta":true,"boss_relics":[{"not_picked":["Black Blood","Tiny House"],"picked":"Runic Dome"}],"items_purged_floors":[],"is_endless":false,"potions_floor_spawned":[3,5,10,13,14,19,21,28,29,31],"killed_by":"Champ","ascension_level":20}