{"path_per_floor":["M","M","M","?","$","R","M","R","T","?","M","R","M","E","R"],"character_chosen":"IRONCLAD","items_purchased":["Mind Blast","Sword Boomerang"],"gold_per_floor":[112,124,134,134,5,5,15,15,15,90,108,108,121,153,153,153],"floor_reached":16,"campfire_rested":0,"playtime":1795,"item_purchase_floors":[5,5],"current_hp_per_floor":[80,80,72,60,60,60,64,64,64,53,59,59,65,58,58,0],"items_purged":[],"gold":153,"score":102,"play_id":"ddd73163-3061-4f05-b7ae-5892ecc7e00b","local_time":"20180530200625","is_prod":false,"is_daily":false,"chose_seed":false,"is_ascension_mode":false,"campfire_upgraded":4,"win_rate":0,"timestamp":1527725185,"campfire_choices":[{"data":"Mind Blast","floor":6,"key":"SMITH"},{"data":"Entrench","floor":8,"key":"SMITH"},{"data":"Bludgeon","floor":12,"key":"SMITH"},{"data":"Bash","floor":15,"key":"SMITH"}],"path_taken":["M","M","M","?","$","R","M","R","T","?","M","R","M","E","R","BOSS"],"build_version":"2018-05-24","seed_source_timestamp":14871878691156,"purchased_purges":0,"victory":false,"master_deck":["Strike_R","Strike_R","Strike_R","Strike_R","Strike_R","Defend_R","Defend_R","Defend_R","Defend_R","Bash+1","Entrench+1","Cleave","Sentinel","Mind Blast+1","Sword Boomerang","Perfected Strike","Bludgeon+1","Sword Boomerang","Pummel"],"max_hp_per_floor":[80,80,80,80,80,80,80,80,80,80,80,80,80,80,80,80],"relics":["Burning Blood","Art of War","Anchor","Meat on the Bone","Peace Pipe"],"card_choices":[{"not_picked":["Battle Trance","Headbutt"],"picked":"Entrench","floor":1},{"not_picked":["Intimidate","Iron Wave"],"picked":"Cleave","floor":2},{"not_picked":["Headbutt","Iron Wave"],"picked":"Sentinel","floor":3},{"not_picked":["Uppercut","Twin Strike"],"picked":"Perfected Strike","floor":7},{"not_picked":["Clash","Cleave"],"picked":"Bludgeon","floor":11},{"not_picked":["Perfected Strike","Combust"],"picked":"Sword Boomerang","floor":13},{"not_picked":["Corruption","Twin Strike"],"picked":"Pummel","floor":14}],"player_experience":118729,"potions_floor_usage":[16,16,16],"damage_taken":[{"damage":5,"enemies":"Small Slimes","floor":1,"turns":6},{"damage":5,"enemies":"2 Louse","floor":2,"turns":3},{"damage":14,"enemies":"Jaw Worm","floor":3,"turns":4},{"damage":2,"enemies":"Blue Slaver","floor":7,"turns":3},{"damage":0,"enemies":"2 Fungi Beasts","floor":11,"turns":3},{"damage":0,"enemies":"Looter","floor":13,"turns":2},{"damage":13,"enemies":"Lagavulin","floor":14,"turns":5},{"damage":59,"enemies":"The Guardian","floor":16,"turns":8}],"relics_obtained":[{"floor":9,"key":"Meat on the Bone"},{"floor":14,"key":"Peace Pipe"}],"event_choices":[{"event_name":"Scrap Ooze","player_choice":"success","floor":4,"damage_taken":12},{"event_name":"World of Goop","player_choice":"Gather Gold","floor":10,"damage_taken":0}],"boss_relics":[],"items_purged_floors":[],"potions_floor_spawned":[1,2,7,11,14],"seed_played":"8807215242232257003","killed_by":"The Guardian","ascension_level":0,"potions_obtained":[{"floor":1,"key":"Dexterity Potion"},{"floor":2,"key":"Explosive Potion"},{"floor":7,"key":"Poison Potion"}],"is_trial":false}