{"gold_per_floor":[17,17,117,132,152,152,167,34,34,62,77,102,102,115,115,186,186,201,219,45,64,64,92,92,123,123,123,149,149,169,44,44,123,123,134,134,134,144,156,156,176,176],"floor_reached":42,"playtime":1557,"items_purged":["Defend_R","Anger","Strike_R"],"score":896,"play_id":"78501cfd-6b1c-444e-beeb-f3a4af9c974d","local_time":"20190913152558","is_ascension_mode":true,"campfire_choices":[{"data":"Metallicize","floor":6.0,"key":"SMITH"},{"data":"Clothesline","floor":15.0,"key":"SMITH"},{"floor":24,"key":"REST"},{"data":"Juggernaut","floor":29,"key":"SMITH"},{"floor":32,"key":"REST"},{"floor":40,"key":"REST"}],"neow_cost":"NO_GOLD","seed_source_timestamp":111902334994500,"circlet_count":0,"master_deck":["AscendersBane","Strike_R","Defend_R","Defend_R","Defend_R","Bash+1","Metallicize+1","Sword Boomerang","Metallicize","Seeing Red","Clothesline+1","Impervious","Metallicize","Juggernaut+1","Body Slam","Entrench","Combust","Disarm","Uppercut","Feel No Pain","Clothesline+1","Berserk","Feel No Pain","Body Slam"],"special_seed":0,"relics":["Burning Blood","Mango","Vajra","Self Forming Clay","Bronze Scales","Kunai","Snecko Eye","Nunchaku","Boot","Pantograph","Orichalcum","Runic Cube"],"potions_floor_usage":[25,25],"damage_taken":[{"damage":5.0,"enemies":"Small Slimes","floor":1.0,"turns":3.0},{"damage":0.0,"enemies":"Cultist","floor":4.0,"turns":4.0},{"damage":4.0,"enemies":"2 Louse","floor":5.0,"turns":4.0},{"damage":6.0,"enemies":"Looter","floor":7.0,"turns":4.0},{"damage":37.0,"enemies":"Gremlin Nob","floor":10.0,"turns":5.0},{"damage":8.0,"enemies":"3 Louse","floor":11.0,"turns":3.0},{"damage":25.0,"enemies":"3 Sentries","floor":12.0,"turns":11.0},{"damage":5.0,"enemies":"Blue Slaver","floor":14.0,"turns":4.0},{"damage":2.0,"enemies":"Hexaghost","floor":16.0,"turns":9.0},{"damage":9,"enemies":"Spheric Guardian","floor":18,"turns":6},{"damage":9,"enemies":"Chosen","floor":19,"turns":5},{"damage":16,"enemies":"Centurion and Healer","floor":21,"turns":5},{"damage":28,"enemies":"Book of Stabbing","floor":23,"turns":5},{"damage":49,"enemies":"Slavers","floor":25,"turns":5},{"damage":38,"enemies":"Cultist and Chosen","floor":30,"turns":7},{"damage":25,"enemies":"Automaton","floor":33,"turns":9},{"damage":30,"enemies":"3 Darklings","floor":35,"turns":4},{"damage":2,"enemies":"Orb Walker","floor":38,"turns":4},{"damage":46,"enemies":"Spire Growth","floor":39,"turns":5},{"damage":30,"enemies":"Transient","floor":41,"turns":6},{"damage":22,"enemies":"3 Darklings","floor":42,"turns":1}],"seed_played":"-2530156319614846696","potions_obtained":[{"floor":7.0,"key":"Strength Potion"},{"floor":10.0,"key":"BloodPotion"},{"floor":16.0,"key":"SpeedPotion"},{"floor":23,"key":"LiquidBronze"},{"floor":33,"key":"Explosive Potion"},{"floor":41,"key":"SkillPotion"}],"is_trial":false,"path_per_floor":["M","?","?","M","M","R","M","$","T","E","M","E","?","M","R","B",null,"M","M","$","M","?","E","R","E","T","?","T","R","M","$","R","B",null,"M","?","?","M","M","R","M","M"],"character_chosen":"IRONCLAD","items_purchased":["Clothesline","Combust"],"campfire_rested":3,"item_purchase_floors":[8,20],"current_hp_per_floor":[83,83,83,89,89,89,89,89,89,58,56,37,37,38,38,42,77,74,71,71,61,61,39,65,44,44,44,44,44,12,12,38,44,78,54,54,54,58,18,44,20,0],"gold":176,"neow_bonus":"ONE_RARE_RELIC","is_prod":false,"is_daily":false,"chose_seed":false,"campfire_upgraded":3,"win_rate":0,"timestamp":1568413558,"path_taken":["M","?","?","M","?","R","M","?","T","E","M","E","?","M","R","BOSS","M","M","$","M","?","E","R","E","T","?","?","R","M","$","R","BOSS","M","?","?","M","M","R","?","M"],"build_version":"2019-07-17","purchased_purges":3,"victory":false,"max_hp_per_floor":[89,89,89,89,89,89,89,89,89,89,89,89,89,89,89,89,89,89,89,89,89,89,89,89,89,89,89,89,89,89,89,89,89,89,89,89,89,89,89,89,89,89],"card_choices":[{"not_picked":["Shrug It Off","Sword Boomerang"],"picked":"Metallicize","floor":1.0},{"not_picked":["Pommel Strike","Havoc"],"picked":"Sword Boomerang","floor":4.0},{"not_picked":["Iron Wave","Clash"],"picked":"Metallicize","floor":5.0},{"not_picked":["Whirlwind","Sentinel"],"picked":"Seeing Red","floor":7.0},{"not_picked":["True Grit","Body Slam","Entrench"],"picked":"SKIP","floor":10.0},{"not_picked":["Armaments","Headbutt"],"picked":"Anger","floor":11.0},{"not_picked":["Pommel Strike","Headbutt"],"picked":"Impervious","floor":12.0},{"not_picked":["Shockwave","Armaments"],"picked":"Metallicize","floor":14.0},{"not_picked":["Brutality","Exhume"],"picked":"Juggernaut","floor":16.0},{"not_picked":["Dropkick","Havoc+1"],"picked":"Body Slam","floor":18},{"not_picked":["Twin Strike","Heavy Blade"],"picked":"Entrench","floor":19},{"not_picked":["Anger","Ghostly Armor","Cleave+1"],"picked":"SKIP","floor":21},{"not_picked":["Whirlwind","Heavy Blade","Flex"],"picked":"SKIP","floor":23},{"not_picked":["Inflame","Searing Blow+1"],"picked":"Disarm","floor":25},{"not_picked":["Bloodletting","Flex"],"picked":"Clothesline+1","floor":30},{"not_picked":["Double Tap","Fiend Fire"],"picked":"Berserk","floor":33},{"not_picked":["Headbutt+1","Dual Wield"],"picked":"Feel No Pain","floor":35},{"not_picked":["Intimidate","Sever Soul"],"picked":"Body Slam","floor":38},{"not_picked":["Perfected Strike","Pommel Strike+1","Twin Strike"],"picked":"SKIP","floor":39},{"not_picked":["Havoc","Thunderclap","Twin Strike+1"],"picked":"SKIP","floor":41}],"player_experience":748793,"relics_obtained":[{"floor":9.0,"key":"Vajra"},{"floor":10.0,"key":"Self Forming Clay"},{"floor":12.0,"key":"Bronze Scales"},{"floor":23,"key":"Nunchaku"},{"floor":25,"key":"Boot"},{"floor":26,"key":"Pantograph"},{"floor":28,"key":"Orichalcum"}],"event_choices":[{"damage_healed":0.0,"max_hp_gain":0.0,"max_hp_loss":0.0,"gold_gain":0.0,"event_name":"Living Wall","player_choice":"Grow","floor":2.0,"gold_loss":0.0,"damage_taken":0.0,"cards_upgraded":["Bash"]},{"damage_healed":0.0,"max_hp_gain":0.0,"max_hp_loss":0.0,"gold_gain":100.0,"event_name":"Wheel of Change","player_choice":"Gold","floor":3.0,"gold_loss":0.0,"damage_taken":0.0},{"damage_healed":0.0,"max_hp_gain":0.0,"max_hp_loss":0.0,"gold_gain":0.0,"event_name":"Dead Adventurer","player_choice":"Searched \u00271\u0027 times","floor":13.0,"gold_loss":0.0,"damage_taken":0.0,"relics_obtained":["Kunai"]},{"damage_healed":0,"gold_gain":0,"player_choice":"Ignored","damage_taken":0,"max_hp_gain":0,"max_hp_loss":0,"event_name":"Ghosts","floor":22,"gold_loss":0},{"damage_healed":0,"gold_gain":0,"cards_transformed":["Strike_R","Strike_R"],"player_choice":"Became Test Subject","damage_taken":0,"max_hp_gain":0,"max_hp_loss":0,"event_name":"Drug Dealer","floor":27,"gold_loss":0,"cards_obtained":["Uppercut","Feel No Pain"]},{"damage_healed":0,"gold_gain":0,"player_choice":"Ignored","damage_taken":0,"max_hp_gain":0,"max_hp_loss":0,"event_name":"Tomb of Lord Red Mask","floor":36,"gold_loss":0},{"cards_removed":["Strike_R"],"damage_healed":0,"gold_gain":0,"player_choice":"Purged","damage_taken":0,"max_hp_gain":0,"max_hp_loss":0,"event_name":"Purifier","floor":37,"gold_loss":0}],"is_beta":false,"boss_relics":[{"not_picked":["Busted Crown","Fusion Hammer"],"picked":"Snecko Eye"},{"not_picked":["Black Star","Black Blood"],"picked":"Runic Cube"}],"items_purged_floors":[8,20,31],"is_endless":false,"potions_floor_spawned":[7,10,11,12,16,18,19,23,33,41],"killed_by":"3 Darklings","ascension_level":20}