{"gold_per_floor":[144,189,234,279,15,15,105,150,150,180,225,270,360,405,405,705,705,750,795,840,37,37,127,127,127,127,172,217,307,352,397,397,697,847,892,937,937,982,1027,1027,24,114,114,26,326,371,371,416,416,416],"floor_reached":51,"playtime":3975,"items_purged":[],"score":862,"play_id":"3fa88f45-b8c8-42c4-acb8-4ef24a60cc5e","local_time":"20190611115215","daily_mods":["Draft","Blue Cards","Midas"],"is_ascension_mode":false,"campfire_choices":[{"floor":6,"key":"REST"},{"floor":15,"key":"REST"},{"floor":24,"key":"DIG"},{"floor":32,"key":"DIG"},{"floor":40,"key":"DIG"},{"floor":49,"key":"DIG"}],"neow_cost":"","seed_source_timestamp":0,"circlet_count":0,"master_deck":["Steam","Pommel Strike","Perfected Strike","Perfected Strike","Barrage","Perfected Strike","Aggregate","Twin Strike","Capacitor","Seeing Red+1","FTL","Rampage","Shrug It Off","Go for the Eyes","Iron Wave+1","Conserve Battery","Cold Snap","Flex+1","Ball Lightning","Magnetism","Twin Strike","Defragment","Gash","Turbo","Rampage+1","Flex","Armaments","Iron Wave+1","Barricade","Genetic Algorithm+1","Ghostly Armor","Steam+1","Hello World","Perfected Strike","BootSequence","Metallicize","Wild Strike","Coolheaded","Turbo+1","Beam Cell+1","Wild Strike+1","Body Slam+1","Juggernaut","Headbutt+1","Cleave+1","Infernal Blade+1","Apotheosis","Mind Blast+1","Deep Breath","Static Discharge","Uppercut+1","Wild Strike+1","Perfected Strike+1","Static Discharge","Self Repair","Metallicize","Carnage+1","Dark Embrace"],"special_seed":18058,"relics":["Burning Blood","Bird Faced Urn","Thread and Needle","Question Card","Happy Flower","Mark of Pain","Magic Flower","Strange Spoon","Lantern","Shovel","Dodecahedron","Molten Egg 2","Bag of Preparation","Whetstone","Tiny House","The Courier","Incense Burner","Brimstone","War Paint","Blood Vial","Bag of Marbles","Kunai","Gambling Chip","Self Forming Clay","Peace Pipe","Gremlin Horn","StoneCalendar"],"potions_floor_usage":[11,13,16,19,23,33,33,42,50,50,50],"damage_taken":[{"damage":0,"enemies":"Cultist","floor":1,"turns":2},{"damage":3,"enemies":"Jaw Worm","floor":2,"turns":2},{"damage":0,"enemies":"2 Louse","floor":3,"turns":2},{"damage":12,"enemies":"Large Slime","floor":4,"turns":6},{"damage":32,"enemies":"3 Sentries","floor":7,"turns":5},{"damage":22,"enemies":"Exordium Wildlife","floor":8,"turns":6},{"damage":0,"enemies":"Gremlin Gang","floor":11,"turns":4},{"damage":4,"enemies":"Large Slime","floor":12,"turns":4},{"damage":24,"enemies":"Lagavulin","floor":13,"turns":5},{"damage":8,"enemies":"Blue Slaver","floor":14,"turns":3},{"damage":40,"enemies":"Hexaghost","floor":16,"turns":7},{"damage":8,"enemies":"Shell Parasite","floor":18,"turns":3},{"damage":13,"enemies":"Spheric Guardian","floor":19,"turns":4},{"damage":16,"enemies":"Snake Plant","floor":20,"turns":5},{"damage":46,"enemies":"Gremlin Leader","floor":23,"turns":10},{"damage":0,"enemies":"Chosen and Byrds","floor":27,"turns":5},{"damage":7,"enemies":"3 Cultists","floor":28,"turns":7},{"damage":25,"enemies":"Book of Stabbing","floor":29,"turns":7},{"damage":9,"enemies":"Snake Plant","floor":30,"turns":5},{"damage":11,"enemies":"Chosen and Byrds","floor":31,"turns":6},{"damage":22,"enemies":"Automaton","floor":33,"turns":14},{"damage":0,"enemies":"3 Shapes","floor":35,"turns":3},{"damage":0,"enemies":"Orb Walker","floor":36,"turns":3},{"damage":14,"enemies":"Sphere and 2 Shapes","floor":38,"turns":4},{"damage":16,"enemies":"3 Darklings","floor":39,"turns":6},{"damage":12,"enemies":"Reptomancer","floor":42,"turns":6},{"damage":14,"enemies":"Mind Bloom Boss Battle","floor":45,"turns":3},{"damage":0,"enemies":"Transient","floor":46,"turns":5},{"damage":0,"enemies":"Jaw Worm Horde","floor":48,"turns":2},{"damage":76,"enemies":"Donu and Deca","floor":50,"turns":7}],"seed_played":"4646737595191151678","potions_obtained":[{"floor":3,"key":"BloodPotion"},{"floor":7,"key":"Fire Potion"},{"floor":13,"key":"SteroidPotion"},{"floor":16,"key":"Regen Potion"},{"floor":18,"key":"PowerPotion"},{"floor":19,"key":"SkillPotion"},{"floor":27,"key":"Weak Potion"},{"floor":28,"key":"LiquidBronze"},{"floor":33,"key":"Swift Potion"},{"floor":34,"key":"Regen Potion"},{"floor":42,"key":"Weak Potion"}],"is_trial":false,"path_per_floor":["M","M","M","M","$","R","E","M","T","?","M","M","E","M","R","B",null,"M","M","M","$","?","E","R","?","T","M","M","E","M","M","R","B",null,"M","M","?","M","M","R","$","E","T","$","?","M","T","M","R","B",null],"character_chosen":"IRONCLAD","items_purchased":["Magnetism","Twin Strike","Defragment","Magic Flower","Strange Spoon","Lantern","Hello World","Perfected Strike","BootSequence","Incense Burner","Brimstone","War Paint","Blood Vial","Bag of Marbles","Kunai","Wild Strike+1","Static Discharge","Self Repair"],"campfire_rested":2,"item_purchase_floors":[5,5,5,21,21,21,21,21,21,41,41,41,41,41,41,41,44,44],"current_hp_per_floor":[80,80,80,74,74,80,54,44,44,44,56,62,58,60,80,50,80,78,73,69,69,69,50,50,50,50,68,80,73,80,78,78,80,85,85,85,75,76,84,84,84,85,85,85,83,85,85,85,85,69],"gold":416,"neow_bonus":"","is_prod":false,"is_daily":true,"chose_seed":false,"campfire_upgraded":0,"win_rate":0,"timestamp":1560268335,"path_taken":["M","M","M","M","$","R","E","?","T","?","M","M","E","M","R","BOSS","M","M","M","$","?","E","R","?","T","?","M","E","M","?","R","BOSS","M","M","?","M","M","R","$","E","T","$","?","M","?","M","R","BOSS"],"build_version":"2019-01-23","purchased_purges":0,"victory":true,"max_hp_per_floor":[80,80,80,80,80,80,80,80,80,80,80,80,80,80,80,80,80,80,80,80,80,80,80,80,80,80,80,80,80,80,80,80,80,85,85,85,85,85,85,85,85,85,85,85,85,85,85,85,85,85],"card_choices":[{"not_picked":["True Grit","Tempest"],"picked":"Steam","floor":0},{"not_picked":["Shrug It Off","Sweeping Beam"],"picked":"Pommel Strike","floor":0},{"not_picked":["Warcry","Compile Driver"],"picked":"Perfected Strike","floor":0},{"not_picked":["Cleave","Combust"],"picked":"Perfected Strike","floor":0},{"not_picked":["Clothesline","True Grit"],"picked":"Barrage","floor":0},{"not_picked":["Beam Cell","Thunderclap"],"picked":"Perfected Strike","floor":0},{"not_picked":["Streamline","Feel No Pain"],"picked":"Aggregate","floor":0},{"not_picked":["Ball Lightning","Clothesline"],"picked":"Twin Strike","floor":0},{"not_picked":["Headbutt","Hemokinesis"],"picked":"Capacitor","floor":0},{"not_picked":["Perfected Strike","True Grit"],"picked":"Seeing Red","floor":0},{"not_picked":["Body Slam","Reckless Charge"],"picked":"FTL","floor":0},{"not_picked":["Second Wind","Heavy Blade"],"picked":"Rampage","floor":0},{"not_picked":["Uppercut","Doom and Gloom"],"picked":"Shrug It Off","floor":0},{"not_picked":["Melter","Cold Snap"],"picked":"Go for the Eyes","floor":0},{"not_picked":["Havoc","Coolheaded"],"picked":"Iron Wave","floor":0},{"not_picked":["Shrug It Off","Pommel Strike"],"picked":"Conserve Battery","floor":1},{"not_picked":["Reinforced Body","Redo"],"picked":"Cold Snap","floor":2},{"not_picked":["Flame Barrier","Shrug It Off"],"picked":"Flex","floor":3},{"not_picked":["Clash","Skim"],"picked":"Ball Lightning","floor":4},{"not_picked":["Dropkick","Headbutt"],"picked":"Gash","floor":7},{"not_picked":["Exhume","Flex"],"picked":"Turbo","floor":8},{"not_picked":["Hologram","Clothesline","Cold Snap"],"picked":"Rampage","floor":11},{"not_picked":["Sever Soul","Searing Blow","Havoc"],"picked":"Flex","floor":12},{"not_picked":["Barrage","Dark Embrace","Loop"],"picked":"Armaments","floor":13},{"not_picked":["Hologram","Warcry","Armaments"],"picked":"Iron Wave","floor":14},{"not_picked":["Multi-Cast","Brutality","Demon Form"],"picked":"Barricade","floor":16},{"not_picked":["Heavy Blade","Inflame","Redo"],"picked":"Genetic Algorithm+1","floor":18},{"not_picked":["Leap","Clash","Sentinel+1"],"picked":"Ghostly Armor","floor":19},{"not_picked":["True Grit","Capacitor","Power Through"],"picked":"Steam+1","floor":20},{"not_picked":["Flex","Havoc","Gash"],"picked":"Wild Strike","floor":23},{"not_picked":["Sentinel","Warcry","Feel No Pain"],"picked":"Coolheaded","floor":27},{"not_picked":["Power Through","Reboot","Havoc"],"picked":"Turbo+1","floor":28},{"not_picked":["Infernal Blade","Warcry","Hologram"],"picked":"Beam Cell+1","floor":29},{"not_picked":["Clothesline+1","Hologram+1","Static Discharge"],"picked":"Wild Strike+1","floor":30},{"not_picked":["Streamline+1","Redo","Armaments"],"picked":"Body Slam+1","floor":31},{"not_picked":["Electrodynamics","Machine Learning","Limit Break"],"picked":"Juggernaut","floor":33},{"not_picked":["Reckless Charge+1","Rebound+1","Leap+1"],"picked":"Headbutt+1","floor":34},{"not_picked":["Armaments","Rip and Tear+1","Warcry+1"],"picked":"Cleave+1","floor":35},{"not_picked":["Rebound+1","Sentinel+1","Chill"],"picked":"Infernal Blade+1","floor":36},{"not_picked":["Finesse","Mind Blast+1","Flash of Steel+1"],"picked":"Apotheosis","floor":37},{"not_picked":["Finesse","Bandage Up","HandOfGreed+1"],"picked":"Mind Blast+1","floor":37},{"not_picked":["Magnetism","Forethought","Impatience"],"picked":"Deep Breath","floor":37},{"not_picked":["Beam Cell+1","Twin Strike+1","Whirlwind+1"],"picked":"Static Discharge","floor":38},{"not_picked":["Auto Shields+1","Hologram+1","Shockwave"],"picked":"Uppercut+1","floor":39},{"not_picked":["Hologram+1","Sword Boomerang+1","Heavy Blade+1"],"picked":"Perfected Strike+1","floor":42},{"not_picked":["Blood for Blood+1","Static Discharge+1","Gash+1"],"picked":"Metallicize","floor":45},{"not_picked":["Hologram","Cleave+1","Stack+1"],"picked":"Carnage+1","floor":46},{"not_picked":["Storm+1","Combust","White Noise"],"picked":"Dark Embrace","floor":48}],"player_experience":750942,"relics_obtained":[{"floor":7,"key":"Bird Faced Urn"},{"floor":9,"key":"Thread and Needle"},{"floor":13,"key":"Happy Flower"},{"floor":23,"key":"Shovel"},{"floor":24,"key":"Dodecahedron"},{"floor":26,"key":"Molten Egg 2"},{"floor":29,"key":"Bag of Preparation"},{"floor":32,"key":"Whetstone"},{"floor":40,"key":"The Courier"},{"floor":42,"key":"Gambling Chip"},{"floor":43,"key":"Self Forming Clay"},{"floor":45,"key":"Peace Pipe"},{"floor":47,"key":"Gremlin Horn"},{"floor":49,"key":"StoneCalendar"}],"event_choices":[{"damage_healed":0,"gold_gain":30,"player_choice":"Searched \u00272\u0027 times","damage_taken":0,"relics_obtained":["Question Card"],"max_hp_gain":0,"max_hp_loss":0,"event_name":"Dead Adventurer","floor":10,"gold_loss":0},{"damage_healed":0,"gold_gain":0,"player_choice":"Read","damage_taken":0,"max_hp_gain":0,"max_hp_loss":0,"event_name":"The Library","floor":22,"gold_loss":0,"cards_obtained":["Metallicize"]},{"damage_healed":0,"gold_gain":0,"player_choice":"Ignored","damage_taken":0,"max_hp_gain":0,"max_hp_loss":0,"event_name":"Ghosts","floor":25,"gold_loss":0},{"damage_healed":0,"gold_gain":0,"player_choice":"Memory 3","damage_taken":10,"max_hp_gain":0,"max_hp_loss":0,"event_name":"SensoryStone","floor":37,"gold_loss":0},{"damage_healed":0,"gold_gain":0,"player_choice":"Fight","damage_taken":0,"max_hp_gain":0,"max_hp_loss":0,"event_name":"MindBloom","floor":45,"gold_loss":0}],"is_beta":false,"boss_relics":[{"not_picked":["Busted Crown","Snecko Eye"],"picked":"Mark of Pain"},{"not_picked":["Black Blood","Eternal Feather"],"picked":"Tiny House"}],"items_purged_floors":[],"is_endless":false,"potions_floor_spawned":[3,7,13,16,18,19,27,28,33,42,45,48],"ascension_level":0}