{"path_per_floor":["M","M","$","M","?","E","R","M","T","?","$","?","M","E","R","B",null,"M","T","?","M","$"],"character_chosen":"IRONCLAD","items_purchased":["Flame Barrier","Perfected Strike","Deep Breath","Pummel","Kunai","Armaments"],"gold_per_floor":[113,126,8,24,24,49,49,59,106,135,2,2,18,51,51,148,148,166,191,291,307,24,24],"floor_reached":23,"campfire_rested":2,"playtime":2526,"current_hp_per_floor":[77,79,79,80,85,42,67,67,67,52,52,44,50,30,55,13,85,64,64,64,45,45,0],"items_purged":[],"gold":24,"score":199,"play_id":"ee73cb69-41d8-47c8-a44c-6872129dbe9b","local_time":"20180519110135","is_prod":false,"is_daily":false,"chose_seed":false,"is_ascension_mode":false,"campfire_upgraded":0,"timestamp":1526742095,"campfire_choices":[{"floor":7,"key":"REST"},{"floor":15,"key":"REST"}],"path_taken":["M","M","$","M","?","E","R","M","T","?","?","?","M","E","R","BOSS","M","?","?","M","$","E"],"build_version":"2018-05-17","seed_source_timestamp":95551103360074,"purchased_purges":0,"victory":false,"master_deck":["Strike_R","Strike_R","Strike_R","Strike_R","Strike_R","Defend_R","Defend_R","Defend_R","Defend_R","Bash+1","Shrug It Off","Cleave","Flame Barrier","Perfected Strike","Metallicize","Twin Strike","Searing Blow","Inflame","Deep Breath","Pummel","Shockwave","Anger","Berserk","Metallicize","Thunderclap","Armaments"],"max_hp_per_floor":[80,80,80,80,85,85,85,85,85,85,85,85,85,85,85,85,85,85,85,85,85,85,85],"relics":["Burning Blood","Mummified Hand","Juzu Bracelet","Odd Mushroom","Boot","Runic Pyramid","Orichalcum","Kunai"],"card_choices":[{"not_picked":["Sever Soul","True Grit"],"picked":"Shrug It Off","floor":1},{"not_picked":["Intimidate","Headbutt"],"picked":"Cleave","floor":2},{"not_picked":["Shockwave","Rupture"],"picked":"Metallicize","floor":4},{"not_picked":["True Grit","Combust"],"picked":"Twin Strike","floor":6},{"not_picked":["Brutality","Sever Soul"],"picked":"Searing Blow","floor":8},{"not_picked":["Perfected Strike","Body Slam"],"picked":"Inflame","floor":10},{"not_picked":["Flame Barrier","Corruption"],"picked":"Shockwave","floor":13},{"not_picked":["Body Slam","Sword Boomerang"],"picked":"Anger","floor":14},{"not_picked":["Juggernaut","Demon Form"],"picked":"Berserk","floor":16},{"not_picked":["Dropkick","Headbutt"],"picked":"Metallicize","floor":18},{"not_picked":["Anger","Battle Trance"],"picked":"Thunderclap","floor":21}],"player_experience":7765,"potions_floor_usage":[],"damage_taken":[{"damage":9,"enemies":"2 Louse","floor":1,"turns":3},{"damage":4,"enemies":"Jaw Worm","floor":2,"turns":4},{"damage":0,"enemies":"Cultist","floor":4,"turns":4},{"damage":49,"enemies":"Lagavulin","floor":6,"turns":11},{"damage":6,"enemies":"2 Fungi Beasts","floor":8,"turns":3},{"damage":21,"enemies":"The Mushroom Lair","floor":10,"turns":6},{"damage":0,"enemies":"Looter","floor":13,"turns":4},{"damage":26,"enemies":"Gremlin Nob","floor":14,"turns":6},{"damage":48,"enemies":"Slime Boss","floor":16,"turns":11},{"damage":27,"enemies":"Chosen","floor":18,"turns":5},{"damage":25,"enemies":"2 Thieves","floor":21,"turns":4},{"damage":54,"enemies":"Gremlin Leader","floor":23,"turns":7}],"relics_obtained":[{"floor":6,"key":"Mummified Hand"},{"floor":9,"key":"Juzu Bracelet"},{"floor":10,"key":"Odd Mushroom"},{"floor":14,"key":"Boot"},{"floor":19,"key":"Orichalcum"}],"event_choices":[{"event_name":"Big Fish","player_choice":"Donut","floor":5,"damage_taken":0},{"event_name":"Mushrooms","player_choice":"Fought Mushrooms","floor":10,"damage_taken":0},{"event_name":"Wheel of Change","player_choice":"Damage","floor":12,"damage_taken":0},{"event_name":"Golden Shrine","player_choice":"Pray","floor":20,"damage_taken":0}],"boss_relics":[{"not_picked":["Runic Dome","White Beast Statue"],"picked":"Runic Pyramid"}],"potions_floor_spawned":[1,4,6,16,21],"seed_played":"-2583264151741288487","killed_by":"Gremlin Leader","ascension_level":0,"potions_obtained":[{"floor":1,"key":"EssenceOfSteel"},{"floor":4,"key":"FearPotion"},{"floor":6,"key":"EssenceOfSteel"},{"floor":21,"key":"SpeedPotion"}],"is_trial":false}