{"path_per_floor":["M","T","M","M","?","E","M","$","T","R","$","M","M","?","R","B",null,"M","M","?","?"],"character_chosen":"THE_SILENT","items_purchased":["Bronze Scales","Reflex"],"gold_per_floor":[110,158,170,188,153,183,195,2,2,2,2,15,34,34,34,138,138,149,163,163,163,163],"floor_reached":22,"campfire_rested":1,"playtime":2457,"item_purchase_floors":[8,8],"current_hp_per_floor":[62,62,60,57,70,52,35,35,35,35,35,34,25,25,46,34,70,42,32,32,32,0],"items_purged":[],"gold":163,"score":186,"play_id":"44c1ecda-a9b1-47e7-b1d6-609472409f06","local_time":"20180601173131","is_prod":false,"is_daily":false,"chose_seed":false,"is_ascension_mode":false,"campfire_upgraded":1,"win_rate":0,"timestamp":1527888691,"campfire_choices":[{"data":"Dodge and Roll","floor":10,"key":"SMITH"},{"floor":15,"key":"REST"}],"path_taken":["M","?","?","M","?","E","M","$","T","R","?","M","M","?","R","BOSS","M","M","?","?","M"],"build_version":"2018-05-31","seed_source_timestamp":1058869155390,"purchased_purges":0,"victory":false,"master_deck":["Defend_G","Defend_G","Defend_G","Defend_G","Defend_G","Strike_G","Strike_G","Strike_G","Strike_G","Strike_G","Survivor","Neutralize","Dagger Spray","Prepared","Dodge and Roll+1","Deadly Poison","Bane","Reflex","Poisoned Stab","Dagger Throw","Wraith Form v2+1","Outmaneuver","Leg Sweep"],"max_hp_per_floor":[70,70,70,70,70,70,70,70,70,70,70,70,70,70,70,70,70,70,70,70,70,70],"relics":["Lizard Tail","Lantern","Torii","Bronze Scales","The Courier","Eternal Feather"],"card_choices":[{"not_picked":["Skewer","Dodge and Roll"],"picked":"Dagger Spray","floor":1},{"not_picked":["Quick Slash","Cloak And Dagger"],"picked":"Prepared","floor":3},{"not_picked":["Dagger Spray","Underhanded Strike"],"picked":"Dodge and Roll","floor":4},{"not_picked":["Prepared","Terror"],"picked":"Deadly Poison","floor":6},{"not_picked":["Acrobatics","Dagger Spray"],"picked":"Bane","floor":7},{"not_picked":["Acrobatics","Slice"],"picked":"Poisoned Stab","floor":12},{"not_picked":["Deadly Poison","Poisoned Stab"],"picked":"Dagger Throw","floor":13},{"not_picked":["Die Die Die","Bullet Time"],"picked":"Wraith Form v2","floor":16},{"not_picked":["Bane","Well Laid Plans"],"picked":"Outmaneuver","floor":18},{"not_picked":["Well Laid Plans","Flying Knee"],"picked":"Leg Sweep","floor":19}],"player_experience":147930,"potions_floor_usage":[6,13,13,22],"damage_taken":[{"damage":8,"enemies":"Cultist","floor":1,"turns":7},{"damage":2,"enemies":"2 Louse","floor":3,"turns":2},{"damage":3,"enemies":"Jaw Worm","floor":4,"turns":3},{"damage":33,"enemies":"3 Sentries","floor":6,"turns":9},{"damage":17,"enemies":"Exordium Thugs","floor":7,"turns":6},{"damage":1,"enemies":"Exordium Wildlife","floor":12,"turns":3},{"damage":9,"enemies":"Large Slime","floor":13,"turns":5},{"damage":12,"enemies":"Hexaghost","floor":16,"turns":9},{"damage":28,"enemies":"Shell Parasite","floor":18,"turns":7},{"damage":10,"enemies":"3 Byrds","floor":19,"turns":4},{"damage":75,"enemies":"Centurion and Healer","floor":22,"turns":14}],"relics_obtained":[{"floor":2,"key":"Lantern"},{"floor":6,"key":"Torii"},{"floor":9,"key":"The Courier"}],"event_choices":[{"event_name":"The Cleric","player_choice":"Healed","floor":5,"damage_taken":0},{"event_name":"Golden Wing","player_choice":"Ignored","floor":14,"damage_taken":0},{"event_name":"Upgrade Shrine","player_choice":"Upgraded","floor":20,"damage_taken":0},{"event_name":"Beggar","player_choice":"Ignored","floor":21,"damage_taken":0}],"boss_relics":[{"not_picked":["Tiny House","Runic Pyramid"],"picked":"Eternal Feather"}],"items_purged_floors":[],"potions_floor_spawned":[4,6,7,18],"seed_played":"3302805974188690724","killed_by":"Centurion and Healer","ascension_level":0,"potions_obtained":[{"floor":4,"key":"Regen Potion"},{"floor":6,"key":"Weak Potion"},{"floor":7,"key":"PowerPotion"},{"floor":18,"key":"SteroidPotion"}],"is_trial":false}