{"gold_per_floor":[109,121,44,59,73,73,108,108,108,108,439,514,514,533,533,533],"floor_reached":16,"playtime":392,"items_purged":[],"score":270,"play_id":"5a10b124-a179-4e1f-a998-62283ff932d2","local_time":"20190922113055","is_ascension_mode":true,"campfire_choices":[{"data":"Anger","floor":6,"key":"SMITH"},{"data":"Wild Strike","floor":8,"key":"SMITH"},{"data":"Bash","floor":10,"key":"SMITH"},{"data":"Metallicize","floor":13,"key":"SMITH"},{"data":"Flame Barrier","floor":15,"key":"SMITH"}],"neow_cost":"NONE","seed_source_timestamp":472654547229200,"circlet_count":0,"master_deck":["AscendersBane","Strike_R","Strike_R","Strike_R","Strike_R","Strike_R","Defend_R","Defend_R","Defend_R","Defend_R","Bash+1","Anger+1","Metallicize+1","Battle Trance","Wild Strike+1","Limit Break","Flame Barrier+1"],"relics":["Burning Blood","Ancient Tea Set","Kunai","Ice Cream","Old Coin"],"potions_floor_usage":[5,11],"damage_taken":[{"damage":7,"enemies":"Cultist","floor":1,"turns":4},{"damage":4,"enemies":"Jaw Worm","floor":2,"turns":4},{"damage":4,"enemies":"Small Slimes","floor":4,"turns":4},{"damage":1,"enemies":"2 Fungi Beasts","floor":5,"turns":3},{"damage":34,"enemies":"Lagavulin","floor":7,"turns":4},{"damage":0,"enemies":"Gremlin Nob","floor":11,"turns":2},{"damage":6,"enemies":"3 Louse","floor":14,"turns":4},{"damage":43,"enemies":"Hexaghost","floor":16,"turns":9}],"seed_played":"8685720064822252014","potions_obtained":[{"floor":2,"key":"SteroidPotion"},{"floor":7,"key":"GamblersBrew"}],"is_trial":false,"path_per_floor":["M","M","$","M","M","R","E","R","T","R","E","?","R","M","R","B"],"character_chosen":"IRONCLAD","items_purchased":["Battle Trance"],"campfire_rested":0,"item_purchase_floors":[3],"current_hp_per_floor":[67,69,69,71,75,75,47,47,47,47,53,42,42,42,42,0],"gold":533,"neow_bonus":"RANDOM_COMMON_RELIC","is_prod":false,"is_daily":false,"chose_seed":false,"campfire_upgraded":5,"win_rate":0,"timestamp":1569177055,"path_taken":["M","M","$","M","M","R","E","R","T","R","E","?","R","M","R","BOSS"],"build_version":"2019-09-20","purchased_purges":0,"victory":false,"max_hp_per_floor":[75,75,75,75,75,75,75,75,75,75,75,75,75,75,75,75],"card_choices":[{"not_picked":["Cleave","Shrug It Off"],"picked":"Anger","floor":1},{"not_picked":["Clothesline","Headbutt"],"picked":"Metallicize","floor":2},{"not_picked":["Clash","Clothesline"],"picked":"Wild Strike","floor":4},{"not_picked":["Seeing Red","Pummel","Twin Strike"],"picked":"SKIP","floor":5},{"not_picked":["True Grit","Dark Embrace","Entrench"],"picked":"SKIP","floor":7},{"not_picked":["Shrug It Off","Headbutt"],"picked":"Limit Break","floor":11},{"not_picked":["Corruption","Wild Strike"],"picked":"Flame Barrier","floor":14}],"player_experience":958450,"relics_obtained":[{"floor":7,"key":"Kunai"},{"floor":9,"key":"Ice Cream"},{"floor":11,"key":"Old Coin"}],"event_choices":[{"damage_healed":0,"gold_gain":75,"player_choice":"Gather Gold","damage_taken":11,"max_hp_gain":0,"max_hp_loss":0,"event_name":"World of Goop","floor":12,"gold_loss":0}],"is_beta":true,"boss_relics":[],"items_purged_floors":[],"is_endless":false,"potions_floor_spawned":[2,7],"killed_by":"Hexaghost","ascension_level":20}