{"gold_per_floor":[117,129,129,8,27,27,70,139,165,201,201,224,399,423,423,544,544,562,562,603,573],"floor_reached":21,"playtime":2115,"items_purged":[],"score":296,"play_id":"efb12180-47e7-4729-b771-f32c55666bc8","local_time":"20180623133409","is_ascension_mode":true,"campfire_choices":[{"data":"Hello World","floor":6,"key":"SMITH"},{"floor":11,"key":"REST"},{"floor":15,"key":"REST"}],"neow_cost":"NONE","seed_source_timestamp":18386573552270,"circlet_count":0,"master_deck":["Strike_B","Strike_B","Strike_B","Strike_B","Defend_B+1","Defend_B","Defend_B","Defend_B","Zap","Dualcast","Static Discharge","Skim","Injury","Hello World+1","Redo+1","Coolheaded","Melter","Hyperbeam","Steam","Streamline","Doubt","Auto Shields","Defragment","Thunder Strike","Pride","Regret","Parasite","Go for the Eyes","Loop","Self Repair"],"relics":["Cracked Core","Golden Idol","Happy Flower","War Paint","Dream Catcher","Calling Bell","Singing Bowl","Toxic Egg 2","Torii","Red Mask"],"potions_floor_usage":[7,7,12,16,16],"damage_taken":[{"damage":1,"enemies":"Cultist","floor":1,"turns":3},{"damage":12,"enemies":"2 Louse","floor":2,"turns":3},{"damage":8,"enemies":"Small Slimes","floor":5,"turns":3},{"damage":16,"enemies":"Gremlin Nob","floor":7,"turns":4},{"damage":13,"enemies":"Lagavulin","floor":10,"turns":6},{"damage":7,"enemies":"Exordium Thugs","floor":12,"turns":3},{"damage":5,"enemies":"Looter","floor":14,"turns":3},{"damage":36,"enemies":"Slime Boss","floor":16,"turns":11},{"damage":0,"enemies":"Spheric Guardian","floor":18,"turns":3},{"damage":71,"floor":20,"turns":6},{"damage":8,"enemies":"2 Thieves","floor":21,"turns":1}],"seed_played":"6136188391036661020","potions_obtained":[{"floor":12,"key":"Weak Potion"},{"floor":14,"key":"GamblersBrew"},{"floor":20,"key":"SteroidPotion"}],"is_trial":false,"path_per_floor":["M","M","?","$","M","R","E","?","T","E","R","M","?","M","R","B",null,"M","?","?"],"character_chosen":"DEFECT","items_purchased":["Hello World","Redo"],"campfire_rested":2,"item_purchase_floors":[4,4],"current_hp_per_floor":[74,62,62,62,54,54,38,38,38,25,47,40,40,35,57,21,75,75,75,4,0],"gold":573,"neow_bonus":"THREE_SMALL_POTIONS","is_prod":false,"is_daily":false,"chose_seed":false,"campfire_upgraded":1,"win_rate":0.0,"timestamp":1529775249,"path_taken":["M","?","?","?","M","R","E","?","T","E","R","?","?","M","R","BOSS","M","?","?","M"],"build_version":"2018-06-21v2","purchased_purges":0,"victory":false,"max_hp_per_floor":[75,75,75,75,75,75,75,75,75,75,75,75,75,75,75,75,75,75,75,75,75],"card_choices":[{"not_picked":["Ball Lightning","Steam Power"],"picked":"Static Discharge","floor":1},{"not_picked":["Barrage","Hologram"],"picked":"Skim","floor":2},{"not_picked":["Reprogram","Redo"],"picked":"Coolheaded","floor":5},{"not_picked":["Steam Power","Rip and Tear"],"picked":"Melter","floor":7},{"not_picked":["Seek","Cold Snap"],"picked":"Hyperbeam","floor":10},{"not_picked":["Beam Cell","Leap"],"picked":"Steam","floor":11},{"not_picked":["Ball Lightning","Reinforced Body"],"picked":"Streamline","floor":12},{"not_picked":["Leap","Rebound"],"picked":"Auto Shields","floor":14},{"not_picked":["Ball Lightning","Recycle"],"picked":"Defragment","floor":15},{"not_picked":["Multi-Cast","Fission"],"picked":"Thunder Strike","floor":16},{"not_picked":["Storm","Sweeping Beam"],"picked":"Go for the Eyes","floor":18},{"not_picked":["Capacitor","Static Discharge"],"picked":"Self Repair","floor":20}],"player_experience":228609,"relics_obtained":[{"floor":7,"key":"Happy Flower"},{"floor":9,"key":"War Paint"},{"floor":10,"key":"Dream Catcher"},{"floor":17,"key":"Singing Bowl"},{"floor":17,"key":"Toxic Egg 2"},{"floor":17,"key":"Torii"},{"floor":20,"key":"Red Mask"}],"event_choices":[{"event_name":"Golden Idol","player_choice":"Take Wound","floor":3,"damage_taken":0},{"event_name":"Golden Wing","player_choice":"Gained Gold","floor":8,"damage_taken":0},{"event_name":"Liars Game","player_choice":"agreed","floor":13,"damage_taken":0},{"event_name":"The Library","player_choice":"Read","floor":19,"damage_taken":0},{"event_name":"Masked Bandits","player_choice":"Fought over 562 gold","floor":20,"damage_taken":0}],"boss_relics":[{"not_picked":["Eternal Feather","Busted Crown"],"picked":"Calling Bell"}],"items_purged_floors":[],"is_endless":false,"potions_floor_spawned":[5,12,14,20],"killed_by":"2 Thieves","ascension_level":1}