{"path_per_floor":["M","M","$","M","M","E","R","E","T","?","E","M","?","E","R","B",null,"M","$","M","?","M","R","T","M","T","R","$","?","$","E","R","B",null,"M","?","M","?","M","R","E","$","T","E","M"],"character_chosen":"DEFECT","items_purchased":["Self Repair","Glacier","Vajra","Ornamental Fan","Lantern","Magnetism","Redo","Streamline","Force Field","Dramatic Entrance","Self Repair","Scrape"],"gold_per_floor":[114,129,23,38,53,83,83,413,438,538,568,583,633,663,663,763,763,778,30,45,45,60,60,60,75,100,100,23,42,6,36,36,136,136,151,151,166,166,181,181,211,1,106,136,151,151],"floor_reached":46,"campfire_rested":2,"playtime":5892,"item_purchase_floors":[3,3,19,19,19,19,28,28,30,42,42,42],"current_hp_per_floor":[74,61,61,67,55,66,66,66,66,66,49,38,38,20,42,22,75,63,63,63,63,55,55,55,62,69,69,69,48,48,12,36,16,82,81,81,79,79,44,44,15,15,15,5,4,0],"items_purged":[],"gold":151,"score":901,"play_id":"a99b54b1-fe88-4ced-a2e9-fc6b56dada86","local_time":"20180607210659","daily_mods":["Brewmaster","Elite Swarm","Hoarder"],"is_prod":false,"is_daily":true,"chose_seed":false,"is_ascension_mode":false,"campfire_upgraded":4,"win_rate":0.0,"timestamp":1528420019,"campfire_choices":[{"data":"Meteor Strike","floor":7,"key":"SMITH"},{"floor":15,"key":"REST"},{"data":"Creative AI","floor":23,"key":"SMITH"},{"data":"Hello World","floor":27,"key":"SMITH"},{"floor":32,"key":"REST"},{"data":"Self Repair","floor":40,"key":"SMITH"}],"path_taken":["M","?","$","M","M","E","R","E","T","?","E","?","?","E","R","BOSS","M","$","M","?","?","R","?","M","T","R","$","?","$","E","R","BOSS","M","?","?","?","?","R","E","$","T","E","?","?"],"build_version":"2018-05-31","seed_source_timestamp":0,"purchased_purges":0,"victory":false,"master_deck":["Strike_B","Strike_B","Strike_B+1","Strike_B","Defend_B","Defend_B","Defend_B","Defend_B","Zap","Dualcast","Venomology","Venomology","Venomology","Venomology","Venomology","Venomology","Venomology","Venomology","Venomology","Venomology","Venomology","Venomology","Venomology","Venomology","Venomology","Static Discharge","Static Discharge","Static Discharge","Steam","Steam","Steam","Self Repair","Self Repair","Self Repair+1","Glacier","Glacier","Glacier","Go for the Eyes","Go for the Eyes","Go for the Eyes","Loop","Loop","Loop","Meteor Strike+1","Meteor Strike","Meteor Strike+1","Creative AI","Creative AI","Creative AI+1","Rainbow","Rainbow","Rainbow","Rip and Tear","Rip and Tear","Rip and Tear","Electrodynamics","Electrodynamics","Electrodynamics","Reboot","Reboot","Reboot","Doubt","Doubt","Doubt","Regret","Regret","Regret","Doubt","Doubt","Doubt","Scrape","Scrape","Scrape","Magnetism","Magnetism","Magnetism","Go for the Eyes","Go for the Eyes","Writhe","Writhe","Writhe","Chill","Chill","Chill","Hello World+1","Hello World","Hello World","Redo","Redo","Redo","Streamline","Streamline","Streamline","Gash","Gash","Gash","Force Field","Force Field","Force Field","Seek","Seek","Seek","Fission","Fission","Fission","Turbo+1","Turbo+1","Turbo+1","Melter","Melter","Melter","Beam Cell+1","Beam Cell+1","Beam Cell+1","Multi-Cast","Multi-Cast","Multi-Cast","Dramatic Entrance","Dramatic Entrance","Dramatic Entrance","Self Repair","Self Repair","Self Repair","Scrape","Scrape","Scrape","Rainbow","Rainbow","Rainbow","Self Repair+1","Self Repair+1","Self Repair+1"],"max_hp_per_floor":[75,75,75,75,75,75,75,75,75,75,75,75,75,75,75,75,75,75,75,75,75,75,75,75,75,82,82,82,82,82,82,82,82,82,82,82,82,82,82,82,82,82,82,82,82,82],"relics":["Cracked Core","White Beast Statue","Bronze Scales","Old Coin","Boot","Kunai","Anchor","Calling Bell","Art of War","Pantograph","Emotion Chip","Vajra","Ornamental Fan","Lantern","Symbiotic Virus","Matryoshka","Strawberry","Happy Flower","Red Mask","Peace Pipe","Nuclear Battery","Whetstone","Tiny Chest","Letter Opener","Potion Belt"],"card_choices":[{"not_picked":["Rebound","Streamline"],"picked":"Static Discharge","floor":1},{"not_picked":["Beam Cell","Recycle"],"picked":"Steam","floor":2},{"not_picked":["Ball Lightning","Darkness"],"picked":"Go for the Eyes","floor":4},{"not_picked":["Ball Lightning","Recycle"],"picked":"Loop","floor":5},{"not_picked":["Machine Learning","Core Surge"],"picked":"Meteor Strike","floor":6},{"not_picked":["Multi-Cast","Machine Learning"],"picked":"Creative AI","floor":8},{"not_picked":["Meteor Strike","Creative AI"],"picked":"Rainbow","floor":11},{"not_picked":["Rebound","Leap"],"picked":"Rip and Tear","floor":12},{"not_picked":["Buffer","Biased Cognition"],"picked":"Electrodynamics","floor":14},{"not_picked":["Meteor Strike","Machine Learning"],"picked":"Reboot","floor":16},{"not_picked":["Beam Cell+1","Stack"],"picked":"Scrape","floor":18},{"not_picked":["Glacier","Reprogram"],"picked":"Go for the Eyes","floor":20},{"not_picked":["Cold Snap+1","Conserve Battery"],"picked":"Chill","floor":22},{"not_picked":["Stack","Darkness"],"picked":"Hello World","floor":25},{"not_picked":["Stack+1","Leap"],"picked":"Gash","floor":29},{"not_picked":["Creative AI","Meteor Strike"],"picked":"Seek","floor":31},{"not_picked":["Seek","Rainbow"],"picked":"Fission","floor":33},{"not_picked":["Sweeping Beam+1","Streamline+1"],"picked":"Turbo+1","floor":35},{"not_picked":["Compile Driver","Ball Lightning"],"picked":"Melter","floor":37},{"not_picked":["Leap","Ball Lightning+1"],"picked":"Beam Cell+1","floor":39},{"not_picked":["Electrodynamics","Machine Learning"],"picked":"Multi-Cast","floor":41},{"not_picked":["Electrodynamics","Biased Cognition"],"picked":"Rainbow","floor":44},{"not_picked":["Coolheaded","Rebound+1"],"picked":"Self Repair+1","floor":45}],"player_experience":174590,"potions_floor_usage":[1,1,1,2,2,4,4,4,5,5,5,6,6,6,6,6,6,8,8,8,8,11,11,11,12,14,14,14,14,14,14,14,16,18,18,18,20,22,22,22,22,25,29,31,31,33,33,35,35,37,37,39,39,39,39,41,41,41,44,44,44,44,45,45,45,45,45,45,45,45,45,45,46],"damage_taken":[{"damage":1,"enemies":"Cultist","floor":1,"turns":3},{"damage":13,"enemies":"Jaw Worm","floor":2,"turns":3},{"damage":1,"enemies":"2 Louse","floor":4,"turns":3},{"damage":19,"enemies":"Lots of Slimes","floor":5,"turns":4},{"damage":18,"enemies":"3 Sentries","floor":6,"turns":7},{"damage":14,"enemies":"Gremlin Nob","floor":8,"turns":4},{"damage":24,"enemies":"3 Sentries","floor":11,"turns":5},{"damage":11,"enemies":"2 Fungi Beasts","floor":12,"turns":5},{"damage":18,"enemies":"Gremlin Nob","floor":14,"turns":3},{"damage":34,"enemies":"Hexaghost","floor":16,"turns":6},{"damage":19,"enemies":"Shell Parasite","floor":18,"turns":5},{"damage":7,"enemies":"3 Byrds","floor":20,"turns":3},{"damage":15,"enemies":"Snecko","floor":22,"turns":3},{"damage":7,"enemies":"Centurion and Healer","floor":25,"turns":6},{"damage":21,"enemies":"Masked Bandits","floor":29,"turns":3},{"damage":36,"enemies":"Slavers","floor":31,"turns":5},{"damage":45,"enemies":"Collector","floor":33,"turns":6},{"damage":1,"enemies":"3 Shapes","floor":35,"turns":2},{"damage":9,"enemies":"Orb Walker","floor":37,"turns":5},{"damage":35,"enemies":"Sphere and 2 Shapes","floor":39,"turns":5},{"damage":41,"enemies":"Nemesis","floor":41,"turns":7},{"damage":10,"enemies":"Giant Head","floor":44,"turns":8},{"damage":40,"enemies":"Maw","floor":45,"turns":7},{"damage":9,"enemies":"4 Shapes","floor":46,"turns":2}],"relics_obtained":[{"floor":6,"key":"Bronze Scales"},{"floor":8,"key":"Old Coin"},{"floor":9,"key":"Boot"},{"floor":11,"key":"Kunai"},{"floor":14,"key":"Anchor"},{"floor":17,"key":"Art of War"},{"floor":17,"key":"Pantograph"},{"floor":17,"key":"Emotion Chip"},{"floor":24,"key":"Matryoshka"},{"floor":26,"key":"Strawberry"},{"floor":26,"key":"Happy Flower"},{"floor":29,"key":"Red Mask"},{"floor":31,"key":"Peace Pipe"},{"floor":41,"key":"Whetstone"},{"floor":43,"key":"Tiny Chest"},{"floor":43,"key":"Letter Opener"},{"floor":44,"key":"Potion Belt"}],"event_choices":[{"event_name":"Golden Shrine","player_choice":"Pray","floor":10,"damage_taken":0},{"event_name":"Golden Wing","player_choice":"Gained Gold","floor":13,"damage_taken":0},{"event_name":"The Mausoleum","player_choice":"Yes","floor":21,"damage_taken":0},{"event_name":"Masked Bandits","player_choice":"Fought over 23 gold","floor":29,"damage_taken":0},{"event_name":"SecretPortal","player_choice":"Rejected Portal.","floor":38,"damage_taken":0}],"boss_relics":[{"not_picked":["Astrolabe","Snecko Eye"],"picked":"Calling Bell"},{"not_picked":["Tiny House","Runic Dome"],"picked":"Nuclear Battery"}],"items_purged_floors":[],"potions_floor_spawned":[1,2,4,5,6,8,11,12,14,16,18,20,22,25,29,31,33,35,37,39,41,44,45],"seed_played":"780914286428211859","killed_by":"4 Shapes","ascension_level":0,"potions_obtained":[{"floor":1,"key":"Ancient Potion"},{"floor":4,"key":"GamblersBrew"},{"floor":5,"key":"Regen Potion"},{"floor":6,"key":"FocusPotion"},{"floor":11,"key":"GamblersBrew"},{"floor":12,"key":"LiquidBronze"},{"floor":14,"key":"FocusPotion"},{"floor":16,"key":"Weak Potion"},{"floor":18,"key":"AttackPotion"},{"floor":20,"key":"FocusPotion"},{"floor":22,"key":"Strength Potion"},{"floor":25,"key":"SkillPotion"},{"floor":29,"key":"PowerPotion"},{"floor":31,"key":"Fire Potion"},{"floor":33,"key":"FocusPotion"},{"floor":35,"key":"Weak Potion"},{"floor":37,"key":"SteroidPotion"},{"floor":39,"key":"Block Potion"},{"floor":41,"key":"PowerPotion"},{"floor":44,"key":"SpeedPotion"},{"floor":45,"key":"AttackPotion"}],"is_trial":false}