{"path_per_floor":["M","?","?","$","?","R","E","$","T","?","?","M","M","M","R","B",null,"M","?","M","$","?","R"],"character_chosen":"THE_SILENT","items_purchased":["Envenom","Happy Flower","Dagger Spray","Orichalcum","Accuracy","Crippling Poison","Cloak And Dagger","Bronze Scales","Infinite Blades","Deadly Poison","Riddle With Holes","SkillPotion"],"gold_per_floor":[119,119,294,13,13,13,338,24,24,124,183,195,214,229,229,332,362,349,349,368,0,0,0,0],"floor_reached":24,"campfire_rested":2,"playtime":2109,"item_purchase_floors":[4,4,4,8,8,8,8,21,21,21,21,21],"current_hp_per_floor":[70,70,70,70,70,70,47,47,47,47,21,21,21,21,42,36,75,49,49,30,30,30,52,0],"items_purged":[],"gold":0,"score":217,"play_id":"1db40b6d-69ed-49e9-a4c9-ae5a3869283f","local_time":"20180530173819","is_prod":false,"is_daily":false,"chose_seed":false,"is_ascension_mode":false,"campfire_upgraded":1,"win_rate":0,"timestamp":1527716299,"campfire_choices":[{"data":"Envenom","floor":6,"key":"SMITH"},{"floor":15,"key":"REST"},{"floor":23,"key":"REST"}],"path_taken":["M","?","?","$","?","R","E","$","T","?","?","?","?","M","R","BOSS","M","?","?","$","?","R","E"],"build_version":"2018-05-24","seed_source_timestamp":5661588511958,"purchased_purges":0,"victory":false,"master_deck":["Defend_G","Defend_G","Defend_G","Defend_G","Defend_G","Strike_G","Strike_G","Strike_G","Strike_G","Strike_G","Survivor","Neutralize","Cloak And Dagger","Footwork","Storm of Steel","Well Laid Plans","Cloak And Dagger","Envenom+1","Dagger Spray","Normality","Finisher","Accuracy","Crippling Poison","Cloak And Dagger","Dagger Throw","Noxious Fumes","Quick Slash+1","Backflip","A Thousand Cuts","Deflect","Quick Slash","Eviscerate+1","Infinite Blades","Deadly Poison","Riddle With Holes","Decay"],"max_hp_per_floor":[70,70,70,70,70,70,70,70,70,70,70,70,70,70,70,70,75,75,75,75,75,75,75,75],"relics":["Ring of the Snake","Happy Flower","Old Coin","Orichalcum","Toolbox","Ornamental Fan","Tiny House","Bronze Scales"],"card_choices":[{"not_picked":["Outmaneuver","Sucker Punch"],"picked":"Cloak And Dagger","floor":0},{"not_picked":["Deadly Poison","Blade Dance"],"picked":"Footwork","floor":1},{"not_picked":["Dagger Throw","Well Laid Plans"],"picked":"Finisher","floor":7},{"not_picked":["Predator","Acrobatics"],"picked":"Dagger Throw","floor":11},{"not_picked":["Deflect","Bouncing Flask"],"picked":"Noxious Fumes","floor":12},{"not_picked":["Poisoned Stab","Acrobatics"],"picked":"Quick Slash","floor":13},{"not_picked":["Underhanded Strike","Reflex"],"picked":"Backflip","floor":14},{"not_picked":["Doppelganger","Phantasmal Killer"],"picked":"A Thousand Cuts","floor":16},{"not_picked":["Choke","Predator"],"picked":"Deflect","floor":17},{"not_picked":["Well Laid Plans","Cloak And Dagger"],"picked":"Quick Slash","floor":18},{"not_picked":["Dagger Throw","Backflip"],"picked":"Eviscerate+1","floor":20}],"player_experience":109750,"potions_floor_usage":[7,13,16,18,24],"damage_taken":[{"damage":0,"enemies":"Small Slimes","floor":1,"turns":5},{"damage":23,"enemies":"Lagavulin","floor":7,"turns":8},{"damage":26,"enemies":"Lagavulin Event","floor":11,"turns":7},{"damage":0,"enemies":"Cultist","floor":12,"turns":2},{"damage":0,"enemies":"2 Louse","floor":13,"turns":2},{"damage":0,"enemies":"2 Fungi Beasts","floor":14,"turns":3},{"damage":21,"enemies":"Slime Boss","floor":16,"turns":11},{"damage":26,"enemies":"2 Thieves","floor":18,"turns":4},{"damage":19,"enemies":"Spheric Guardian","floor":20,"turns":5},{"damage":53,"enemies":"Slavers","floor":24,"turns":4}],"relics_obtained":[{"floor":7,"key":"Old Coin"},{"floor":9,"key":"Toolbox"},{"floor":11,"key":"Ornamental Fan"}],"event_choices":[{"event_name":"Match and Keep!","player_choice":"3 cards matched","floor":2,"damage_taken":0},{"event_name":"Liars Game","player_choice":"agreed","floor":3,"damage_taken":0},{"event_name":"Living Wall","player_choice":"Change","floor":5,"damage_taken":0},{"event_name":"Golden Shrine","player_choice":"Pray","floor":10,"damage_taken":0},{"event_name":"Dead Adventurer","player_choice":"Searched \u00272\u0027 times","floor":11,"damage_taken":0},{"event_name":"Ghosts","player_choice":"Ignored","floor":19,"damage_taken":0},{"event_name":"Wheel of Change","player_choice":"Curse","floor":22,"damage_taken":0}],"boss_relics":[{"not_picked":["Ectoplasm","White Beast Statue"],"picked":"Tiny House"}],"items_purged_floors":[],"potions_floor_spawned":[1,7,13],"seed_played":"-6670436033126234395","killed_by":"Slavers","ascension_level":0,"potions_obtained":[{"floor":1,"key":"SteroidPotion"},{"floor":7,"key":"AttackPotion"},{"floor":13,"key":"Regen Potion"},{"floor":17,"key":"Energy Potion"}],"is_trial":false}