{"gold_per_floor":[10,24,24,35,110,110,137,137,137,137,172,172,5,5,5,81,81,94,114,114,130,44,44,0,0,0,33,33,64,79,112,112,112],"floor_reached":33,"playtime":983,"items_purged":[],"score":618,"play_id":"625f6ae2-d44b-4227-b861-7abb00e48978","local_time":"20190922182825","is_ascension_mode":true,"campfire_choices":[{"data":"Rampage","floor":6.0,"key":"SMITH"},{"floor":8.0,"key":"REST"},{"floor":12.0,"key":"REST"},{"data":"Disarm","floor":15.0,"key":"SMITH"},{"floor":23.0,"key":"REST"},{"data":"Immolate","floor":25,"key":"SMITH"},{"floor":32,"key":"REST"}],"neow_cost":"NO_GOLD","seed_source_timestamp":497098009410500,"circlet_count":0,"master_deck":["AscendersBane","Strike_R","Strike_R+1","Strike_R","Strike_R","Strike_R","Defend_R","Defend_R","Defend_R","Defend_R","Bash+1","Headbutt","Headbutt","Rampage+1","Disarm+1","Feed","Immolate+1","Flame Barrier","Barricade","Headbutt","Entrench","Metallicize","Evolve"],"special_seed":0,"relics":["Burning Blood","WingedGreaves","Juzu Bracelet","Matryoshka","Bronze Scales","Strange Spoon","Mark of Pain","Eternal Feather","White Beast Statue","Bag of Marbles","Potion Belt","Dead Branch"],"potions_floor_usage":[27,31,33,33],"damage_taken":[{"damage":14.0,"enemies":"Cultist","floor":1.0,"turns":6.0},{"damage":2.0,"enemies":"Jaw Worm","floor":2.0,"turns":3.0},{"damage":0.0,"enemies":"Small Slimes","floor":4.0,"turns":2.0},{"damage":29.0,"enemies":"Lagavulin","floor":7.0,"turns":6.0},{"damage":22.0,"enemies":"3 Sentries","floor":11.0,"turns":9.0},{"damage":16.0,"enemies":"Hexaghost","floor":16.0,"turns":8.0},{"damage":8.0,"enemies":"3 Byrds","floor":18.0,"turns":3.0},{"damage":17.0,"enemies":"2 Thieves","floor":19.0,"turns":4.0},{"damage":38.0,"enemies":"Chosen and Byrds","floor":21.0,"turns":7.0},{"damage":33,"enemies":"Gremlin Leader","floor":27,"turns":6},{"damage":42,"enemies":"Book of Stabbing","floor":29,"turns":5},{"damage":10,"enemies":"Snake Plant","floor":30,"turns":4},{"damage":23,"enemies":"Gremlin Leader","floor":31,"turns":7},{"damage":82,"enemies":"Automaton","floor":33,"turns":12}],"seed_played":"3954695816048757160","potions_obtained":[{"floor":2.0,"key":"SteroidPotion"},{"floor":7.0,"key":"PowerPotion"},{"floor":11.0,"key":"GamblersBrew"},{"floor":27,"key":"ElixirPotion"},{"floor":29,"key":"SpeedPotion"},{"floor":30,"key":"PowerPotion"},{"floor":31,"key":"Fire Potion"}],"is_trial":false,"path_per_floor":["M","M","?","M","?","R","E","R","T","?","E","R","$","?","R","B",null,"M","M","?","M","$","R","?","R","T","E","?","E","M","E","R","B"],"character_chosen":"IRONCLAD","items_purchased":["Strange Spoon","Entrench"],"campfire_rested":4,"item_purchase_floors":[13,22],"current_hp_per_floor":[60,64,41,47,36,36,13,35,35,35,19,41,41,46,46,36,69,70,62,62,30,30,55,55,55,55,31,89,53,49,35,74,0],"gold":112,"neow_bonus":"ONE_RARE_RELIC","is_prod":false,"is_daily":false,"chose_seed":false,"campfire_upgraded":3,"win_rate":0,"timestamp":1569202105,"path_taken":["M","?","?","M","?","R","E","R","T","?","E","R","$","?","R","BOSS","M","M","?","M","$","R","?","R","T","E","?","E","M","E","R","BOSS"],"build_version":"2019-09-20","purchased_purges":0,"victory":false,"max_hp_per_floor":[75,75,75,75,75,75,75,75,75,75,75,75,75,80,80,80,80,83,86,86,86,86,86,86,86,86,89,89,89,89,92,92,92],"card_choices":[{"not_picked":["Twin Strike","Thunderclap"],"picked":"Headbutt","floor":1.0},{"not_picked":["Seeing Red","Wild Strike"],"picked":"Headbutt","floor":2.0},{"not_picked":["Iron Wave","Twin Strike"],"picked":"Rampage","floor":4.0},{"not_picked":["Pommel Strike","Sever Soul"],"picked":"Disarm","floor":7.0},{"not_picked":["Whirlwind","Headbutt"],"picked":"Feed","floor":11.0},{"not_picked":["Double Tap","Exhume"],"picked":"Immolate","floor":16.0},{"not_picked":["Thunderclap","Reckless Charge"],"picked":"Flame Barrier","floor":18.0},{"not_picked":["Warcry","Cleave","Wild Strike"],"picked":"SKIP","floor":19.0},{"not_picked":["Clash","Perfected Strike"],"picked":"Headbutt","floor":21.0},{"not_picked":["Clothesline","True Grit"],"picked":"Uppercut+1","floor":27},{"not_picked":["Berserk","Reckless Charge","Clothesline"],"picked":"SKIP","floor":29},{"not_picked":["Perfected Strike+1","Twin Strike"],"picked":"Metallicize","floor":30},{"not_picked":["Shockwave","Burning Pact"],"picked":"Evolve","floor":31}],"player_experience":979262,"relics_obtained":[{"floor":7.0,"key":"Juzu Bracelet"},{"floor":9.0,"key":"Matryoshka"},{"floor":11.0,"key":"Bronze Scales"},{"floor":26,"key":"Eternal Feather"},{"floor":26,"key":"White Beast Statue"},{"floor":27,"key":"Bag of Marbles"},{"floor":29,"key":"Potion Belt"},{"floor":31,"key":"Dead Branch"}],"event_choices":[{"damage_healed":0.0,"max_hp_gain":0.0,"max_hp_loss":0.0,"gold_gain":0.0,"event_name":"Shining Light","player_choice":"Entered Light","floor":3.0,"gold_loss":0.0,"damage_taken":23.0,"cards_upgraded":["Strike_R","Bash"]},{"damage_healed":0.0,"max_hp_gain":0.0,"max_hp_loss":0.0,"gold_gain":75.0,"event_name":"World of Goop","player_choice":"Gather Gold","floor":5.0,"gold_loss":0.0,"damage_taken":11.0},{"damage_healed":0.0,"max_hp_gain":0.0,"max_hp_loss":0.0,"gold_gain":0.0,"event_name":"Liars Game","player_choice":"Ignored","floor":10.0,"gold_loss":0.0,"damage_taken":0.0},{"damage_healed":0.0,"max_hp_gain":5.0,"max_hp_loss":0.0,"gold_gain":0.0,"event_name":"Big Fish","player_choice":"Donut","floor":14.0,"gold_loss":0.0,"damage_taken":0.0},{"damage_healed":0.0,"max_hp_gain":0.0,"max_hp_loss":0.0,"gold_gain":0.0,"event_name":"The Library","player_choice":"Read","floor":20.0,"gold_loss":0.0,"damage_taken":0.0,"cards_obtained":["Barricade"]},{"damage_healed":0,"gold_gain":0,"player_choice":"Paid Fearfully","damage_taken":0,"max_hp_gain":0,"max_hp_loss":0,"event_name":"Masked Bandits","floor":24,"gold_loss":44},{"cards_removed":["Uppercut"],"damage_healed":58,"gold_gain":0,"player_choice":"Offered Uncommon","damage_taken":0,"max_hp_gain":0,"max_hp_loss":0,"event_name":"Bonfire Elementals","floor":28,"gold_loss":0}],"is_beta":true,"boss_relics":[{"not_picked":["Runic Pyramid","Astrolabe"],"picked":"Mark of Pain"}],"items_purged_floors":[],"is_endless":false,"potions_floor_spawned":[2,7,11,27,29,30,31],"killed_by":"Automaton","ascension_level":20}