{"gold_per_floor":[119,130,148,163,177,177,207,217,217,217,250,276,307,329,341,427,439,471,533,545,2,2,2,36,36,62,62,87,104,130,144,144,215,215,226,4,20,36,36,36,47,47,72,106,156,156,168,186,186,186,186],"floor_reached":52,"playtime":2286,"items_purged":[],"score":2083,"play_id":"5fc7cda8-f794-4497-b9bc-b56350100d66","local_time":"20190923230349","is_ascension_mode":true,"campfire_choices":[{"data":"Anger","floor":6.0,"key":"SMITH"},{"data":"Immolate","floor":10.0,"key":"SMITH"},{"data":"Rage","floor":15.0,"key":"SMITH"},{"data":"Evolve","floor":23.0,"key":"SMITH"},{"data":"Shockwave","floor":25.0,"key":"SMITH"},{"floor":27.0,"key":"REST"},{"floor":32,"key":"REST"},{"data":"Barricade","floor":40,"key":"SMITH"},{"floor":42,"key":"REST"},{"data":"Impervious","floor":46,"key":"SMITH"},{"floor":49,"key":"REST"}],"neow_cost":"NONE","seed_source_timestamp":598686522315200,"circlet_count":0,"master_deck":["AscendersBane","Strike_R","Strike_R","Strike_R+1","Strike_R","Strike_R","Defend_R","Defend_R+1","Defend_R","Defend_R+1","Bash+1","Anger+1","Evolve+1","Shockwave+1","Headbutt","Immolate+1","Impervious+1","Wild Strike","Rage+1","Feed","Entrench","Immolate","Spot Weakness","Barricade+1","CurseOfTheBell","Power Through+1","Impervious","Entrench+1","Second Wind","Corruption+1","Parasite","Shrug It Off+1","Shrug It Off","Body Slam+1"],"special_seed":0,"relics":["Burning Blood","Whetstone","Bag of Preparation","Pear","Prayer Wheel","MawBank","Mark of Pain","Tiny Chest","TungstenRod","Lantern","War Paint","Calipers","Self Forming Clay","Calling Bell","Vajra","Molten Egg 2","Unceasing Top","DollysMirror","Centennial Puzzle","Strawberry"],"potions_floor_usage":[33,35,37,38,51],"damage_taken":[{"damage":1.0,"enemies":"Cultist","floor":1.0,"turns":3.0},{"damage":7.0,"enemies":"Jaw Worm","floor":2.0,"turns":3.0},{"damage":7.0,"enemies":"2 Louse","floor":3.0,"turns":3.0},{"damage":7.0,"enemies":"2 Fungi Beasts","floor":4.0,"turns":4.0},{"damage":4.0,"enemies":"Large Slime","floor":5.0,"turns":6.0},{"damage":18.0,"enemies":"Gremlin Nob","floor":7.0,"turns":4.0},{"damage":14.0,"enemies":"Blue Slaver","floor":8.0,"turns":4.0},{"damage":10.0,"enemies":"3 Sentries","floor":11.0,"turns":2.0},{"damage":12.0,"enemies":"Exordium Thugs","floor":13.0,"turns":3.0},{"damage":0.0,"enemies":"Looter","floor":14.0,"turns":3.0},{"damage":56.0,"enemies":"The Guardian","floor":16.0,"turns":13.0},{"damage":8.0,"enemies":"Chosen","floor":18.0,"turns":4.0},{"damage":26.0,"enemies":"Book of Stabbing","floor":24.0,"turns":4.0},{"damage":0,"enemies":"Gremlin Leader","floor":28,"turns":5},{"damage":5,"enemies":"Shell Parasite","floor":29,"turns":4},{"damage":35,"enemies":"Book of Stabbing","floor":30,"turns":5},{"damage":9,"enemies":"Snake Plant","floor":31,"turns":4},{"damage":50,"enemies":"Collector","floor":33,"turns":10},{"damage":14,"enemies":"3 Darklings","floor":35,"turns":3},{"damage":0,"enemies":"Orb Walker","floor":37,"turns":3},{"damage":29,"enemies":"Spire Growth","floor":38,"turns":5},{"damage":29,"enemies":"Maw","floor":41,"turns":12},{"damage":13,"enemies":"Giant Head","floor":44,"turns":8},{"damage":6,"enemies":"Writhing Mass","floor":47,"turns":8},{"damage":22,"enemies":"Jaw Worm Horde","floor":48,"turns":8},{"damage":14,"enemies":"Donu and Deca","floor":50,"turns":14},{"damage":0,"enemies":"Time Eater","floor":51,"turns":13}],"seed_played":"-3531893825113240374","potions_obtained":[{"floor":3.0,"key":"LiquidBronze"},{"floor":4.0,"key":"SmokeBomb"},{"floor":5.0,"key":"PowerPotion"},{"floor":7.0,"key":"Ancient Potion"},{"floor":11.0,"key":"BloodPotion"},{"floor":30,"key":"LiquidBronze"},{"floor":31,"key":"HeartOfIron"},{"floor":33,"key":"Dexterity Potion"},{"floor":37,"key":"Swift Potion"},{"floor":41,"key":"FearPotion"}],"is_trial":false,"path_per_floor":["M","M","M","M","M","R","E","M","T","R","E","T","M","M","R","B",null,"M","?","?","$","?","R","E","R","T","R","E","M","E","M","R","B",null,"M","$","M","M","?","R","M","R","T","E","?","R","M","M","R","B","B",null],"character_chosen":"IRONCLAD","items_purchased":["Tiny Chest","TungstenRod","Regen Potion","DollysMirror","BloodPotion"],"campfire_rested":4,"item_purchase_floors":[21,21,21,36,36],"current_hp_per_floor":[73,72,71,70,72,72,60,52,62,62,58,58,69,75,75,25,70,71,71,45,45,45,45,37,37,37,64,70,71,42,39,66,22,75,67,67,91,68,68,68,45,72,72,72,72,72,72,59,89,84,90],"gold":186,"neow_bonus":"RANDOM_COMMON_RELIC","is_prod":false,"is_daily":false,"chose_seed":false,"campfire_upgraded":7,"win_rate":0,"timestamp":1569305029,"path_taken":["M","M","M","?","M","R","E","M","T","R","E","?","M","M","R","BOSS","M","?","?","$","?","R","E","R","T","R","E","M","E","M","R","BOSS","M","$","M","M","?","R","M","R","T","E","?","R","M","M","R","BOSS","BOSS"],"build_version":"2019-09-23","purchased_purges":0,"victory":true,"max_hp_per_floor":[75,75,75,75,75,75,75,75,85,85,85,85,85,85,85,85,85,88,88,93,93,93,93,93,93,93,93,93,93,93,93,93,93,93,93,93,93,93,93,93,93,93,93,100,100,100,100,103,103,106,106],"card_choices":[{"not_picked":["Twin Strike","Corruption"],"picked":"Anger","floor":1.0},{"not_picked":["Wild Strike","Warcry"],"picked":"Evolve","floor":2.0},{"not_picked":["Entrench","Iron Wave","Corruption"],"picked":"SKIP","floor":3.0},{"not_picked":["Pommel Strike","Thunderclap"],"picked":"Shockwave","floor":4.0},{"not_picked":["Heavy Blade","Warcry"],"picked":"Headbutt","floor":5.0},{"not_picked":["Rupture","Perfected Strike","True Grit"],"picked":"SKIP","floor":7.0},{"not_picked":["Dual Wield","Flex"],"picked":"Immolate","floor":8.0},{"not_picked":["Pommel Strike","Twin Strike"],"picked":"Impervious","floor":11.0},{"not_picked":["Sword Boomerang","Shockwave"],"picked":"Wild Strike","floor":13.0},{"not_picked":["Cleave","Anger"],"picked":"Rage","floor":13.0},{"not_picked":["Sentinel","Clothesline","Warcry"],"picked":"SKIP","floor":14.0},{"not_picked":["Armaments","Searing Blow","Heavy Blade"],"picked":"SKIP","floor":14.0},{"not_picked":["Reaper","Bludgeon"],"picked":"Feed","floor":16.0},{"not_picked":["Pommel Strike","Armaments","Clothesline"],"picked":"SKIP","floor":18.0},{"not_picked":["Wild Strike","Body Slam","Warcry"],"picked":"SKIP","floor":18.0},{"not_picked":["Sword Boomerang","Warcry","Pommel Strike"],"picked":"SKIP","floor":24.0},{"not_picked":["Disarm","Sentinel+1"],"picked":"Entrench","floor":28},{"not_picked":["Inflame","Headbutt"],"picked":"Immolate","floor":29},{"not_picked":["Clash","Flex","Heavy Blade"],"picked":"SKIP","floor":29},{"not_picked":["Sever Soul","True Grit","Warcry"],"picked":"SKIP","floor":30},{"not_picked":["Wild Strike","Juggernaut"],"picked":"Spot Weakness","floor":31},{"not_picked":["Cleave","Headbutt","Iron Wave"],"picked":"SKIP","floor":31},{"not_picked":["Juggernaut","Berserk"],"picked":"Barricade","floor":33},{"not_picked":["Sword Boomerang+1","Cleave+1"],"picked":"Power Through+1","floor":35},{"not_picked":["Seeing Red","Heavy Blade+1","Sever Soul+1"],"picked":"SKIP","floor":35},{"not_picked":["Combust","Clash+1","True Grit"],"picked":"SKIP","floor":37},{"not_picked":["Headbutt+1","Warcry","Combust"],"picked":"SKIP","floor":37},{"not_picked":["Body Slam+1","True Grit"],"picked":"Entrench+1","floor":38},{"not_picked":["Clothesline+1","Clash+1","Berserk"],"picked":"SKIP","floor":38},{"not_picked":["Sentinel","Disarm+1"],"picked":"Second Wind","floor":41},{"not_picked":["Bloodletting+1","Wild Strike+1"],"picked":"Corruption+1","floor":41},{"not_picked":["Clothesline+1","Reckless Charge+1","Inflame+1"],"picked":"SKIP","floor":44},{"not_picked":["Uppercut+1","Ghostly Armor+1"],"picked":"Shrug It Off+1","floor":47},{"not_picked":["Sword Boomerang+1","Headbutt+1"],"picked":"Shrug It Off","floor":47},{"not_picked":["Pommel Strike+1","Sever Soul+1"],"picked":"Body Slam+1","floor":48},{"not_picked":["Perfected Strike+1","Inflame","Sword Boomerang+1"],"picked":"SKIP","floor":48}],"player_experience":997490,"relics_obtained":[{"floor":7.0,"key":"Bag of Preparation"},{"floor":9.0,"key":"Pear"},{"floor":11.0,"key":"Prayer Wheel"},{"floor":12.0,"key":"MawBank"},{"floor":24.0,"key":"Lantern"},{"floor":26.0,"key":"War Paint"},{"floor":28,"key":"Calipers"},{"floor":30,"key":"Self Forming Clay"},{"floor":34,"key":"Vajra"},{"floor":34,"key":"Molten Egg 2"},{"floor":34,"key":"Unceasing Top"},{"floor":43,"key":"Centennial Puzzle"},{"floor":44,"key":"Strawberry"}],"event_choices":[{"damage_healed":0.0,"max_hp_gain":0.0,"max_hp_loss":0.0,"gold_gain":50.0,"event_name":"Nest","player_choice":"Stole From Cult","floor":19.0,"gold_loss":0.0,"damage_taken":0.0},{"damage_healed":0.0,"max_hp_gain":5.0,"max_hp_loss":0.0,"gold_gain":0.0,"event_name":"Forgotten Altar","player_choice":"Shed Blood","floor":20.0,"gold_loss":0.0,"damage_taken":31.0},{"damage_healed":0.0,"max_hp_gain":0.0,"max_hp_loss":0.0,"gold_gain":0.0,"event_name":"Ghosts","player_choice":"Ignored","floor":22.0,"gold_loss":0.0,"damage_taken":0.0},{"damage_healed":0,"gold_gain":0,"player_choice":"Ignored","damage_taken":0,"max_hp_gain":0,"max_hp_loss":0,"event_name":"Mysterious Sphere","floor":39,"gold_loss":0},{"damage_healed":0,"gold_gain":50,"player_choice":"Pray","damage_taken":0,"max_hp_gain":0,"max_hp_loss":0,"event_name":"Golden Shrine","floor":45,"gold_loss":0}],"is_beta":true,"boss_relics":[{"not_picked":["Busted Crown","Cursed Key"],"picked":"Mark of Pain"},{"not_picked":["Pandora\u0027s Box","Astrolabe"],"picked":"Calling Bell"}],"items_purged_floors":[],"is_endless":false,"potions_floor_spawned":[3,4,5,7,11,30,31,33,37,41,47],"ascension_level":20}