{"gold_per_floor":[118,43,43,43,118,118,149,149,173,173,191,211,251,301,301,394,394,394,314,139,139,139,139,139],"floor_reached":24,"playtime":758,"items_purged":["Doubt","Strike_R"],"score":440,"play_id":"f61fd3c0-79b3-4ea9-a27f-f75377ff9d51","local_time":"20190916091542","is_ascension_mode":true,"campfire_choices":[{"floor":6.0,"key":"REST"},{"floor":8.0,"key":"REST"},{"data":"Bludgeon","floor":10.0,"key":"SMITH"},{"data":"Bash","floor":15.0,"key":"SMITH"}],"neow_cost":"CURSE","seed_source_timestamp":349641705882300,"circlet_count":0,"master_deck":["AscendersBane","Strike_R","Strike_R","Strike_R","Strike_R","Defend_R+1","Defend_R","Defend_R+1","Defend_R","Bash+1","Bludgeon+1","Clothesline","Reaper","Ghostly Armor","Shrug It Off","Barricade","Seeing Red","Evolve","Metallicize","Entrench","Berserk+1"],"special_seed":0,"relics":["Burning Blood","Golden Idol","Mercury Hourglass","Anchor","Ancient Tea Set","Ectoplasm","Frozen Egg 2","Dead Branch"],"potions_floor_usage":[23],"damage_taken":[{"damage":1.0,"enemies":"2 Louse","floor":1.0,"turns":3.0},{"damage":33.0,"enemies":"Lagavulin","floor":7.0,"turns":7.0},{"damage":0.0,"enemies":"Jaw Worm","floor":11.0,"turns":2.0},{"damage":0.0,"enemies":"Small Slimes","floor":12.0,"turns":2.0},{"damage":8.0,"enemies":"Gremlin Nob","floor":13.0,"turns":3.0},{"damage":34,"enemies":"Slime Boss","floor":16,"turns":8},{"damage":4,"enemies":"Chosen","floor":18,"turns":5},{"damage":10,"enemies":"2 Thieves","floor":19,"turns":4},{"damage":58,"enemies":"Slavers","floor":23,"turns":9},{"damage":21,"enemies":"Chosen and Byrds","floor":24,"turns":5}],"seed_played":"-2536987830024806894","potions_obtained":[{"floor":11.0,"key":"SneckoOil"},{"floor":12.0,"key":"LiquidBronze"},{"floor":13.0,"key":"Energy Potion"},{"floor":16,"key":"Dexterity Potion"}],"is_trial":false,"path_per_floor":["M","$","?","?","?","R","E","R","T","R","M","M","E","?","R","B",null,"M","M","$","?","T","E","M"],"character_chosen":"IRONCLAD","items_purchased":["Metallicize"],"campfire_rested":2,"item_purchase_floors":[20],"current_hp_per_floor":[73,73,47,24,13,35,8,30,30,30,36,42,40,40,40,22,62,67,63,63,63,63,21,0],"gold":139,"neow_bonus":"THREE_RARE_CARDS","is_prod":false,"is_daily":false,"chose_seed":false,"campfire_upgraded":2,"win_rate":0,"timestamp":1568650542,"path_taken":["M","$","?","?","?","R","E","R","T","R","M","M","E","?","R","BOSS","M","M","$","?","?","E","M"],"build_version":"2019-07-17","purchased_purges":2,"victory":false,"max_hp_per_floor":[75,75,75,75,75,75,75,75,75,75,75,75,75,75,75,75,75,75,75,75,75,75,75,75],"card_choices":[{"not_picked":["Exhume","Limit Break"],"picked":"Bludgeon","floor":0.0},{"not_picked":["Havoc","Thunderclap"],"picked":"Clothesline","floor":1.0},{"not_picked":["Headbutt","Intimidate"],"picked":"Reaper","floor":7.0},{"not_picked":["Thunderclap","Sword Boomerang","Cleave"],"picked":"SKIP","floor":11.0},{"not_picked":["True Grit","Sentinel"],"picked":"Ghostly Armor","floor":12.0},{"not_picked":["Perfected Strike","Heavy Blade"],"picked":"Shrug It Off","floor":13.0},{"not_picked":["Limit Break","Double Tap"],"picked":"Barricade","floor":16},{"not_picked":["Perfected Strike","Wild Strike"],"picked":"Seeing Red","floor":18},{"not_picked":["Thunderclap","Whirlwind"],"picked":"Evolve","floor":19},{"not_picked":["Bludgeon","Havoc+1"],"picked":"Berserk+1","floor":23}],"player_experience":762977,"relics_obtained":[{"floor":7.0,"key":"Mercury Hourglass"},{"floor":9.0,"key":"Anchor"},{"floor":13.0,"key":"Ancient Tea Set"},{"floor":22,"key":"Frozen Egg 2"},{"floor":23,"key":"Dead Branch"}],"event_choices":[{"damage_healed":0.0,"max_hp_gain":0.0,"max_hp_loss":0.0,"gold_gain":0.0,"event_name":"Golden Idol","player_choice":"Take Damage","floor":3.0,"gold_loss":0.0,"damage_taken":26.0,"relics_obtained":["Golden Idol"]},{"damage_healed":0.0,"max_hp_gain":0.0,"max_hp_loss":0.0,"gold_gain":0.0,"event_name":"Shining Light","player_choice":"Entered Light","floor":4.0,"gold_loss":0.0,"damage_taken":23.0,"cards_upgraded":["Defend_R","Defend_R"]},{"damage_healed":0.0,"max_hp_gain":0.0,"max_hp_loss":0.0,"gold_gain":75.0,"event_name":"World of Goop","player_choice":"Gather Gold","floor":5.0,"gold_loss":0.0,"damage_taken":11.0},{"damage_healed":0.0,"max_hp_gain":0.0,"max_hp_loss":0.0,"gold_gain":50.0,"event_name":"Golden Shrine","player_choice":"Pray","floor":14.0,"gold_loss":0.0,"damage_taken":0.0},{"damage_healed":0,"gold_gain":0,"player_choice":"Read","damage_taken":0,"max_hp_gain":0,"max_hp_loss":0,"event_name":"The Library","floor":21,"gold_loss":0,"cards_obtained":["Entrench"]}],"is_beta":false,"boss_relics":[{"not_picked":["Black Blood","Empty Cage"],"picked":"Ectoplasm"}],"items_purged_floors":[2,20],"is_endless":false,"potions_floor_spawned":[11,12,13,16],"killed_by":"Chosen and Byrds","ascension_level":20}