{"gold_per_floor":[13,29,29,79,96,122,122,155,182,202,227,241,241,254,254,333,333,333,333,333,333,333,333,333,333,333,333,333,333,333,333,333,333,333,333,333,333,333,333,333,333,333,333,333,333,333,333,86,86,86,86],"floor_reached":52,"playtime":1296,"items_purged":[],"score":2028,"play_id":"823f7c98-8db8-4ff3-9110-cf3e23aaaaa8","local_time":"20190923153913","is_ascension_mode":true,"campfire_choices":[{"data":"Perfected Strike","floor":7.0,"key":"SMITH"},{"data":"Perfected Strike","floor":13.0,"key":"SMITH"},{"floor":15.0,"key":"REST"},{"data":"Berserk","floor":24.0,"key":"SMITH"},{"data":"Perfected Strike","floor":28.0,"key":"SMITH"},{"data":"Perfected Strike","floor":32,"key":"SMITH"},{"floor":42,"key":"REST"},{"data":"Double Tap","floor":44,"key":"SMITH"},{"data":"Barricade","floor":47,"key":"SMITH"},{"floor":49,"key":"REST"}],"neow_cost":"NO_GOLD","seed_source_timestamp":0,"circlet_count":0,"master_deck":["AscendersBane","Strike_R","Strike_R","Strike_R","Strike_R","Strike_R","Defend_R","Defend_R","Defend_R","Defend_R","Bash","Perfected Strike+1","Perfected Strike+1","Perfected Strike+1","Perfected Strike+1","Twin Strike","Battle Trance","Berserk+1","Evolve","Perfected Strike+1","Sentinel","Impervious","True Grit","Pommel Strike","Perfected Strike+1","Wild Strike","Pommel Strike+1","Offering","Twin Strike","Double Tap+1","Corruption","True Grit","Power Through","Pommel Strike","Perfected Strike+1","Shrug It Off+1","Pommel Strike","Barricade+1","Twin Strike","Master of Strategy","Shrug It Off"],"special_seed":0,"relics":["Burning Blood","Bag of Marbles","Vajra","Juzu Bracelet","Odd Mushroom","Ectoplasm","MutagenicStrength","Charon\u0027s Ashes","Centennial Puzzle","Dodecahedron","Torii","Red Mask","Cursed Key","Prayer Wheel","TungstenRod","Pear"],"potions_floor_usage":[33,36,40,51],"damage_taken":[{"damage":13.0,"enemies":"Jaw Worm","floor":1.0,"turns":7.0},{"damage":1.0,"enemies":"Cultist","floor":2.0,"turns":3.0},{"damage":10.0,"enemies":"Small Slimes","floor":5.0,"turns":3.0},{"damage":20.0,"enemies":"Lagavulin","floor":6.0,"turns":4.0},{"damage":10.0,"enemies":"3 Sentries","floor":8.0,"turns":4.0},{"damage":9.0,"enemies":"Exordium Wildlife","floor":10.0,"turns":4.0},{"damage":11.0,"enemies":"The Mushroom Lair","floor":11.0,"turns":4.0},{"damage":0.0,"enemies":"3 Louse","floor":12.0,"turns":2.0},{"damage":8.0,"enemies":"Blue Slaver","floor":14.0,"turns":2.0},{"damage":35.0,"enemies":"The Guardian","floor":16.0,"turns":6.0},{"damage":0.0,"enemies":"Chosen","floor":18.0,"turns":2.0},{"damage":0.0,"enemies":"Shell Parasite","floor":20.0,"turns":1.0},{"damage":0.0,"enemies":"Snake Plant","floor":22.0,"turns":2.0},{"damage":33.0,"enemies":"Book of Stabbing","floor":23.0,"turns":3.0},{"damage":9.0,"enemies":"Centurion and Healer","floor":25.0,"turns":3.0},{"damage":0.0,"enemies":"Snecko","floor":27.0,"turns":2.0},{"damage":25.0,"enemies":"Slavers","floor":29.0,"turns":4.0},{"damage":0.0,"enemies":"3 Cultists","floor":30.0,"turns":3.0},{"damage":1.0,"enemies":"Masked Bandits","floor":31.0,"turns":3.0},{"damage":36,"enemies":"Champ","floor":33,"turns":5},{"damage":14,"enemies":"3 Shapes","floor":35,"turns":2},{"damage":3,"enemies":"Mind Bloom Boss Battle","floor":36,"turns":4},{"damage":0,"enemies":"3 Darklings","floor":37,"turns":2},{"damage":6,"enemies":"Writhing Mass","floor":38,"turns":1},{"damage":54,"enemies":"Reptomancer","floor":40,"turns":3},{"damage":0,"enemies":"Spire Growth","floor":41,"turns":2},{"damage":17,"enemies":"Giant Head","floor":45,"turns":3},{"damage":0,"enemies":"Sphere and 2 Shapes","floor":46,"turns":2},{"damage":33,"enemies":"Donu and Deca","floor":50,"turns":5},{"damage":66,"enemies":"Awakened One","floor":51,"turns":4}],"seed_played":"314302262734284379","potions_obtained":[{"floor":2.0,"key":"Fire Potion"},{"floor":5.0,"key":"Explosive Potion"},{"floor":12.0,"key":"PowerPotion"},{"floor":14.0,"key":"Regen Potion"},{"floor":16.0,"key":"Weak Potion"},{"floor":30.0,"key":"DuplicationPotion"},{"floor":38,"key":"DuplicationPotion"},{"floor":40,"key":"AttackPotion"},{"floor":45,"key":"Energy Potion"}],"is_trial":false,"path_per_floor":["M","M","?","?","M","E","R","E","T","M","?","M","R","M","R","B",null,"M","?","M","T","M","E","R","M","T","M","R","E","M","?","R","B",null,"M","?","M","M","?","E","M","R","T","R","E","M","R","$","R","B","B",null],"character_chosen":"IRONCLAD","items_purchased":["Master of Strategy","Shrug It Off"],"campfire_rested":3,"item_purchase_floors":[48,48],"current_hp_per_floor":[75,80,80,80,76,62,62,58,58,55,50,56,56,54,80,51,80,86,86,89,89,89,62,62,59,59,70,70,51,57,62,62,32,75,67,70,76,76,76,28,34,60,60,60,59,65,65,65,94,67,7],"gold":86,"neow_bonus":"TWENTY_PERCENT_HP_BONUS","is_prod":false,"is_daily":false,"chose_seed":false,"campfire_upgraded":7,"win_rate":0,"timestamp":1569278353,"path_taken":["M","M","?","?","M","E","R","E","T","M","?","M","R","M","R","BOSS","M","?","M","?","M","E","R","M","T","M","R","E","M","?","R","BOSS","M","?","M","M","?","E","M","R","T","R","E","M","R","$","R","BOSS","BOSS"],"build_version":"2019-09-23","purchased_purges":0,"victory":true,"max_hp_per_floor":[89,89,89,89,89,89,89,89,89,89,89,89,89,89,89,89,89,89,89,89,89,89,89,89,89,89,89,89,89,89,89,89,89,89,89,89,89,89,89,89,89,89,89,89,99,99,99,99,99,99,99],"card_choices":[{"not_picked":["Shrug It Off","Rupture"],"picked":"Perfected Strike","floor":1.0},{"not_picked":["Armaments","Rage"],"picked":"Perfected Strike","floor":2.0},{"not_picked":["Cleave","Anger","Heavy Blade"],"picked":"SKIP","floor":5.0},{"not_picked":["Anger","Demon Form"],"picked":"Perfected Strike","floor":6.0},{"not_picked":["Flex","Cleave"],"picked":"Perfected Strike","floor":8.0},{"not_picked":["Sword Boomerang","Body Slam"],"picked":"Twin Strike","floor":10.0},{"not_picked":["Armaments","Body Slam"],"picked":"Battle Trance","floor":12.0},{"not_picked":["Heavy Blade","Blood for Blood","Carnage"],"picked":"SKIP","floor":14.0},{"not_picked":["Reaper","Feed"],"picked":"Berserk","floor":16.0},{"not_picked":["Sword Boomerang","Warcry"],"picked":"Evolve","floor":18.0},{"not_picked":["Battle Trance+1","Ghostly Armor"],"picked":"Perfected Strike+1","floor":20.0},{"not_picked":["Flex","Sword Boomerang"],"picked":"Sentinel","floor":22.0},{"not_picked":["Wild Strike","Sword Boomerang"],"picked":"Impervious","floor":23.0},{"not_picked":["Anger","Warcry"],"picked":"True Grit","floor":25.0},{"not_picked":["True Grit","Heavy Blade"],"picked":"Pommel Strike","floor":27.0},{"not_picked":["Searing Blow","Sword Boomerang"],"picked":"Perfected Strike","floor":29.0},{"not_picked":["Flame Barrier","Iron Wave"],"picked":"Wild Strike","floor":30.0},{"not_picked":["Second Wind","Body Slam"],"picked":"Pommel Strike+1","floor":31.0},{"not_picked":["Double Tap","Feed"],"picked":"Offering","floor":33},{"not_picked":["Cleave","Thunderclap"],"picked":"Twin Strike","floor":35},{"not_picked":["Anger","Headbutt"],"picked":"Double Tap","floor":36},{"not_picked":["Thunderclap","Seeing Red"],"picked":"Corruption","floor":37},{"not_picked":["Headbutt","Pummel"],"picked":"True Grit","floor":37},{"not_picked":["Sword Boomerang","Headbutt+1"],"picked":"Power Through","floor":38},{"not_picked":["Hemokinesis","Iron Wave+1"],"picked":"Pommel Strike","floor":38},{"not_picked":["Whirlwind+1","Feed","Warcry"],"picked":"SKIP","floor":40},{"not_picked":["True Grit","Anger"],"picked":"Perfected Strike+1","floor":41},{"not_picked":["Bloodletting","Armaments"],"picked":"Shrug It Off+1","floor":41},{"not_picked":["Sword Boomerang","Shockwave"],"picked":"Pommel Strike","floor":45},{"not_picked":["Thunderclap","Flex+1"],"picked":"Barricade","floor":46},{"not_picked":["Shockwave","Sword Boomerang"],"picked":"Twin Strike","floor":46}],"player_experience":988408,"relics_obtained":[{"floor":6.0,"key":"Bag of Marbles"},{"floor":8.0,"key":"Vajra"},{"floor":9.0,"key":"Juzu Bracelet"},{"floor":11.0,"key":"Odd Mushroom"},{"floor":21.0,"key":"Charon\u0027s Ashes"},{"floor":23.0,"key":"Centennial Puzzle"},{"floor":26.0,"key":"Dodecahedron"},{"floor":29.0,"key":"Torii"},{"floor":31.0,"key":"Red Mask"},{"floor":36,"key":"Prayer Wheel"},{"floor":40,"key":"TungstenRod"},{"floor":45,"key":"Pear"}],"event_choices":[{"damage_healed":0.0,"max_hp_gain":0.0,"max_hp_loss":0.0,"gold_gain":0.0,"event_name":"Living Wall","player_choice":"Grow","floor":3.0,"gold_loss":0.0,"damage_taken":0.0,"cards_upgraded":["Perfected Strike"]},{"damage_healed":0.0,"max_hp_gain":0.0,"max_hp_loss":0.0,"gold_gain":50.0,"event_name":"Golden Shrine","player_choice":"Pray","floor":4.0,"gold_loss":0.0,"damage_taken":0.0},{"damage_healed":0.0,"max_hp_gain":0.0,"max_hp_loss":0.0,"gold_gain":0.0,"event_name":"Mushrooms","player_choice":"Fought Mushrooms","floor":11.0,"gold_loss":0.0,"damage_taken":0.0},{"damage_healed":0.0,"max_hp_gain":0.0,"max_hp_loss":0.0,"gold_gain":0.0,"event_name":"Drug Dealer","player_choice":"Inject Mutagens","floor":19.0,"gold_loss":0.0,"damage_taken":0.0,"relics_obtained":["MutagenicStrength"]},{"damage_healed":0.0,"max_hp_gain":0.0,"max_hp_loss":0.0,"gold_gain":0.0,"event_name":"Masked Bandits","player_choice":"Fought Bandits","floor":31.0,"gold_loss":0.0,"damage_taken":0.0},{"damage_healed":0,"gold_gain":0,"player_choice":"Fight","damage_taken":0,"max_hp_gain":0,"max_hp_loss":0,"event_name":"MindBloom","floor":36,"gold_loss":0},{"damage_healed":0,"gold_gain":0,"player_choice":"Ignored","damage_taken":0,"max_hp_gain":0,"max_hp_loss":0,"event_name":"SecretPortal","floor":39,"gold_loss":0}],"is_beta":true,"boss_relics":[{"not_picked":["Busted Crown","Coffee Dripper"],"picked":"Ectoplasm"},{"not_picked":["Pandora\u0027s Box","Mark of Pain"],"picked":"Cursed Key"}],"items_purged_floors":[],"is_endless":false,"potions_floor_spawned":[2,5,12,14,16,18,23,30,31,38,40,45,46],"ascension_level":20}