{"gold_per_floor":[117,42,42,42,54,54,104,137,163,187,210,210,210,228,228,228],"floor_reached":16,"playtime":467,"items_purged":[],"score":200,"play_id":"776696cb-f0df-4ea7-8a5b-d83a155890e9","local_time":"20190911171752","is_ascension_mode":true,"campfire_choices":[{"data":"Flame Barrier","floor":13,"key":"SMITH"},{"data":"Bash","floor":15,"key":"SMITH"}],"neow_cost":"NONE","seed_source_timestamp":178223366796800,"circlet_count":0,"master_deck":["AscendersBane","Strike_R","Strike_R","Strike_R","Strike_R","Defend_R","Defend_R","Defend_R","Defend_R","Bash+1","Rampage","Shrug It Off","Shrug It Off","Carnage","Flame Barrier+1","Dropkick"],"relics":["Burning Blood","Golden Idol","Pantograph","Happy Flower"],"potions_floor_usage":[10,16,16],"damage_taken":[{"damage":11,"enemies":"Small Slimes","floor":1,"turns":5},{"damage":4,"enemies":"Jaw Worm","floor":5,"turns":4},{"damage":62,"enemies":"Gremlin Nob","floor":8,"turns":6},{"damage":1,"enemies":"Cultist","floor":10,"turns":5},{"damage":18,"enemies":"Large Slime","floor":11,"turns":5},{"damage":1,"enemies":"Red Slaver","floor":14,"turns":6},{"damage":42,"enemies":"Slime Boss","floor":16,"turns":13}],"seed_played":"-542740457967490016","potions_obtained":[{"floor":8,"key":"Block Potion"},{"floor":10,"key":"Dexterity Potion"},{"floor":14,"key":"FearPotion"}],"is_trial":false,"path_per_floor":["M","?","$","?","M","?","?","E","T","M","M","?","R","M","R","B"],"character_chosen":"IRONCLAD","items_purchased":[],"campfire_rested":0,"item_purchase_floors":[],"current_hp_per_floor":[70,70,70,75,77,77,77,21,21,26,14,14,14,19,19,2],"gold":228,"neow_bonus":"TEN_PERCENT_HP_BONUS","is_prod":false,"is_daily":false,"chose_seed":false,"campfire_upgraded":2,"win_rate":0,"timestamp":1568247472,"path_taken":["M","?","$","?","M","?","?","E","T","?","M","?","R","M","R","BOSS"],"build_version":"2019-07-17","purchased_purges":0,"victory":false,"max_hp_per_floor":[82,82,82,87,87,87,87,87,87,87,87,87,87,87,87,87],"card_choices":[{"not_picked":["Shrug It Off","Iron Wave"],"picked":"Rampage","floor":1},{"not_picked":["Havoc","Body Slam"],"picked":"Shrug It Off","floor":5},{"not_picked":["Sentinel","Combust"],"picked":"Shrug It Off","floor":8},{"not_picked":["Havoc","Cleave"],"picked":"Carnage","floor":10},{"not_picked":["Anger","Inflame"],"picked":"Flame Barrier","floor":11},{"not_picked":["Bloodletting","Hemokinesis"],"picked":"Dropkick","floor":14}],"player_experience":669203,"relics_obtained":[{"floor":8,"key":"Pantograph"},{"floor":9,"key":"Happy Flower"}],"event_choices":[{"cards_removed":["Strike_R"],"damage_healed":0,"gold_gain":0,"player_choice":"Card Removal","damage_taken":0,"max_hp_gain":0,"max_hp_loss":0,"event_name":"The Cleric","floor":2,"gold_loss":75},{"damage_healed":0,"gold_gain":0,"player_choice":"Donut","damage_taken":0,"max_hp_gain":5,"max_hp_loss":0,"event_name":"Big Fish","floor":4,"gold_loss":0},{"damage_healed":0,"gold_gain":0,"player_choice":"Take Wound","damage_taken":0,"relics_obtained":["Golden Idol"],"max_hp_gain":0,"max_hp_loss":0,"event_name":"Golden Idol","floor":6,"gold_loss":0,"cards_obtained":["Injury"]},{"damage_healed":0,"gold_gain":50,"player_choice":"Pray","damage_taken":0,"max_hp_gain":0,"max_hp_loss":0,"event_name":"Golden Shrine","floor":7,"gold_loss":0},{"cards_removed":["Injury"],"damage_healed":0,"gold_gain":0,"player_choice":"Purged","damage_taken":0,"max_hp_gain":0,"max_hp_loss":0,"event_name":"Purifier","floor":12,"gold_loss":0}],"is_beta":false,"boss_relics":[],"items_purged_floors":[],"is_endless":false,"potions_floor_spawned":[8,10,14],"killed_by":"Slime Boss","ascension_level":20}