{"gold_per_floor":[111,128,128,128,142,142,142,142,165,165,180,196,230,240,240,317,317,317,317,317,317,237,237],"floor_reached":23,"playtime":906,"items_purged":[],"score":390,"play_id":"b656408f-31d4-45bd-949f-1a1643da5f69","local_time":"20190922145734","is_ascension_mode":true,"campfire_choices":[{"data":"Bash","floor":6,"key":"SMITH"},{"data":"Power Through","floor":8,"key":"SMITH"},{"floor":10,"key":"REST"},{"data":"Carnage","floor":15,"key":"SMITH"}],"neow_cost":"NONE","seed_source_timestamp":484539427939400,"circlet_count":0,"master_deck":["AscendersBane","Strike_R+1","Strike_R","Strike_R","Strike_R","Strike_R+1","Defend_R","Defend_R","Defend_R","Defend_R","Bash+1","Shrug It Off","Power Through+1","Battle Trance+1","Shrug It Off","Wild Strike","Battle Trance","Carnage+1","Dark Embrace","Power Through","Wild Strike","Combust"],"relics":["Burning Blood","Pen Nib","Pantograph","Ectoplasm"],"potions_floor_usage":[12,16,19,21,21],"damage_taken":[{"damage":4,"enemies":"Small Slimes","floor":1,"turns":4},{"damage":19,"enemies":"Jaw Worm","floor":2,"turns":7},{"damage":1,"enemies":"Cultist","floor":5,"turns":4},{"damage":3,"enemies":"Blue Slaver","floor":11,"turns":4},{"damage":6,"enemies":"Lots of Slimes","floor":12,"turns":4},{"damage":14,"enemies":"3 Sentries","floor":13,"turns":8},{"damage":5,"enemies":"3 Louse","floor":14,"turns":5},{"damage":28,"enemies":"The Guardian","floor":16,"turns":16},{"damage":9,"enemies":"3 Byrds","floor":18,"turns":7},{"damage":0,"enemies":"Chosen","floor":19,"turns":3},{"damage":0,"enemies":"Centurion and Healer","floor":20,"turns":6},{"damage":41,"enemies":"Chosen and Byrds","floor":21,"turns":7},{"damage":73,"enemies":"Book of Stabbing","floor":23,"turns":5}],"seed_played":"-2421787075134693649","potions_obtained":[{"floor":2,"key":"LiquidBronze"},{"floor":5,"key":"Ancient Potion"},{"floor":13,"key":"SteroidPotion"},{"floor":16,"key":"BloodPotion"},{"floor":19,"key":"AttackPotion"}],"is_trial":false,"path_per_floor":["M","M","?","?","M","R","?","R","T","R","M","M","E","M","R","B",null,"M","M","M","M","$","E"],"character_chosen":"IRONCLAD","items_purchased":["Combust"],"campfire_rested":1,"item_purchase_floors":[22],"current_hp_per_floor":[77,64,69,43,48,48,48,48,48,74,77,77,69,70,70,65,82,79,85,87,69,69,0],"gold":237,"neow_bonus":"TEN_PERCENT_HP_BONUS","is_prod":false,"is_daily":false,"chose_seed":false,"campfire_upgraded":3,"win_rate":0,"timestamp":1569189454,"path_taken":["M","M","?","?","M","R","?","R","T","R","M","M","E","M","R","BOSS","M","?","M","M","$","E"],"build_version":"2019-09-20","purchased_purges":0,"victory":false,"max_hp_per_floor":[82,82,87,87,87,87,87,87,87,87,87,87,87,87,87,87,87,87,87,87,87,87,87],"card_choices":[{"not_picked":["Sword Boomerang","Flame Barrier"],"picked":"Shrug It Off","floor":1},{"not_picked":["Twin Strike","Perfected Strike"],"picked":"Power Through","floor":2},{"not_picked":["Armaments","Bloodletting"],"picked":"Battle Trance","floor":5},{"not_picked":["Flame Barrier","Bloodletting","Shrug It Off"],"picked":"SKIP","floor":11},{"not_picked":["Flame Barrier","Bloodletting"],"picked":"Shrug It Off","floor":11},{"not_picked":["Armaments","Bloodletting"],"picked":"Wild Strike","floor":12},{"not_picked":["Dropkick","Second Wind"],"picked":"Battle Trance","floor":13},{"not_picked":["Blood for Blood","Shockwave"],"picked":"Carnage","floor":14},{"not_picked":["Brutality","Double Tap"],"picked":"Dark Embrace","floor":16},{"not_picked":["Headbutt","Twin Strike"],"picked":"Power Through","floor":18},{"not_picked":["Iron Wave+1","Pommel Strike","Thunderclap+1"],"picked":"SKIP","floor":19},{"not_picked":["Sword Boomerang","Hemokinesis"],"picked":"Wild Strike","floor":20},{"not_picked":["Rupture+1","Clash+1","Cleave"],"picked":"SKIP","floor":21}],"player_experience":969678,"relics_obtained":[{"floor":9,"key":"Pen Nib"},{"floor":13,"key":"Pantograph"}],"event_choices":[{"damage_healed":0,"gold_gain":0,"player_choice":"Donut","damage_taken":0,"max_hp_gain":5,"max_hp_loss":0,"event_name":"Big Fish","floor":3,"gold_loss":0},{"damage_healed":0,"gold_gain":0,"player_choice":"Entered Light","damage_taken":26,"max_hp_gain":0,"max_hp_loss":0,"event_name":"Shining Light","floor":4,"gold_loss":0,"cards_upgraded":["Strike_R","Strike_R"]},{"damage_healed":0,"gold_gain":0,"player_choice":"Forge","damage_taken":0,"max_hp_gain":0,"max_hp_loss":0,"event_name":"Accursed Blacksmith","floor":7,"gold_loss":0,"cards_upgraded":["Battle Trance"]}],"is_beta":true,"boss_relics":[{"not_picked":["Fusion Hammer","Empty Cage"],"picked":"Ectoplasm"}],"items_purged_floors":[],"is_endless":false,"potions_floor_spawned":[2,5,13,16,19,20],"killed_by":"Book of Stabbing","ascension_level":20}