{"gold_per_floor":[219,219,144,161,161,161,189,189,239,239,270,285,316,316,316,316],"floor_reached":16,"playtime":382,"items_purged":[],"score":232,"play_id":"32c45430-2447-4344-90fc-e6368f991897","local_time":"20190922144218","is_ascension_mode":true,"campfire_choices":[{"data":"Anger","floor":6,"key":"SMITH"},{"data":"Bash","floor":8,"key":"SMITH"},{"floor":10,"key":"REST"},{"floor":15,"key":"REST"}],"neow_cost":"NONE","seed_source_timestamp":484147568946600,"circlet_count":0,"master_deck":["AscendersBane","Strike_R","Strike_R","Strike_R","Strike_R","Defend_R","Defend_R","Defend_R","Defend_R","Bash+1","Uppercut+1","Anger+1","Rage","Spot Weakness"],"relics":["Burning Blood","Juzu Bracelet","Mummified Hand","Orichalcum","Ancient Tea Set","Unceasing Top","Dodecahedron"],"potions_floor_usage":[7,11],"damage_taken":[{"damage":9,"enemies":"Jaw Worm","floor":1,"turns":5},{"damage":7,"enemies":"2 Louse","floor":4,"turns":4},{"damage":24,"enemies":"Gremlin Nob","floor":7,"turns":4},{"damage":18,"enemies":"Lagavulin","floor":11,"turns":4},{"damage":0,"enemies":"Cultist","floor":12,"turns":2},{"damage":23,"enemies":"3 Sentries","floor":13,"turns":9},{"damage":32,"enemies":"Slime Boss","floor":16,"turns":6}],"seed_played":"897931785529778519","potions_obtained":[{"floor":1,"key":"AttackPotion"},{"floor":7,"key":"Strength Potion"},{"floor":13,"key":"SmokeBomb"}],"is_trial":false,"path_per_floor":["M","?","?","M","?","R","E","R","T","R","E","M","E","?","R","B"],"character_chosen":"IRONCLAD","items_purchased":[],"campfire_rested":2,"item_purchase_floors":[],"current_hp_per_floor":[65,65,65,64,64,64,46,46,46,68,56,62,45,19,41,9],"gold":316,"neow_bonus":"HUNDRED_GOLD","is_prod":false,"is_daily":false,"chose_seed":false,"campfire_upgraded":2,"win_rate":0,"timestamp":1569188538,"path_taken":["M","?","?","M","?","R","E","R","T","R","E","M","E","?","R","BOSS"],"build_version":"2019-09-20","purchased_purges":0,"victory":false,"max_hp_per_floor":[75,75,75,75,75,75,75,75,75,75,75,75,75,75,75,75],"card_choices":[{"not_picked":["Whirlwind","Corruption"],"picked":"Uppercut","floor":1},{"not_picked":["Thunderclap","Rage"],"picked":"Anger","floor":4},{"not_picked":["Havoc","Pummel","Whirlwind"],"picked":"SKIP","floor":7},{"not_picked":["Armaments","Shockwave"],"picked":"Rage","floor":11},{"not_picked":["Warcry","Feel No Pain"],"picked":"Spot Weakness","floor":12},{"not_picked":["Shockwave","Thunderclap","Headbutt"],"picked":"SKIP","floor":13}],"player_experience":969296,"relics_obtained":[{"floor":5,"key":"Juzu Bracelet"},{"floor":7,"key":"Mummified Hand"},{"floor":9,"key":"Orichalcum"},{"floor":11,"key":"Ancient Tea Set"},{"floor":13,"key":"Unceasing Top"}],"event_choices":[{"damage_healed":0,"gold_gain":0,"player_choice":"Grow","damage_taken":0,"max_hp_gain":0,"max_hp_loss":0,"event_name":"Living Wall","floor":2,"gold_loss":0,"cards_upgraded":["Uppercut"]},{"cards_removed":["Strike_R"],"damage_healed":0,"gold_gain":0,"player_choice":"Card Removal","damage_taken":0,"max_hp_gain":0,"max_hp_loss":0,"event_name":"The Cleric","floor":3,"gold_loss":75},{"damage_healed":0,"gold_gain":0,"player_choice":"Relic","damage_taken":0,"max_hp_gain":0,"max_hp_loss":0,"event_name":"Wheel of Change","floor":5,"gold_loss":0},{"damage_healed":0,"gold_gain":0,"player_choice":"Success","damage_taken":26,"relics_obtained":["Dodecahedron"],"max_hp_gain":0,"max_hp_loss":0,"event_name":"Scrap Ooze","floor":14,"gold_loss":0}],"is_beta":true,"boss_relics":[],"items_purged_floors":[],"is_endless":false,"potions_floor_spawned":[1,7,13],"killed_by":"Slime Boss","ascension_level":20}