{"gold_per_floor":[112,112,187,199,213,213,213,238,238,264,284,296,86,105,105,105],"floor_reached":16,"playtime":639,"items_purged":["Strike_R"],"score":224,"play_id":"f7517e36-7d8f-44c1-91a3-f8eade66a74a","local_time":"20190917004206","is_ascension_mode":true,"campfire_choices":[{"data":"Bash","floor":6,"key":"SMITH"},{"floor":15,"key":"REST"}],"neow_cost":"NONE","seed_source_timestamp":1473854392000,"circlet_count":0,"master_deck":["AscendersBane","Strike_R","Strike_R","Strike_R","Defend_R","Defend_R","Defend_R","Defend_R","Bash+1","Headbutt","Pummel","Feel No Pain","Juggernaut","Uppercut","True Grit","Exhume","Wild Strike","Battle Trance","Armaments","Headbutt"],"relics":["Burning Blood","Prayer Wheel","Gremlin Horn","Kunai"],"potions_floor_usage":[8,14,16,16],"damage_taken":[{"damage":12,"enemies":"Jaw Worm","floor":1,"turns":3},{"damage":1,"enemies":"2 Louse","floor":4,"turns":4},{"damage":2,"enemies":"Cultist","floor":5,"turns":4},{"damage":17,"enemies":"3 Sentries","floor":8,"turns":15},{"damage":45,"enemies":"Lagavulin","floor":10,"turns":9},{"damage":1,"enemies":"3 Louse","floor":11,"turns":4},{"damage":26,"enemies":"Large Slime","floor":12,"turns":8},{"damage":7,"enemies":"2 Fungi Beasts","floor":14,"turns":3},{"damage":43,"enemies":"Slime Boss","floor":16,"turns":5}],"seed_played":"1638410530672059150","potions_obtained":[{"floor":4,"key":"Regen Potion"},{"floor":11,"key":"FearPotion"},{"floor":12,"key":"LiquidBronze"},{"floor":14,"key":"Strength Potion"}],"is_trial":false,"path_per_floor":["M","?","?","M","M","R","?","E","T","E","M","M","$","M","R","B"],"character_chosen":"IRONCLAD","items_purchased":["Battle Trance","Armaments"],"campfire_rested":1,"item_purchase_floors":[13,13],"current_hp_per_floor":[69,62,51,56,60,60,60,64,64,25,30,10,10,9,33,0],"gold":105,"neow_bonus":"TEN_PERCENT_HP_BONUS","is_prod":false,"is_daily":false,"chose_seed":false,"campfire_upgraded":1,"win_rate":0,"timestamp":1568706126,"path_taken":["M","?","?","M","M","R","?","E","T","E","M","?","$","M","R","BOSS"],"build_version":"2019-07-17","purchased_purges":1,"victory":false,"max_hp_per_floor":[82,82,82,82,82,82,82,82,82,82,82,82,82,82,82,82],"card_choices":[{"not_picked":["Flex","Dual Wield"],"picked":"Headbutt","floor":1},{"not_picked":["Iron Wave","Body Slam"],"picked":"Pummel","floor":4},{"not_picked":["Iron Wave","Sword Boomerang"],"picked":"Feel No Pain","floor":5},{"not_picked":["Warcry","Inflame"],"picked":"Juggernaut","floor":8},{"not_picked":["Thunderclap","Whirlwind"],"picked":"Uppercut","floor":10},{"not_picked":["Carnage","Twin Strike"],"picked":"True Grit","floor":11},{"not_picked":["Perfected Strike","Warcry","Sword Boomerang"],"picked":"SKIP","floor":11},{"not_picked":["Warcry","Twin Strike"],"picked":"Exhume","floor":12},{"not_picked":["Infernal Blade","Twin Strike"],"picked":"Wild Strike","floor":12},{"not_picked":["Flex","Uppercut"],"picked":"Headbutt","floor":14},{"not_picked":["Pommel Strike","Rupture","Burning Pact"],"picked":"SKIP","floor":14}],"player_experience":800000,"relics_obtained":[{"floor":8,"key":"Prayer Wheel"},{"floor":9,"key":"Gremlin Horn"},{"floor":10,"key":"Kunai"}],"event_choices":[{"cards_removed":["Strike_R"],"damage_healed":0,"gold_gain":0,"player_choice":"Card Removal","damage_taken":7,"max_hp_gain":0,"max_hp_loss":0,"event_name":"Golden Wing","floor":2,"gold_loss":0},{"damage_healed":0,"gold_gain":75,"player_choice":"Gather Gold","damage_taken":11,"max_hp_gain":0,"max_hp_loss":0,"event_name":"World of Goop","floor":3,"gold_loss":0},{"damage_healed":0,"gold_gain":0,"player_choice":"Ignored","damage_taken":0,"max_hp_gain":0,"max_hp_loss":0,"event_name":"Liars Game","floor":7,"gold_loss":0}],"is_beta":false,"boss_relics":[],"items_purged_floors":[13],"is_endless":false,"potions_floor_spawned":[4,11,12,14],"killed_by":"Slime Boss","ascension_level":20}