{"gold_per_floor":[110,110,110,185,210,210,6,30,30,45,70,84,97,122,122,250,250,271,194,212,212,31,31,46,81,107,121,121],"floor_reached":28,"playtime":1922,"items_purged":[],"score":234,"play_id":"910e50cf-80ce-4aec-9418-55b97f92ede6","local_time":"20180628013442","is_ascension_mode":false,"campfire_choices":[{"data":"Rip and Tear","floor":6,"key":"SMITH"},{"floor":15,"key":"REST"},{"data":"Creative AI","floor":23,"key":"SMITH"}],"neow_cost":"NONE","seed_source_timestamp":44696596966415,"circlet_count":0,"master_deck":["Strike_B+1","Strike_B+1","Strike_B+1","Strike_B+1","Defend_B+1","Defend_B+1","Defend_B+1","Defend_B+1","Zap","Dualcast","Cold Snap","Injury","Rip and Tear+1","Leap","Gash","Chill","Storm","Streamline","Turbo","Coolheaded","Hyperbeam","Sunder","J.A.X.","Creative AI+1","Glacier","Gash","Genetic Algorithm","Steam","Auto Shields"],"relics":["Cracked Core","Golden Idol","Vajra","Mercury Hourglass","Runic Pyramid","Boot","Prayer Wheel","DataDisk"],"potions_floor_usage":[13,16,20,24,25],"damage_taken":[{"damage":1,"enemies":"Jaw Worm","floor":1,"turns":3},{"damage":0,"enemies":"Small Slimes","floor":5,"turns":2},{"damage":0,"enemies":"2 Louse","floor":8,"turns":3},{"damage":7,"enemies":"Blue Slaver","floor":10,"turns":3},{"damage":0,"enemies":"3 Louse","floor":11,"turns":3},{"damage":0,"enemies":"2 Fungi Beasts","floor":12,"turns":2},{"damage":10,"enemies":"Looter","floor":13,"turns":2},{"damage":0,"enemies":"Blue Slaver","floor":14,"turns":2},{"damage":25,"enemies":"The Guardian","floor":16,"turns":12},{"damage":24,"enemies":"Chosen","floor":18,"turns":5},{"damage":0,"enemies":"Spheric Guardian","floor":20,"turns":3},{"damage":17,"enemies":"Snake Plant","floor":24,"turns":3},{"damage":33,"enemies":"Gremlin Leader","floor":25,"turns":9},{"damage":6,"enemies":"Centurion and Healer","floor":27,"turns":7},{"damage":8,"enemies":"Slavers","floor":28,"turns":1}],"seed_played":"7959625522838082158","potions_obtained":[{"floor":5,"key":"Poison Potion"},{"floor":10,"key":"LiquidBronze"},{"floor":16,"key":"Energy Potion"},{"floor":18,"key":"Block Potion"},{"floor":24,"key":"Explosive Potion"}],"is_trial":false,"path_per_floor":["M","?","?","?","M","R","$","M","T","M","M","M","M","M","R","B",null,"M","?","M","?","$","R","M","E","T","M"],"character_chosen":"DEFECT","items_purchased":["Vajra","Leap","Boot","Glacier"],"campfire_rested":1,"item_purchase_floors":[7,7,22,22],"current_hp_per_floor":[81,81,65,54,54,54,54,54,54,47,47,47,37,37,61,36,82,58,58,58,58,58,58,41,8,8,2,0],"gold":121,"neow_bonus":"TEN_PERCENT_HP_BONUS","is_prod":false,"is_daily":false,"chose_seed":false,"campfire_upgraded":2,"win_rate":0.0,"timestamp":1530164082,"path_taken":["M","?","?","?","M","R","?","M","T","?","M","M","?","M","R","BOSS","M","?","M","?","$","R","M","E","T","M","E"],"build_version":"2018-06-21v2","purchased_purges":0,"victory":false,"max_hp_per_floor":[82,82,82,82,82,82,82,82,82,82,82,82,82,82,82,82,82,82,82,82,82,82,82,82,82,82,82,82],"card_choices":[{"not_picked":["Conserve Battery","Coolheaded"],"picked":"Cold Snap","floor":1},{"not_picked":["Recycle","BootSequence"],"picked":"Rip and Tear","floor":5},{"not_picked":["Undo","Hologram"],"picked":"Gash","floor":8},{"not_picked":["Consume","Rebound"],"picked":"Chill","floor":10},{"not_picked":["Coolheaded","Rebound"],"picked":"Storm","floor":11},{"not_picked":["Cold Snap","Steam"],"picked":"Streamline","floor":12},{"not_picked":["Heatsinks","Stack"],"picked":"Turbo","floor":13},{"not_picked":["Double Energy","Compile Driver"],"picked":"Coolheaded","floor":14},{"not_picked":["Amplify","Multi-Cast"],"picked":"Hyperbeam","floor":16},{"not_picked":["Stack","Rebound"],"picked":"Sunder","floor":18},{"not_picked":["Rip and Tear+1","Compile Driver+1"],"picked":"Creative AI","floor":20},{"not_picked":["FTL","Conserve Battery"],"picked":"Gash","floor":24},{"not_picked":["Recycle","Steam"],"picked":"Genetic Algorithm","floor":25},{"not_picked":["Leap","Redo"],"picked":"Steam","floor":27},{"not_picked":["Hologram+1","Coolheaded"],"picked":"Auto Shields","floor":27}],"player_experience":244563,"relics_obtained":[{"floor":9,"key":"Mercury Hourglass"},{"floor":25,"key":"Prayer Wheel"},{"floor":26,"key":"DataDisk"}],"event_choices":[{"event_name":"Golden Idol","player_choice":"Take Wound","floor":2,"damage_taken":0},{"event_name":"Shining Light","player_choice":"Entered Light","floor":3,"damage_taken":0},{"event_name":"World of Goop","player_choice":"Gather Gold","floor":4,"damage_taken":0},{"event_name":"Drug Dealer","player_choice":"Got JAXXED","floor":19,"damage_taken":0},{"event_name":"Back to Basics","player_choice":"Simplicity","floor":21,"damage_taken":0}],"boss_relics":[{"not_picked":["Ectoplasm","Busted Crown"],"picked":"Runic Pyramid"}],"items_purged_floors":[],"is_endless":false,"potions_floor_spawned":[5,10,11,12,16,18,24],"killed_by":"Slavers","ascension_level":0}