{"gold_per_floor":[116,126,126,29,29,29,60,73,73,73,93,93,117,150,150,240,240,264,190,210,233,257,300,300,300,300,316,316,337,372,213,213,213],"floor_reached":33,"playtime":886,"items_purged":[],"score":694,"play_id":"8894dc61-38a1-4a75-8e10-c6182ca13b7d","local_time":"20190922131210","is_ascension_mode":true,"campfire_choices":[{"data":"Perfected Strike","floor":6.0,"key":"SMITH"},{"data":"Evolve","floor":10.0,"key":"SMITH"},{"data":"Perfected Strike","floor":12.0,"key":"SMITH"},{"floor":15.0,"key":"REST"},{"floor":24.0,"key":"REST"},{"data":"Perfected Strike","floor":28.0,"key":"SMITH"},{"floor":32.0,"key":"REST"}],"neow_cost":"NONE","seed_source_timestamp":478154966616200,"circlet_count":0,"master_deck":["AscendersBane","Strike_R","Strike_R","Strike_R","Strike_R","Strike_R","Defend_R","Defend_R","Defend_R","Defend_R","Bash","Wild Strike","Second Wind","Evolve+1","Perfected Strike+1","Shrug It Off","Twin Strike","Perfected Strike+1","Perfected Strike+1","Flame Barrier","Feel No Pain","Disarm","Wild Strike+1","Shrug It Off","Twin Strike","Power Through","Evolve","Barricade"],"special_seed":0,"relics":["Burning Blood","Vajra","Golden Idol","Mummified Hand","Bronze Scales","Nunchaku","Mark of Pain","Bag of Marbles","NlothsMask","Girya"],"potions_floor_usage":[33],"damage_taken":[{"damage":10.0,"enemies":"Small Slimes","floor":1.0,"turns":5.0},{"damage":9.0,"enemies":"Jaw Worm","floor":2.0,"turns":3.0},{"damage":26.0,"enemies":"Gremlin Nob","floor":7.0,"turns":4.0},{"damage":2.0,"enemies":"2 Louse","floor":8.0,"turns":6.0},{"damage":12.0,"enemies":"Gremlin Gang","floor":11.0,"turns":4.0},{"damage":7.0,"enemies":"2 Fungi Beasts","floor":13.0,"turns":3.0},{"damage":15.0,"enemies":"3 Sentries","floor":14.0,"turns":6.0},{"damage":0.0,"enemies":"Slime Boss","floor":16.0,"turns":7.0},{"damage":0.0,"enemies":"Chosen","floor":18.0,"turns":3.0},{"damage":3.0,"enemies":"3 Byrds","floor":20.0,"turns":2.0},{"damage":20.0,"enemies":"Snake Plant","floor":21.0,"turns":3.0},{"damage":25.0,"enemies":"Shelled Parasite and Fungi","floor":22.0,"turns":6.0},{"damage":33.0,"enemies":"Gremlin Leader","floor":23.0,"turns":5.0},{"damage":11.0,"enemies":"Centurion and Healer","floor":27.0,"turns":4.0},{"damage":0.0,"enemies":"Sentry and Sphere","floor":29.0,"turns":3.0},{"damage":21.0,"enemies":"Book of Stabbing","floor":30.0,"turns":4.0},{"damage":73,"enemies":"Automaton","floor":33,"turns":8}],"seed_played":"-2628738008500795181","potions_obtained":[{"floor":7.0,"key":"Regen Potion"},{"floor":8.0,"key":"SpeedPotion"},{"floor":11.0,"key":"Weak Potion"},{"floor":21.0,"key":"PowerPotion"},{"floor":27.0,"key":"SneckoOil"}],"is_trial":false,"path_per_floor":["M","M","?","$","?","R","E","M","T","R","M","R","M","E","R","B",null,"M","$","M","M","M","E","R","?","T","M","R","M","E","$","R","B"],"character_chosen":"IRONCLAD","items_purchased":["Evolve","Perfected Strike","Feel No Pain","Barricade","Regen Potion"],"campfire_rested":3,"item_purchase_floors":[4,4,19,31,31],"current_hp_per_floor":[64,61,66,66,38,38,18,37,37,37,31,31,30,21,45,51,73,79,79,80,66,47,20,44,44,44,39,39,45,30,30,54,0],"gold":213,"neow_bonus":"RANDOM_COMMON_RELIC","is_prod":false,"is_daily":false,"chose_seed":false,"campfire_upgraded":4,"win_rate":0,"timestamp":1569183130,"path_taken":["M","M","?","$","?","R","E","M","T","R","M","R","M","E","R","BOSS","M","$","M","M","M","E","R","?","T","M","R","M","E","$","R","BOSS"],"build_version":"2019-09-20","purchased_purges":0,"victory":false,"max_hp_per_floor":[75,75,80,80,80,80,80,80,80,80,80,80,80,80,80,80,80,80,80,80,80,80,80,80,80,80,80,80,80,80,80,80,80],"card_choices":[{"not_picked":["Body Slam","Dual Wield"],"picked":"Wild Strike","floor":1.0},{"not_picked":["Blood for Blood","Warcry"],"picked":"Second Wind","floor":2.0},{"not_picked":["Havoc","True Grit"],"picked":"Shrug It Off","floor":7.0},{"not_picked":["Blood for Blood","Rage"],"picked":"Twin Strike","floor":8.0},{"not_picked":["Seeing Red","Clash"],"picked":"Perfected Strike","floor":11.0},{"not_picked":["Anger","Pummel","Whirlwind"],"picked":"SKIP","floor":13.0},{"not_picked":["Cleave","Warcry"],"picked":"Perfected Strike","floor":14.0},{"not_picked":["Whirlwind+1","Rampage+1"],"picked":"Flame Barrier","floor":18.0},{"not_picked":["Metallicize","Cleave"],"picked":"Disarm","floor":20.0},{"not_picked":["Ghostly Armor","Blood for Blood","Clash+1"],"picked":"SKIP","floor":21.0},{"not_picked":["Spot Weakness+1","Shrug It Off"],"picked":"Wild Strike+1","floor":22.0},{"not_picked":["Headbutt+1","Thunderclap"],"picked":"Shrug It Off","floor":23.0},{"not_picked":["Pummel","Shrug It Off"],"picked":"Twin Strike","floor":27.0},{"not_picked":["Flex","Second Wind"],"picked":"Power Through","floor":29.0},{"not_picked":["Rage","Armaments"],"picked":"Evolve","floor":30.0}],"player_experience":963642,"relics_obtained":[{"floor":7.0,"key":"Mummified Hand"},{"floor":9.0,"key":"Bronze Scales"},{"floor":14.0,"key":"Nunchaku"},{"floor":23.0,"key":"Bag of Marbles"},{"floor":30.0,"key":"Girya"}],"event_choices":[{"damage_healed":0.0,"max_hp_gain":5.0,"max_hp_loss":0.0,"gold_gain":0.0,"event_name":"Big Fish","player_choice":"Donut","floor":3.0,"gold_loss":0.0,"damage_taken":0.0},{"damage_healed":0.0,"max_hp_gain":0.0,"max_hp_loss":0.0,"gold_gain":0.0,"event_name":"Golden Idol","player_choice":"Take Damage","floor":5.0,"gold_loss":0.0,"damage_taken":28.0,"relics_obtained":["Golden Idol"]},{"damage_healed":0.0,"max_hp_gain":0.0,"max_hp_loss":0.0,"gold_gain":0.0,"event_name":"FaceTrader","player_choice":"Trade","floor":25.0,"gold_loss":0.0,"damage_taken":0.0,"relics_obtained":["NlothsMask"]}],"is_beta":true,"boss_relics":[{"not_picked":["Runic Dome","Empty Cage"],"picked":"Mark of Pain"}],"items_purged_floors":[],"is_endless":false,"potions_floor_spawned":[7,8,11,14,18,21,27],"killed_by":"Automaton","ascension_level":20}