{"gold_per_floor":[114,10,25,40,55,55,55,55,55,55,70,85,85,115,115,215,215,230,245,245,245,260,260,275,275,300,330,3,18,33,33,33,133,133,148,163,178,0,0,0,0],"floor_reached":41,"playtime":2378,"items_purged":[],"score":490,"play_id":"6eda3acb-0bce-4bef-bcc6-af2e87e3008f","local_time":"20180718071427","daily_mods":["Heirloom","Uncertain Future","Binary"],"is_ascension_mode":false,"campfire_choices":[{"data":"Dualcast","floor":6,"key":"SMITH"},{"data":"White Noise","floor":8,"key":"SMITH"},{"data":"Double Energy","floor":15,"key":"SMITH"},{"floor":23,"key":"REST"},{"data":"Electrodynamics","floor":25,"key":"SMITH"},{"data":"Zap","floor":32,"key":"SMITH"},{"floor":40,"key":"REST"}],"neow_cost":"","seed_source_timestamp":0,"circlet_count":0,"master_deck":["Defend_B","Defend_B","Defend_B","Defend_B","Zap+1","Dualcast+1","Darkness","Defragment","Ball Lightning+1","Gash","BootSequence","Steam","White Noise+1","Parasite","Self Repair","Double Energy+1","Conserve Battery","Electrodynamics+1","Loop","Cold Snap","Bite","Bite","Bite","Bite","Bite","Skim","Capacitor","Doom and Gloom+1","Turbo+1","Flash of Steel","Gash","Reprogram+1","Streamline","Seek+1","Ball Lightning","Steam+1","Cold Snap+1"],"special_seed":17730,"relics":["Cracked Core","Unceasing Top","Whetstone","Bronze Scales","Nuclear Battery","Nilry\u0027s Codex","Anchor","Toxic Egg 2","Strawberry","Black Star","Red Mask"],"potions_floor_usage":[4,14,16,29,33,33,36,41],"damage_taken":[{"damage":1,"enemies":"Small Slimes","floor":1,"turns":3},{"damage":15,"enemies":"2 Louse","floor":3,"turns":3},{"damage":1,"enemies":"Jaw Worm","floor":4,"turns":2},{"damage":0,"enemies":"Blue Slaver","floor":5,"turns":3},{"damage":0,"enemies":"Large Slime","floor":11,"turns":3},{"damage":0,"enemies":"3 Louse","floor":12,"turns":3},{"damage":2,"enemies":"3 Sentries","floor":14,"turns":6},{"damage":39,"enemies":"The Guardian","floor":16,"turns":8},{"damage":11,"enemies":"Shell Parasite","floor":18,"turns":4},{"damage":20,"enemies":"2 Thieves","floor":19,"turns":3},{"damage":22,"enemies":"Snake Plant","floor":22,"turns":3},{"damage":3,"enemies":"3 Cultists","floor":24,"turns":4},{"damage":57,"enemies":"Gremlin Leader","floor":27,"turns":8},{"damage":3,"enemies":"Snecko","floor":29,"turns":3},{"damage":0,"enemies":"Centurion and Healer","floor":30,"turns":4},{"damage":64,"enemies":"Champ","floor":33,"turns":10},{"damage":24,"enemies":"3 Darklings","floor":35,"turns":4},{"damage":8,"enemies":"Orb Walker","floor":36,"turns":3},{"damage":33,"enemies":"4 Shapes","floor":37,"turns":6},{"damage":37,"enemies":"Nemesis","floor":41,"turns":5}],"seed_played":"-3893125077617489196","potions_obtained":[{"floor":1,"key":"Regen Potion"},{"floor":5,"key":"Poison Potion"},{"floor":12,"key":"SkillPotion"},{"floor":24,"key":"SpeedPotion"},{"floor":27,"key":"FearPotion"},{"floor":30,"key":"Regen Potion"},{"floor":33,"key":"FearPotion"},{"floor":37,"key":"Explosive Potion"}],"is_trial":false,"path_per_floor":["M","$","M","M","M","R","?","R","T","?","M","M","?","E","R","B",null,"M","M","?","?","M","R","M","R","T","E","$","M","M","?","R","B",null,"M","M","M","?","$","R"],"character_chosen":"DEFECT","items_purchased":["Defragment","Ball Lightning","Strawberry","Turbo+1","Flash of Steel","Gash"],"campfire_rested":2,"item_purchase_floors":[2,2,28,28,28,28],"current_hp_per_floor":[74,74,59,63,63,63,63,63,63,75,75,75,75,75,75,43,75,71,58,52,36,24,39,52,52,52,12,19,29,44,44,44,14,59,35,29,11,11,11,28,0],"gold":0,"neow_bonus":"","is_prod":false,"is_daily":true,"chose_seed":false,"campfire_upgraded":5,"win_rate":0.0,"timestamp":1531912467,"path_taken":["M","$","M","M","M","R","?","R","T","?","M","M","?","E","R","BOSS","M","M","?","?","M","R","M","R","T","E","$","M","M","?","R","BOSS","M","M","M","?","$","R","E"],"build_version":"2018-07-12","purchased_purges":0,"victory":false,"max_hp_per_floor":[75,75,75,75,75,75,75,75,75,75,75,75,75,75,75,75,75,75,75,52,52,52,52,52,52,52,52,59,59,59,59,59,59,59,59,59,59,59,59,59,59],"card_choices":[{"not_picked":["Recycle"],"picked":"Darkness","floor":1},{"not_picked":["Heatsinks"],"picked":"Gash","floor":3},{"not_picked":["Gash"],"picked":"BootSequence","floor":4},{"not_picked":["Gash"],"picked":"Steam","floor":5},{"not_picked":["Skim"],"picked":"Self Repair","floor":11},{"not_picked":["Reprogram"],"picked":"Double Energy","floor":12},{"not_picked":["Redo"],"picked":"Conserve Battery","floor":14},{"not_picked":["Thunder Strike"],"picked":"Electrodynamics","floor":16},{"not_picked":["Turbo+1"],"picked":"Loop","floor":18},{"not_picked":["Sweeping Beam"],"picked":"Cold Snap","floor":19},{"not_picked":["Compile Driver"],"picked":"Skim","floor":22},{"not_picked":["Steam+1"],"picked":"Capacitor","floor":24},{"not_picked":["Rebound+1"],"picked":"Doom and Gloom+1","floor":27},{"not_picked":["Steam+1"],"picked":"Reprogram+1","floor":29},{"not_picked":["Barrage"],"picked":"Streamline","floor":30},{"not_picked":["Hyperbeam"],"picked":"Seek+1","floor":33},{"not_picked":["Darkness+1"],"picked":"Ball Lightning","floor":35},{"not_picked":["Leap+1"],"picked":"Steam+1","floor":36},{"not_picked":["Rebound"],"picked":"Cold Snap+1","floor":37}],"player_experience":284744,"relics_obtained":[{"floor":9,"key":"Whetstone"},{"floor":14,"key":"Bronze Scales"},{"floor":21,"key":"Nilry\u0027s Codex"},{"floor":26,"key":"Anchor"},{"floor":27,"key":"Toxic Egg 2"}],"event_choices":[{"event_name":"Living Wall","player_choice":"Change","floor":7,"damage_taken":0},{"event_name":"Mushrooms","player_choice":"Healed and dodged fight","floor":10,"damage_taken":0},{"event_name":"The Cleric","player_choice":"Leave","floor":13,"damage_taken":0},{"event_name":"Vampires","player_choice":"Became a vampire","floor":20,"damage_taken":0},{"event_name":"Cursed Tome","player_choice":"Obtained Book","floor":21,"damage_taken":0},{"event_name":"Beggar","player_choice":"Ignored","floor":31,"damage_taken":0},{"event_name":"Tomb of Lord Red Mask","player_choice":"Paid","floor":38,"damage_taken":0}],"boss_relics":[{"not_picked":["Runic Pyramid","Coffee Dripper"],"picked":"Nuclear Battery"},{"not_picked":["Velvet Choker","Inserter"],"picked":"Black Star"}],"items_purged_floors":[],"is_endless":false,"potions_floor_spawned":[1,5,12,24,27,30,33,37],"killed_by":"Nemesis","ascension_level":0}