{"gold_per_floor":[114,214,214,229,244,274,274,289,344,359,374,374,16,31,31,131,131,146,146,146,161,186,186],"floor_reached":23,"playtime":1469,"items_purged":[],"score":243,"play_id":"aa0fd259-d629-4923-90e1-6a2ddb40262c","local_time":"20180628010132","daily_mods":["Allstar","Time Dilation","Night Terrors"],"is_ascension_mode":false,"campfire_choices":[{"data":"Limit Break","floor":12,"key":"SMITH"},{"data":"Barricade","floor":15,"key":"SMITH"}],"neow_cost":"","seed_source_timestamp":0,"circlet_count":0,"master_deck":["Bash","Mind Blast","Mind Blast","Swift Strike","Dark Shackles","Trip","Pommel Strike","Shrug It Off+1","Rupture","Sword Boomerang","Limit Break+1","Brutality","Pummel","Metallicize","Cleave","Transmutation","Clash","Barricade+1","Immolate","Dual Wield","Body Slam","Twin Strike","Hemokinesis","Ghostly Armor","Dropkick","Iron Wave","Armaments+1","Evolve","Bloodletting","RitualDagger","Feel No Pain"],"special_seed":17710,"relics":["Burning Blood","Singing Bowl","Tiny Chest","Pandora\u0027s Box","War Paint"],"potions_floor_usage":[6,6,16,16,18,21],"damage_taken":[{"damage":0,"enemies":"2 Louse","floor":1,"turns":2},{"damage":0,"enemies":"Cultist","floor":4,"turns":2},{"damage":0,"enemies":"Small Slimes","floor":5,"turns":2},{"damage":24,"enemies":"Gremlin Nob","floor":6,"turns":4},{"damage":0,"enemies":"Exordium Wildlife","floor":8,"turns":3},{"damage":8,"enemies":"3 Louse","floor":10,"turns":2},{"damage":3,"enemies":"2 Fungi Beasts","floor":11,"turns":3},{"damage":10,"enemies":"Looter","floor":14,"turns":2},{"damage":7,"enemies":"Slime Boss","floor":16,"turns":8},{"damage":36,"enemies":"Spheric Guardian","floor":18,"turns":6},{"damage":20,"enemies":"3 Byrds","floor":21,"turns":5},{"damage":18,"enemies":"Book of Stabbing","floor":23,"turns":2}],"seed_played":"8379956509153837283","potions_obtained":[{"floor":1,"key":"Poison Potion"},{"floor":5,"key":"AttackPotion"},{"floor":8,"key":"SpeedPotion"},{"floor":14,"key":"PowerPotion"},{"floor":16,"key":"GamblersBrew"},{"floor":18,"key":"AttackPotion"}],"is_trial":false,"path_per_floor":["M","?","?","M","M","E","?","M","T","M","M","R","$","M","R","B",null,"M","?","?","M","T"],"character_chosen":"IRONCLAD","items_purchased":["Metallicize","Cleave","Transmutation","Clash"],"campfire_rested":0,"item_purchase_floors":[13,13,13,13],"current_hp_per_floor":[80,80,80,80,80,62,62,68,68,66,69,69,69,65,65,64,80,50,44,29,15,15,0],"gold":186,"neow_bonus":"","is_prod":false,"is_daily":true,"chose_seed":false,"campfire_upgraded":2,"win_rate":0,"timestamp":1530162092,"path_taken":["M","?","?","M","M","E","?","?","T","M","M","R","$","M","R","BOSS","M","?","?","?","?","E"],"build_version":"2018-06-21v2","purchased_purges":0,"victory":false,"max_hp_per_floor":[80,80,80,80,80,80,80,80,80,80,80,80,80,80,80,80,80,80,80,85,85,85,85],"card_choices":[{"not_picked":["Body Slam","Clash"],"picked":"Pommel Strike","floor":1},{"not_picked":["Whirlwind","True Grit"],"picked":"Shrug It Off","floor":4},{"not_picked":["Entrench","Pommel Strike"],"picked":"Rupture","floor":5},{"not_picked":["Clothesline","Pummel"],"picked":"Sword Boomerang","floor":6},{"not_picked":["Headbutt","Second Wind"],"picked":"Limit Break","floor":8},{"not_picked":["Armaments","Headbutt"],"picked":"Brutality","floor":10},{"not_picked":["Twin Strike","Sever Soul"],"picked":"Pummel","floor":11},{"not_picked":["Perfected Strike","Thunderclap"],"picked":"Barricade","floor":14},{"not_picked":["Offering","Bludgeon"],"picked":"Immolate","floor":16},{"not_picked":["Wild Strike","Havoc"],"picked":"Bloodletting","floor":18},{"not_picked":["Iron Wave","Thunderclap"],"picked":"Feel No Pain","floor":21}],"player_experience":243094,"relics_obtained":[{"floor":6,"key":"Singing Bowl"},{"floor":9,"key":"Tiny Chest"},{"floor":22,"key":"War Paint"}],"event_choices":[{"event_name":"Wheel of Change","player_choice":"Gold","floor":2,"damage_taken":0},{"event_name":"The Cleric","player_choice":"Leave","floor":3,"damage_taken":0},{"event_name":"Golden Wing","player_choice":"Ignored","floor":7,"damage_taken":0},{"event_name":"Nest","player_choice":"Joined the Cult","floor":19,"damage_taken":0},{"event_name":"Forgotten Altar","player_choice":"Shed Blood","floor":20,"damage_taken":0}],"boss_relics":[{"not_picked":["Snecko Eye","Empty Cage"],"picked":"Pandora\u0027s Box"}],"items_purged_floors":[],"is_endless":false,"potions_floor_spawned":[1,5,8,10,14,16,18],"killed_by":"Book of Stabbing","ascension_level":0}