{"gold_per_floor":[110,185,185,19,30,30,55,68,68,88,108,108,108,148,148,148],"floor_reached":16,"playtime":593,"items_purged":[],"score":220,"play_id":"ef323e4e-693b-4546-98b4-d59a24441290","local_time":"20190923221026","is_ascension_mode":true,"campfire_choices":[{"floor":6,"key":"REST"},{"floor":12,"key":"REST"},{"data":"Crippling Poison","floor":15,"key":"SMITH"}],"neow_cost":"NONE","seed_source_timestamp":1080765778764500,"circlet_count":0,"master_deck":["AscendersBane","Strike_G","Strike_G","Strike_G","Strike_G","Strike_G","Defend_G","Defend_G","Defend_G","Defend_G","Defend_G","Survivor","Neutralize","Blade Dance","Noxious Fumes","Dagger Throw","Deadly Poison","Riddle With Holes","Dagger Spray","Footwork","PiercingWail","Poisoned Stab","Crippling Poison+1"],"relics":["Ring of the Snake","Oddly Smooth Stone","Ornamental Fan","Pear","Golden Idol","Strawberry"],"potions_floor_usage":[7,14,16],"damage_taken":[{"damage":9,"enemies":"Jaw Worm","floor":1,"turns":9},{"damage":6,"enemies":"Small Slimes","floor":5,"turns":4},{"damage":46,"enemies":"Lagavulin","floor":7,"turns":8},{"damage":2,"enemies":"Cultist","floor":8,"turns":4},{"damage":0,"enemies":"Looter","floor":10,"turns":4},{"damage":1,"enemies":"2 Fungi Beasts","floor":11,"turns":4},{"damage":17,"enemies":"Gremlin Nob","floor":14,"turns":4},{"damage":25,"enemies":"Hexaghost","floor":16,"turns":7}],"seed_played":"3894346284798525739","potions_obtained":[{"floor":3,"key":"SkillPotion"},{"floor":3,"key":"SpeedPotion"},{"floor":7,"key":"LiquidBronze"},{"floor":11,"key":"SteroidPotion"}],"is_trial":false,"path_per_floor":["M","?","?","$","M","R","E","M","T","M","M","R","?","E","R","B"],"character_chosen":"THE_SILENT","items_purchased":["Noxious Fumes","Dagger Throw","Deadly Poison"],"campfire_rested":2,"item_purchase_floors":[4,4,4],"current_hp_per_floor":[50,39,39,39,33,52,6,4,14,14,13,35,35,25,25,0],"gold":148,"neow_bonus":"RANDOM_COMMON_RELIC","is_prod":false,"is_daily":false,"chose_seed":false,"campfire_upgraded":1,"win_rate":0,"timestamp":1569301826,"path_taken":["M","?","?","$","M","R","E","M","T","M","?","R","?","E","R","BOSS"],"build_version":"2019-07-17","purchased_purges":0,"victory":false,"max_hp_per_floor":[66,66,66,66,66,66,66,66,76,76,76,76,69,76,76,76],"card_choices":[{"not_picked":["Tactician","Dodge and Roll"],"picked":"Blade Dance","floor":1},{"not_picked":["Prepared","Calculated Gamble"],"picked":"Riddle With Holes","floor":5},{"not_picked":["Cloak And Dagger","Infinite Blades"],"picked":"Dagger Spray","floor":7},{"not_picked":["Outmaneuver","Noxious Fumes"],"picked":"Footwork","floor":8},{"not_picked":["Terror","Blur"],"picked":"PiercingWail","floor":10},{"not_picked":["Phantasmal Killer","Slice"],"picked":"Poisoned Stab","floor":11},{"not_picked":["Deflect","Bane"],"picked":"Crippling Poison","floor":14}],"player_experience":1322483,"relics_obtained":[{"floor":7,"key":"Ornamental Fan"},{"floor":9,"key":"Pear"},{"floor":14,"key":"Strawberry"}],"event_choices":[{"damage_healed":0,"gold_gain":75,"player_choice":"Gather Gold","damage_taken":11,"max_hp_gain":0,"max_hp_loss":0,"event_name":"World of Goop","floor":2,"gold_loss":0},{"damage_healed":0,"gold_gain":0,"player_choice":"Got Potions","damage_taken":0,"max_hp_gain":0,"max_hp_loss":0,"event_name":"Lab","floor":3,"gold_loss":0},{"damage_healed":0,"gold_gain":0,"player_choice":"Lose Max HP","damage_taken":0,"relics_obtained":["Golden Idol"],"max_hp_gain":0,"max_hp_loss":7,"event_name":"Golden Idol","floor":13,"gold_loss":0}],"is_beta":false,"boss_relics":[],"items_purged_floors":[],"is_endless":false,"potions_floor_spawned":[7,8,11],"killed_by":"Hexaghost","ascension_level":20}