{"gold_per_floor":[119,130,130,143,155,155,185,199,199,199,227,239,251,281,293,378,390,422,447,459],"floor_reached":20,"playtime":701,"items_purged":[],"score":376,"play_id":"12cdd6d7-f60a-4020-8a10-5f30e408e785","local_time":"20190921102644","is_ascension_mode":true,"campfire_choices":[{"data":"Demon Form","floor":6.0,"key":"SMITH"},{"data":"Armaments","floor":10.0,"key":"SMITH"},{"data":"Rage","floor":13.0,"key":"SMITH"},{"floor":15.0,"key":"REST"}],"neow_cost":"NONE","seed_source_timestamp":382012712178300,"circlet_count":0,"master_deck":["AscendersBane","Strike_R","Strike_R","Strike_R","Strike_R","Strike_R","Defend_R","Defend_R","Defend_R","Defend_R","Bash","Armaments+1","Blood for Blood","Combust","Demon Form+1","Shockwave","Evolve","Rage+1","Fire Breathing","Berserk","Wild Strike"],"special_seed":0,"relics":["Burning Blood","Ancient Tea Set","StoneCalendar","Question Card","MawBank","Cursed Key"],"potions_floor_usage":[18,18,19],"damage_taken":[{"damage":17.0,"enemies":"Cultist","floor":1.0,"turns":5.0},{"damage":12.0,"enemies":"Jaw Worm","floor":2.0,"turns":4.0},{"damage":0.0,"enemies":"Small Slimes","floor":4.0,"turns":4.0},{"damage":19.0,"enemies":"3 Louse","floor":5.0,"turns":3.0},{"damage":17.0,"enemies":"Lagavulin","floor":7.0,"turns":8.0},{"damage":16.0,"enemies":"Red Slaver","floor":8.0,"turns":6.0},{"damage":25.0,"enemies":"3 Sentries","floor":11.0,"turns":6.0},{"damage":0.0,"enemies":"Gremlin Gang","floor":12.0,"turns":1.0},{"damage":4.0,"enemies":"Blue Slaver","floor":14.0,"turns":5.0},{"damage":27.0,"enemies":"The Guardian","floor":16.0,"turns":7.0},{"damage":29,"enemies":"3 Byrds","floor":18,"turns":5},{"damage":18,"enemies":"Chosen","floor":19,"turns":5},{"damage":28,"enemies":"Snake Plant","floor":20,"turns":3}],"seed_played":"-8616899113267886954","potions_obtained":[{"floor":2.0,"key":"Strength Potion"},{"floor":4.0,"key":"SmokeBomb"},{"floor":8.0,"key":"BloodPotion"},{"floor":14.0,"key":"Swift Potion"},{"floor":16.0,"key":"Swift Potion"},{"floor":18,"key":"AttackPotion"}],"is_trial":false,"path_per_floor":["M","M","?","M","M","R","E","M","T","R","E","M","R","M","R","B",null,"M","M","M"],"character_chosen":"IRONCLAD","items_purchased":[],"campfire_rested":1,"item_purchase_floors":[],"current_hp_per_floor":[57,51,51,57,44,44,33,23,23,23,19,25,25,27,49,28,63,40,28,0],"gold":459,"neow_bonus":"RANDOM_COMMON_RELIC","is_prod":false,"is_daily":false,"chose_seed":false,"campfire_upgraded":3,"win_rate":0,"timestamp":1569086804,"path_taken":["M","M","?","?","M","R","E","M","T","R","E","?","R","M","R","BOSS","M","M","M"],"build_version":"2019-09-20","purchased_purges":0,"victory":false,"max_hp_per_floor":[75,75,75,75,75,75,75,75,75,75,75,75,75,75,75,75,75,75,75,75],"card_choices":[{"not_picked":["Twin Strike","Infernal Blade","Bloodletting"],"picked":"SKIP","floor":1.0},{"not_picked":["Twin Strike","Infernal Blade"],"picked":"Bloodletting","floor":1.0},{"not_picked":["Twin Strike","Clash"],"picked":"Armaments","floor":2.0},{"not_picked":["Pommel Strike","Second Wind"],"picked":"Combust","floor":4.0},{"not_picked":["Pummel","Thunderclap"],"picked":"Demon Form","floor":5.0},{"not_picked":["Spot Weakness","Twin Strike"],"picked":"Shockwave","floor":7.0},{"not_picked":["Warcry","Havoc"],"picked":"Evolve","floor":8.0},{"not_picked":["Feel No Pain","Combust","Flex"],"picked":"Rage","floor":11.0},{"not_picked":["Iron Wave","Clash","Thunderclap"],"picked":"Fire Breathing","floor":14.0},{"not_picked":["Barricade","Dark Embrace","Brutality"],"picked":"Berserk","floor":16.0},{"not_picked":["Whirlwind","Sword Boomerang","Warcry"],"picked":"Wild Strike","floor":18},{"not_picked":["Sword Boomerang+1","Havoc","Cleave","Warcry"],"picked":"SKIP","floor":19}],"player_experience":909416,"relics_obtained":[{"floor":7.0,"key":"StoneCalendar"},{"floor":9.0,"key":"Question Card"},{"floor":11.0,"key":"MawBank"}],"event_choices":[{"damage_healed":0.0,"max_hp_gain":0.0,"max_hp_loss":0.0,"gold_gain":0.0,"cards_transformed":["Bloodletting"],"event_name":"Transmorgrifier","player_choice":"Transformed","floor":3.0,"gold_loss":0.0,"damage_taken":0.0,"cards_obtained":["Blood for Blood"]}],"is_beta":true,"boss_relics":[{"not_picked":["SacredBark","SlaversCollar"],"picked":"Cursed Key"}],"items_purged_floors":[],"is_endless":false,"potions_floor_spawned":[2,4,8,14,16,18],"killed_by":"Snake Plant","ascension_level":20}