{"gold_per_floor":[109,30,46,60,73,73,100,111,111,131,143,178,178,196,196,196],"floor_reached":16,"playtime":662,"items_purged":[],"score":232,"play_id":"d7398bda-8ebf-4319-89fe-7675c1280d8e","local_time":"20190912224744","is_ascension_mode":true,"campfire_choices":[{"data":"Armaments","floor":6.0,"key":"SMITH"},{"data":"Anger","floor":15,"key":"SMITH"}],"neow_cost":"NONE","seed_source_timestamp":52905016696300,"circlet_count":0,"master_deck":["AscendersBane","Strike_R","Strike_R","Strike_R","Strike_R","Strike_R","Defend_R","Defend_R","Defend_R","Defend_R","Bash","Headbutt","Anger+1","Armaments+1","Power Through","Shrug It Off","Flame Barrier","Flame Barrier","Power Through","Seeing Red"],"special_seed":0,"relics":["Burning Blood","Darkstone Periapt","Blue Candle","Champion Belt","Calipers"],"potions_floor_usage":[16,16],"damage_taken":[{"damage":12.0,"enemies":"Jaw Worm","floor":1.0,"turns":5.0},{"damage":13.0,"enemies":"Cultist","floor":3.0,"turns":5.0},{"damage":1.0,"enemies":"Small Slimes","floor":4.0,"turns":4.0},{"damage":19.0,"enemies":"3 Louse","floor":5.0,"turns":5.0},{"damage":29.0,"enemies":"3 Sentries","floor":7.0,"turns":11.0},{"damage":8.0,"enemies":"Blue Slaver","floor":8.0,"turns":4.0},{"damage":1.0,"enemies":"Exordium Thugs","floor":10.0,"turns":6.0},{"damage":2.0,"enemies":"Looter","floor":11.0,"turns":5.0},{"damage":48.0,"enemies":"Gremlin Nob","floor":12.0,"turns":5.0},{"damage":2,"enemies":"2 Fungi Beasts","floor":14,"turns":6},{"damage":18,"enemies":"Slime Boss","floor":16,"turns":8}],"seed_played":"-1586187666033066014","potions_obtained":[{"floor":5.0,"key":"BloodPotion"},{"floor":7.0,"key":"Strength Potion"},{"floor":10.0,"key":"Explosive Potion"},{"floor":14,"key":"PowerPotion"}],"is_trial":false,"path_per_floor":["M","?","M","M","M","R","E","M","T","M","M","E","?","M","R","B"],"character_chosen":"IRONCLAD","items_purchased":[],"campfire_rested":0,"item_purchase_floors":[],"current_hp_per_floor":[69,69,62,67,54,54,31,49,49,54,58,16,16,20,20,2],"gold":196,"neow_bonus":"TEN_PERCENT_HP_BONUS","is_prod":false,"is_daily":false,"chose_seed":false,"campfire_upgraded":2,"win_rate":0,"timestamp":1568353664,"path_taken":["M","?","M","M","M","R","E","M","T","?","M","E","?","M","R","BOSS"],"build_version":"2019-07-17","purchased_purges":0,"victory":false,"max_hp_per_floor":[82,82,82,82,82,82,82,82,82,82,82,82,82,82,82,82],"card_choices":[{"not_picked":["Cleave","Twin Strike"],"picked":"Headbutt","floor":1.0},{"not_picked":["Flex","Clash"],"picked":"Anger","floor":3.0},{"not_picked":["Shrug It Off","Headbutt"],"picked":"Armaments","floor":4.0},{"not_picked":["Rampage","Thunderclap"],"picked":"Power Through","floor":5.0},{"not_picked":["Bloodletting","Heavy Blade"],"picked":"Shrug It Off","floor":7.0},{"not_picked":["Burning Pact","Perfected Strike"],"picked":"Flame Barrier","floor":8.0},{"not_picked":["Armaments","Shrug It Off"],"picked":"Flame Barrier","floor":10.0},{"not_picked":["Iron Wave","Perfected Strike","Combust"],"picked":"SKIP","floor":11.0},{"not_picked":["Clothesline","Wild Strike"],"picked":"Power Through","floor":12.0},{"not_picked":["Iron Wave","Sword Boomerang"],"picked":"Seeing Red","floor":14}],"player_experience":725639,"relics_obtained":[{"floor":7.0,"key":"Blue Candle"},{"floor":9.0,"key":"Champion Belt"},{"floor":12.0,"key":"Calipers"}],"event_choices":[{"damage_healed":0.0,"max_hp_gain":0.0,"max_hp_loss":0.0,"gold_gain":0.0,"event_name":"WeMeetAgain","player_choice":"Paid Gold","floor":2.0,"gold_loss":79.0,"damage_taken":0.0,"relics_obtained":["Darkstone Periapt"]},{"damage_healed":0,"gold_gain":0,"player_choice":"Searched \u00270\u0027 times","damage_taken":0,"max_hp_gain":0,"max_hp_loss":0,"event_name":"Dead Adventurer","floor":13,"gold_loss":0}],"is_beta":false,"boss_relics":[],"items_purged_floors":[],"is_endless":false,"potions_floor_spawned":[5,7,10,14],"killed_by":"Slime Boss","ascension_level":20}