{"path_per_floor":["M","M","$","M","M","E","M","?","T","?","$","M","M","M","R","B",null,"M","M","$","?","?","E","$","R","T","R","?","R"],"character_chosen":"DEFECT","items_purchased":["Self Repair","Redo","Dramatic Entrance","War Paint","Hello World","Sweeping Beam"],"gold_per_floor":[117,136,20,33,47,80,93,93,93,123,21,40,61,75,75,203,241,209,233,6,6,6,41,18,18,18,18,18,18,18],"floor_reached":30,"campfire_rested":1,"playtime":4767,"item_purchase_floors":[3,3,11,20,20,24],"current_hp_per_floor":[74,74,74,75,54,14,14,14,24,24,24,25,21,19,44,34,90,70,64,64,64,64,32,32,32,32,32,32,32,0],"items_purged":[],"gold":18,"score":275,"play_id":"6bcf0472-c519-427a-a0b9-333b51fd6238","local_time":"20180601005546","is_prod":false,"is_daily":false,"chose_seed":false,"is_ascension_mode":false,"campfire_upgraded":3,"win_rate":0.0,"timestamp":1527828946,"campfire_choices":[{"floor":15,"key":"REST"},{"data":"Self Repair","floor":25,"key":"SMITH"},{"data":"Hello World","floor":27,"key":"SMITH"},{"data":"Defragment","floor":29,"key":"SMITH"}],"path_taken":["M","M","$","M","M","E","M","?","T","?","?","M","M","M","R","BOSS","M","M","$","?","?","E","$","R","T","R","?","R","?"],"build_version":"2018-05-31","seed_source_timestamp":29245692286268,"purchased_purges":0,"victory":false,"master_deck":["Strike_B+1","Strike_B+1","Strike_B+1","Strike_B+1","Defend_B+1","Defend_B+1","Defend_B+1","Defend_B+1","Zap","Dualcast","Glacier","Redo+1","Self Repair+1","Redo+1","Stack","Electrodynamics","Sweeping Beam","Chill","Injury","Dramatic Entrance","Loop","Barrage","Force Field","Fission","Go for the Eyes","Loop+1","Conserve Battery","Hello World+1","Defragment+1","Sweeping Beam"],"max_hp_per_floor":[75,75,75,75,75,75,75,75,85,85,85,85,85,85,85,85,90,90,90,90,90,90,90,90,90,90,90,90,90,90],"relics":["Cracked Core","Orichalcum","Golden Idol","Pear","Tiny House","War Paint","Potion Belt","Mummified Hand"],"card_choices":[{"not_picked":["Steam","Coolheaded"],"picked":"Glacier","floor":1},{"not_picked":["Genetic Algorithm","Go for the Eyes"],"picked":"Redo","floor":2},{"not_picked":["Gash","Chill"],"picked":"Stack","floor":4},{"not_picked":["Barrage","Hologram"],"picked":"Electrodynamics","floor":5},{"not_picked":["Gash","Barrage"],"picked":"Sweeping Beam","floor":6},{"not_picked":["Scrape","Multi-Cast"],"picked":"Chill","floor":7},{"not_picked":["Leap","Streamline"],"picked":"Loop","floor":12},{"not_picked":["Go for the Eyes","Leap"],"picked":"Barrage","floor":13},{"not_picked":["Stack","Streamline"],"picked":"Force Field","floor":14},{"not_picked":["Machine Learning","Electrodynamics"],"picked":"Fission","floor":16},{"not_picked":["Leap","Stack"],"picked":"Go for the Eyes","floor":17},{"not_picked":["Compile Driver+1","Steam+1"],"picked":"Loop+1","floor":18},{"not_picked":["Force Field","Chill"],"picked":"Conserve Battery","floor":19},{"not_picked":["Gash+1","BootSequence"],"picked":"Defragment","floor":23}],"player_experience":143163,"potions_floor_usage":[16,16,16],"damage_taken":[{"damage":1,"enemies":"Cultist","floor":1,"turns":3},{"damage":0,"enemies":"2 Louse","floor":2,"turns":3},{"damage":6,"enemies":"Jaw Worm","floor":4,"turns":3},{"damage":28,"enemies":"Exordium Thugs","floor":5,"turns":8},{"damage":47,"enemies":"Gremlin Nob","floor":6,"turns":6},{"damage":0,"enemies":"Gremlin Gang","floor":7,"turns":3},{"damage":6,"enemies":"Exordium Wildlife","floor":12,"turns":3},{"damage":4,"enemies":"Lots of Slimes","floor":13,"turns":2},{"damage":9,"enemies":"Blue Slaver","floor":14,"turns":3},{"damage":32,"enemies":"Hexaghost","floor":16,"turns":16},{"damage":27,"enemies":"2 Thieves","floor":18,"turns":5},{"damage":13,"enemies":"3 Byrds","floor":19,"turns":3},{"damage":39,"enemies":"Gremlin Leader","floor":23,"turns":11},{"damage":37,"enemies":"3 Cultists","floor":30,"turns":4}],"relics_obtained":[{"floor":6,"key":"Orichalcum"},{"floor":9,"key":"Pear"},{"floor":23,"key":"Potion Belt"},{"floor":26,"key":"Mummified Hand"}],"event_choices":[{"event_name":"Golden Idol","player_choice":"Take Wound","floor":8,"damage_taken":0},{"event_name":"Dead Adventurer","player_choice":"Searched \u00271\u0027 times","floor":10,"damage_taken":0},{"event_name":"Addict","player_choice":"Ignored","floor":21,"damage_taken":0},{"event_name":"Drug Dealer","player_choice":"Ignored","floor":22,"damage_taken":0},{"event_name":"Back to Basics","player_choice":"Simplicity","floor":28,"damage_taken":0}],"boss_relics":[{"not_picked":["Black Star","Snecko Eye"],"picked":"Tiny House"}],"items_purged_floors":[],"potions_floor_spawned":[6,12,13,16,18,23],"seed_played":"6647853771056864955","killed_by":"3 Cultists","ascension_level":0,"potions_obtained":[{"floor":6,"key":"Weak Potion"},{"floor":12,"key":"GamblersBrew"},{"floor":13,"key":"Regen Potion"},{"floor":16,"key":"SkillPotion"},{"floor":17,"key":"Swift Potion"},{"floor":18,"key":"Fire Potion"},{"floor":23,"key":"FearPotion"}],"is_trial":false}