{"gold_per_floor":[110,123,123,48,13,13,47,139,177,200,231,243,83,111,111,188,188,200,218,118,128,9,9,39,56,83,108,108,108,108],"floor_reached":30,"playtime":869,"items_purged":["Strike_R","Strike_R"],"score":552,"play_id":"a21d93bc-74ea-44d9-a6e6-98d31c00494a","local_time":"20190922120727","is_ascension_mode":true,"campfire_choices":[{"data":"Clothesline","floor":6,"key":"SMITH"},{"data":"Fire Breathing","floor":12,"key":"SMITH"},{"data":"Flame Barrier","floor":15,"key":"SMITH"},{"data":"Immolate","floor":23,"key":"SMITH"},{"floor":29,"key":"REST"}],"neow_cost":"NONE","seed_source_timestamp":474368478981500,"circlet_count":0,"master_deck":["AscendersBane","Strike_R","Strike_R","Strike_R","Defend_R","Defend_R","Defend_R","Defend_R","Bash","Headbutt","Clothesline+1","Fire Breathing+1","Shrug It Off","Flame Barrier+1","Carnage","Second Wind","Wild Strike","True Grit","Shrug It Off","Immolate+1","Metallicize","Evolve","Spot Weakness","Headbutt","Writhe","Barricade"],"relics":["Burning Blood","Bag of Marbles","MawBank","Question Card","Oddly Smooth Stone","Orrery","InkBottle","Cursed Key","Lantern","Omamori","Bottled Tornado"],"potions_floor_usage":[14,14,27,27],"damage_taken":[{"damage":4,"enemies":"Jaw Worm","floor":1,"turns":5},{"damage":2,"enemies":"Cultist","floor":2,"turns":4},{"damage":32,"enemies":"3 Sentries","floor":7,"turns":8},{"damage":12,"enemies":"Small Slimes","floor":10,"turns":3},{"damage":5,"enemies":"Looter","floor":11,"turns":3},{"damage":24,"enemies":"Lagavulin","floor":14,"turns":7},{"damage":24,"enemies":"Hexaghost","floor":16,"turns":11},{"damage":27,"enemies":"2 Thieves","floor":18,"turns":4},{"damage":0,"enemies":"3 Byrds","floor":19,"turns":2},{"damage":0,"enemies":"Snecko","floor":21,"turns":3},{"damage":39,"enemies":"Book of Stabbing","floor":24,"turns":6},{"damage":6,"enemies":"3 Cultists","floor":25,"turns":4},{"damage":28,"enemies":"Slavers","floor":27,"turns":5},{"damage":0,"enemies":"Shelled Parasite and Fungi","floor":30,"turns":1}],"seed_played":"8847999312889266360","potions_obtained":[{"floor":7,"key":"SteroidPotion"},{"floor":11,"key":"Energy Potion"},{"floor":19,"key":"SpeedPotion"},{"floor":25,"key":"BloodPotion"}],"is_trial":false,"path_per_floor":["M","M","?","$","?","R","E","T","T","M","M","R","$","E","R","B",null,"M","M","$","M","$","R","E","M","T","E","$","R","M"],"character_chosen":"IRONCLAD","items_purchased":["Orrery","Evolve","Spot Weakness"],"campfire_rested":1,"item_purchase_floors":[13,22,22],"current_hp_per_floor":[77,81,70,70,82,82,56,56,56,50,51,51,51,33,33,15,65,44,50,50,56,56,56,23,23,23,17,17,41,41],"gold":108,"neow_bonus":"TEN_PERCENT_HP_BONUS","is_prod":false,"is_daily":false,"chose_seed":false,"campfire_upgraded":4,"win_rate":0,"timestamp":1569179247,"path_taken":["M","M","?","$","?","R","E","?","T","M","M","R","$","E","R","BOSS","M","M","$","M","$","R","E","M","T","E","?","R","?"],"build_version":"2019-09-20","purchased_purges":2,"victory":false,"max_hp_per_floor":[82,82,82,82,82,82,82,82,82,82,82,82,82,82,82,82,82,82,82,82,82,82,82,82,82,82,82,82,82,82],"card_choices":[{"not_picked":["Heavy Blade","Warcry"],"picked":"Headbutt","floor":1},{"not_picked":["Blood for Blood","Havoc"],"picked":"Clothesline","floor":2},{"not_picked":["Body Slam","Warcry"],"picked":"Fire Breathing","floor":7},{"not_picked":["Flex","Combust","Searing Blow","Headbutt"],"picked":"SKIP","floor":10},{"not_picked":["Anger","Seeing Red","Pommel Strike"],"picked":"Shrug It Off","floor":11},{"not_picked":["Whirlwind","Armaments","Anger"],"picked":"Flame Barrier","floor":13},{"not_picked":["Clash","Pommel Strike","Flex"],"picked":"Carnage","floor":13},{"not_picked":["Thunderclap","Brutality","Iron Wave"],"picked":"Second Wind","floor":13},{"not_picked":["Havoc","Dual Wield","Sentinel"],"picked":"Wild Strike","floor":13},{"not_picked":["Clash","Searing Blow","Sentinel"],"picked":"True Grit","floor":13},{"not_picked":["Sever Soul","Rage","Body Slam"],"picked":"Shrug It Off","floor":14},{"not_picked":["Double Tap","Dark Embrace","Offering"],"picked":"Immolate","floor":16},{"not_picked":["Iron Wave","Clash","Blood for Blood","Headbutt"],"picked":"SKIP","floor":18},{"not_picked":["Clothesline","Hemokinesis","Twin Strike+1","Whirlwind"],"picked":"SKIP","floor":19},{"not_picked":["Inflame","Burning Pact","Blood for Blood"],"picked":"Metallicize","floor":21},{"not_picked":["Combust","Body Slam","Warcry","Brutality"],"picked":"SKIP","floor":24},{"not_picked":["Uppercut","Warcry","Twin Strike"],"picked":"Headbutt","floor":25},{"not_picked":["Infernal Blade+1","Fire Breathing","Iron Wave"],"picked":"Barricade","floor":27}],"player_experience":960004,"relics_obtained":[{"floor":7,"key":"MawBank"},{"floor":8,"key":"Question Card"},{"floor":9,"key":"Oddly Smooth Stone"},{"floor":14,"key":"InkBottle"},{"floor":24,"key":"Lantern"},{"floor":26,"key":"Omamori"},{"floor":27,"key":"Bottled Tornado"}],"event_choices":[{"damage_healed":0,"gold_gain":0,"player_choice":"Success","damage_taken":11,"relics_obtained":["Bag of Marbles"],"max_hp_gain":0,"max_hp_loss":0,"event_name":"Scrap Ooze","floor":3,"gold_loss":0},{"damage_healed":20,"gold_gain":0,"player_choice":"Healed","damage_taken":0,"max_hp_gain":0,"max_hp_loss":0,"event_name":"The Cleric","floor":5,"gold_loss":35}],"is_beta":true,"boss_relics":[{"not_picked":["Astrolabe","SlaversCollar"],"picked":"Cursed Key"}],"items_purged_floors":[4,20],"is_endless":false,"potions_floor_spawned":[7,11,19,25],"killed_by":"Shelled Parasite and Fungi","ascension_level":20}