{"path_per_floor":["M","?","$","?","?","E","R","$","T","R","M","R","$","M","R"],"character_chosen":"IRONCLAD","items_purchased":["Rupture","Bloodletting","Fire Breathing"],"gold_per_floor":[113,113,35,35,35,61,61,26,26,26,44,44,4,14,14,14],"floor_reached":16,"campfire_rested":0,"playtime":974,"current_hp_per_floor":[80,80,80,73,57,30,30,30,30,30,31,31,31,35,35,0],"items_purged":[],"gold":14,"score":96,"play_id":"94df30ec-4dd4-46c8-9866-bfe09317fccb","local_time":"20180521191255","is_prod":false,"is_daily":false,"chose_seed":false,"is_ascension_mode":false,"campfire_upgraded":4,"timestamp":1526944375,"campfire_choices":[{"data":"Hemokinesis","floor":7,"key":"SMITH"},{"data":"Bloodletting","floor":10,"key":"SMITH"},{"data":"Armaments","floor":12,"key":"SMITH"},{"data":"Fire Breathing","floor":15,"key":"SMITH"}],"path_taken":["M","?","?","?","?","E","R","$","T","R","?","R","?","M","R","BOSS"],"build_version":"2018-05-17","seed_source_timestamp":20675752985510,"purchased_purges":0,"victory":false,"master_deck":["Strike_R","Strike_R+1","Strike_R","Strike_R","Strike_R+1","Defend_R","Defend_R","Defend_R","Defend_R","Bash","Flex","Rupture","Hemokinesis+1","Bloodletting+1","Armaments+1","Fire Breathing+1","Inflame"],"max_hp_per_floor":[80,80,80,80,80,80,80,80,80,80,80,80,80,80,80,80],"relics":["Burning Blood","Anchor","Mercury Hourglass","Bottled Flame"],"card_choices":[{"not_picked":["Clash","Warcry"],"picked":"Flex","floor":1},{"not_picked":["Intimidate","Headbutt"],"picked":"Hemokinesis","floor":6},{"not_picked":["Heavy Blade","Demon Form"],"picked":"Armaments","floor":11},{"not_picked":["Sword Boomerang","Headbutt"],"picked":"Inflame","floor":14}],"player_experience":41060,"potions_floor_usage":[],"damage_taken":[{"damage":0,"enemies":"2 Louse","floor":1,"turns":3},{"damage":33,"enemies":"3 Sentries","floor":6,"turns":11},{"damage":5,"enemies":"Jaw Worm","floor":11,"turns":2},{"damage":2,"enemies":"Small Slimes","floor":14,"turns":2},{"damage":38,"enemies":"The Guardian","floor":16,"turns":6}],"relics_obtained":[{"floor":6,"key":"Mercury Hourglass"},{"floor":9,"key":"Bottled Flame"}],"event_choices":[{"event_name":"Big Fish","player_choice":"Box","floor":2,"damage_taken":0},{"event_name":"Golden Wing","player_choice":"Card Removal","floor":4,"damage_taken":0},{"event_name":"Shining Light","player_choice":"Entered Light","floor":5,"damage_taken":0}],"boss_relics":[],"potions_floor_spawned":[6,11],"seed_played":"1656894632862924926","killed_by":"The Guardian","ascension_level":0,"potions_obtained":[{"floor":6,"key":"Weak Potion"},{"floor":11,"key":"Explosive Potion"}],"is_trial":false}