{"gold_per_floor":[117,134,134,134,59,59,86,101,101,126,126,139,139,164,164,239,239,194,209,106,106,125,125,125,125,149,168,198,198],"floor_reached":29,"playtime":1178,"items_purged":["Pain"],"score":572,"play_id":"ea43a020-2f40-46eb-b32e-e38ef2e1c926","local_time":"20190922154436","is_ascension_mode":true,"campfire_choices":[{"data":"True Grit","floor":6,"key":"SMITH"},{"data":"Evolve","floor":11,"key":"SMITH"},{"data":"Disarm","floor":13,"key":"SMITH"},{"data":"Power Through","floor":15,"key":"SMITH"},{"data":"Carnage","floor":23,"key":"SMITH"},{"data":"Power Through","floor":25,"key":"SMITH"}],"neow_cost":"NONE","seed_source_timestamp":487088892096200,"circlet_count":0,"master_deck":["AscendersBane","Strike_R","Strike_R+1","Defend_R","Defend_R","Defend_R","Defend_R","Bash+1","True Grit+1","Power Through+1","Evolve+1","Disarm+1","Seeing Red","Power Through","Power Through+1","Anger+1","Reaper+1","Feed+1","Carnage+1","Second Wind","Deep Breath","Shrug It Off"],"relics":["Burning Blood","NeowsBlessing","WarpedTongs","Potion Belt","Sundial","Lizard Tail","PreservedInsect","Astrolabe","Nilry\u0027s Codex","Art of War","Prayer Wheel"],"potions_floor_usage":[10,10,22,28,28,28],"damage_taken":[{"damage":0,"enemies":"Small Slimes","floor":1,"turns":1},{"damage":0,"enemies":"Cultist","floor":2,"turns":1},{"damage":0,"enemies":"3 Sentries","floor":7,"turns":2},{"damage":0,"enemies":"2 Louse","floor":8,"turns":5},{"damage":30,"enemies":"Gremlin Nob","floor":10,"turns":4},{"damage":3,"enemies":"Looter","floor":12,"turns":4},{"damage":9,"enemies":"3 Sentries","floor":14,"turns":11},{"damage":13,"enemies":"The Guardian","floor":16,"turns":19},{"damage":23,"enemies":"2 Thieves","floor":18,"turns":5},{"damage":5,"enemies":"Shell Parasite","floor":19,"turns":9},{"damage":17,"enemies":"3 Cultists","floor":22,"turns":6},{"damage":3,"enemies":"Centurion and Healer","floor":27,"turns":9},{"damage":119,"enemies":"Gremlin Leader","floor":28,"turns":12},{"damage":15,"enemies":"Snake Plant","floor":29,"turns":2}],"seed_played":"-7232801261487882056","potions_obtained":[{"floor":2,"key":"EssenceOfSteel"},{"floor":7,"key":"Energy Potion"},{"floor":12,"key":"SpeedPotion"},{"floor":16,"key":"LiquidBronze"},{"floor":19,"key":"Fire Potion"},{"floor":22,"key":"Ancient Potion"}],"is_trial":false,"path_per_floor":["M","M","?","?","$","R","E","M","T","E","R","M","R","E","R","B",null,"M","M","$","?","M","R","?","R","T","M","E","M"],"character_chosen":"IRONCLAD","items_purchased":["Deep Breath"],"campfire_rested":0,"item_purchase_floors":[20],"current_hp_per_floor":[74,75,52,52,52,52,58,64,64,40,40,43,43,40,40,33,65,62,67,67,67,72,72,51,51,51,68,13,0],"gold":198,"neow_bonus":"THREE_ENEMY_KILL","is_prod":false,"is_daily":false,"chose_seed":false,"campfire_upgraded":6,"win_rate":0,"timestamp":1569192276,"path_taken":["M","M","?","?","$","R","E","?","T","E","R","M","R","E","R","BOSS","M","M","?","?","M","R","?","R","T","M","E","M"],"build_version":"2019-09-20","purchased_purges":1,"victory":false,"max_hp_per_floor":[75,75,75,75,75,75,75,75,75,75,75,75,75,75,75,75,75,79,83,83,83,87,87,87,87,87,91,91,91],"card_choices":[{"not_picked":["Perfected Strike","Heavy Blade"],"picked":"True Grit","floor":1},{"not_picked":["Sword Boomerang","Warcry"],"picked":"Power Through","floor":2},{"not_picked":["Heavy Blade","Rage"],"picked":"Evolve","floor":7},{"not_picked":["Warcry","Dropkick"],"picked":"Disarm","floor":8},{"not_picked":["Bloodletting","Warcry"],"picked":"Seeing Red","floor":10},{"not_picked":["Shockwave","Searing Blow"],"picked":"Power Through","floor":12},{"not_picked":["Body Slam","Warcry"],"picked":"Power Through","floor":14},{"not_picked":["Dual Wield","Pummel"],"picked":"Carnage","floor":18},{"not_picked":["Perfected Strike","Armaments"],"picked":"Second Wind","floor":19},{"not_picked":["Perfected Strike","Heavy Blade"],"picked":"Shrug It Off","floor":22},{"not_picked":["Havoc","Dual Wield","Wild Strike"],"picked":"SKIP","floor":27},{"not_picked":["Ghostly Armor","Thunderclap","Clash"],"picked":"SKIP","floor":28}],"player_experience":972188,"relics_obtained":[{"floor":7,"key":"Potion Belt"},{"floor":9,"key":"Sundial"},{"floor":10,"key":"Lizard Tail"},{"floor":14,"key":"PreservedInsect"},{"floor":24,"key":"Nilry\u0027s Codex"},{"floor":26,"key":"Art of War"},{"floor":28,"key":"Prayer Wheel"}],"event_choices":[{"damage_healed":0,"gold_gain":0,"player_choice":"Entered Light","damage_taken":23,"max_hp_gain":0,"max_hp_loss":0,"event_name":"Shining Light","floor":3,"gold_loss":0,"cards_upgraded":["Strike_R","Bash"]},{"damage_healed":0,"gold_gain":0,"player_choice":"Rummage","damage_taken":0,"relics_obtained":["WarpedTongs"],"max_hp_gain":0,"max_hp_loss":0,"event_name":"Accursed Blacksmith","floor":4,"gold_loss":0,"cards_obtained":["Pain"]},{"damage_healed":0,"gold_gain":0,"player_choice":"Ignored","damage_taken":0,"max_hp_gain":0,"max_hp_loss":0,"event_name":"The Mausoleum","floor":21,"gold_loss":0},{"damage_healed":0,"gold_gain":0,"player_choice":"Obtained Book","damage_taken":21,"max_hp_gain":0,"max_hp_loss":0,"event_name":"Cursed Tome","floor":24,"gold_loss":0}],"is_beta":true,"boss_relics":[{"not_picked":["Philosopher\u0027s Stone","Coffee Dripper"],"picked":"Astrolabe"}],"items_purged_floors":[5],"is_endless":false,"potions_floor_spawned":[2,7,12,16,19,22],"killed_by":"Snake Plant","ascension_level":20}