{"gold_per_floor":[114,114,114,114,134,170,170,210,257,257,257,275,57,98,98,194,194,208,221,105,128,128,128,78,78,78,101,101,134,147,190,190,283,283,296,296,352,352,366,366,385,385,411,411,449,468,509,9,9,9,9],"floor_reached":51,"playtime":2150,"items_purged":["Strike_R","Evolve"],"score":1418,"play_id":"b85fe3b7-b955-47a1-bcad-9b2d256cd900","local_time":"20190917135548","is_ascension_mode":true,"campfire_choices":[{"floor":7.0,"key":"REST"},{"data":"Shockwave","floor":11.0,"key":"SMITH"},{"data":"Anger","floor":15.0,"key":"SMITH"},{"data":"Rampage","floor":23.0,"key":"SMITH"},{"floor":25.0,"key":"REST"},{"data":"Berserk","floor":28.0,"key":"SMITH"},{"floor":32.0,"key":"REST"},{"floor":40.0,"key":"REST"},{"data":"Second Wind","floor":42.0,"key":"SMITH"},{"floor":44.0,"key":"REST"},{"floor":49.0,"key":"REST"}],"neow_cost":"NONE","seed_source_timestamp":47200297549000,"circlet_count":0,"master_deck":["AscendersBane","Defend_R+1","Defend_R","Defend_R","Defend_R+1","Bash+1","Anger+1","Shockwave+1","Rampage+1","Reckless Charge","Berserk+1","Headbutt","Second Wind+1","Headbutt+1","Flex","Body Slam+1","Bloodletting+1","Limit Break","Dropkick+1","Battle Trance+1","Exhume+1","Flex+1","Flex","Spot Weakness+1","Rage","Demon Form+1"],"special_seed":0,"relics":["Burning Blood","Golden Idol","PreservedInsect","Mango","Red Skull","Lee\u0027s Waffle","Vajra","Runic Pyramid","Enchiridion","Matryoshka","FossilizedHelix","Bottled Lightning","Astrolabe","Thread and Needle","CultistMask","Centennial Puzzle","Bag of Marbles","StoneCalendar","Whetstone","Frozen Egg 2"],"potions_floor_usage":[51],"damage_taken":[{"damage":7.0,"enemies":"Small Slimes","floor":1.0,"turns":4.0},{"damage":7.0,"enemies":"2 Louse","floor":5.0,"turns":3.0},{"damage":27.0,"enemies":"Lagavulin","floor":6.0,"turns":6.0},{"damage":28.0,"enemies":"Gremlin Nob","floor":8.0,"turns":4.0},{"damage":2.0,"enemies":"Jaw Worm","floor":12.0,"turns":4.0},{"damage":16.0,"enemies":"Lagavulin","floor":14.0,"turns":8.0},{"damage":23.0,"enemies":"Slime Boss","floor":16.0,"turns":7.0},{"damage":25.0,"enemies":"Shell Parasite","floor":18.0,"turns":5.0},{"damage":3.0,"enemies":"3 Byrds","floor":19.0,"turns":6.0},{"damage":17.0,"enemies":"Snecko","floor":21.0,"turns":6.0},{"damage":19.0,"enemies":"Snake Plant","floor":27.0,"turns":3.0},{"damage":26.0,"enemies":"Slavers","floor":29.0,"turns":3.0},{"damage":4.0,"enemies":"Centurion and Healer","floor":30.0,"turns":5.0},{"damage":23.0,"enemies":"Book of Stabbing","floor":31.0,"turns":4.0},{"damage":25.0,"enemies":"Collector","floor":33.0,"turns":8.0},{"damage":1.0,"enemies":"3 Shapes","floor":35.0,"turns":5.0},{"damage":66.0,"enemies":"2 Orb Walkers","floor":37.0,"turns":4.0},{"damage":4.0,"enemies":"3 Darklings","floor":39.0,"turns":5.0},{"damage":0.0,"enemies":"Transient","floor":41.0,"turns":6.0},{"damage":24.0,"enemies":"Nemesis","floor":45.0,"turns":4.0},{"damage":4.0,"enemies":"Writhing Mass","floor":46.0,"turns":5.0},{"damage":32.0,"enemies":"Reptomancer","floor":47.0,"turns":5.0},{"damage":35.0,"enemies":"Donu and Deca","floor":50.0,"turns":5.0},{"damage":34,"enemies":"Awakened One","floor":51,"turns":2}],"seed_played":"-7000301345510600572","potions_obtained":[{"floor":6.0,"key":"Energy Potion"},{"floor":12.0,"key":"EssenceOfSteel"},{"floor":14.0,"key":"Fire Potion"},{"floor":16.0,"key":"Fire Potion"},{"floor":30.0,"key":"Block Potion"},{"floor":37.0,"key":"Swift Potion"},{"floor":41.0,"key":"Fire Potion"},{"floor":46.0,"key":"SkillPotion"}],"is_trial":false,"path_per_floor":["M","?","?","?","M","E","R","E","T","?","R","M","$","E","R","B",null,"M","M","$","M","?","R","?","R","T","M","R","E","M","E","R","B",null,"M","$","?","?","M","R","M","R","T","R","E","M","E","$","R","B","B"],"character_chosen":"IRONCLAD","items_purchased":["Lee\u0027s Waffle","Second Wind","Frozen Egg 2","Demon Form+1","PowerPotion"],"campfire_rested":6,"item_purchase_floors":[13,20,48,48,48],"current_hp_per_floor":[67,67,67,47,46,25,45,37,37,30,30,34,89,79,79,62,82,63,66,66,55,34,34,34,60,60,47,47,27,29,12,38,19,72,77,77,17,17,19,45,51,51,51,77,59,61,35,35,61,32,0],"gold":9,"neow_bonus":"UPGRADE_CARD","is_prod":false,"is_daily":false,"chose_seed":false,"campfire_upgraded":5,"win_rate":0,"timestamp":1568753748,"path_taken":["M","?","?","?","M","E","R","E","T","?","R","M","$","E","R","BOSS","M","M","$","M","?","R","?","R","T","M","R","E","?","E","R","BOSS","M","$","?","?","?","R","M","R","T","R","E","M","E","$","R","BOSS","BOSS"],"build_version":"2019-07-17","purchased_purges":2,"victory":false,"max_hp_per_floor":[75,75,68,68,68,68,68,82,82,82,82,82,89,89,89,89,89,89,89,89,89,89,89,89,89,89,89,89,89,89,89,89,89,89,89,89,89,89,89,89,89,89,89,89,89,89,89,89,89,89,89],"card_choices":[{"not_picked":["Pommel Strike","Sever Soul"],"picked":"Anger","floor":1.0},{"not_picked":["Havoc","Reaper"],"picked":"Shockwave","floor":5.0},{"not_picked":["True Grit","Uppercut"],"picked":"Evolve","floor":6.0},{"not_picked":["Clash","Clothesline","Pummel"],"picked":"SKIP","floor":8.0},{"not_picked":["Flex","Armaments"],"picked":"Rampage","floor":12.0},{"not_picked":["Warcry","Havoc"],"picked":"Reckless Charge","floor":14.0},{"not_picked":["Double Tap","Bludgeon"],"picked":"Berserk","floor":16.0},{"not_picked":["Clothesline","Cleave","Heavy Blade+1"],"picked":"SKIP","floor":18.0},{"not_picked":["Power Through","Whirlwind"],"picked":"Headbutt","floor":19.0},{"not_picked":["Anger","Iron Wave"],"picked":"Headbutt","floor":21.0},{"not_picked":["Rupture","Twin Strike+1"],"picked":"Flex","floor":27.0},{"not_picked":["Wild Strike","Clothesline","True Grit"],"picked":"SKIP","floor":29.0},{"not_picked":["Armaments","Hemokinesis"],"picked":"Body Slam","floor":30.0},{"not_picked":["True Grit","Entrench+1"],"picked":"Bloodletting+1","floor":31.0},{"not_picked":["Exhume","Dark Embrace"],"picked":"Limit Break","floor":33.0},{"not_picked":["Hemokinesis","Havoc+1"],"picked":"Flex+1","floor":35.0},{"not_picked":["Blood for Blood","Headbutt","True Grit"],"picked":"SKIP","floor":39.0},{"not_picked":["Shockwave+1","Pommel Strike","Wild Strike"],"picked":"SKIP","floor":41.0},{"not_picked":["Inflame","Iron Wave"],"picked":"Flex","floor":45.0},{"not_picked":["Searing Blow","Sword Boomerang"],"picked":"Spot Weakness+1","floor":46.0},{"not_picked":["Iron Wave","Flame Barrier"],"picked":"Rage","floor":47.0}],"player_experience":816584,"relics_obtained":[{"floor":6.0,"key":"PreservedInsect"},{"floor":8.0,"key":"Mango"},{"floor":9.0,"key":"Red Skull"},{"floor":14.0,"key":"Vajra"},{"floor":22.0,"key":"Enchiridion"},{"floor":26.0,"key":"Matryoshka"},{"floor":29.0,"key":"FossilizedHelix"},{"floor":31.0,"key":"Bottled Lightning"},{"floor":37.0,"key":"Thread and Needle"},{"floor":43.0,"key":"Centennial Puzzle"},{"floor":43.0,"key":"Bag of Marbles"},{"floor":45.0,"key":"StoneCalendar"},{"floor":47.0,"key":"Whetstone"}],"event_choices":[{"damage_healed":0.0,"max_hp_gain":0.0,"max_hp_loss":0.0,"gold_gain":0.0,"event_name":"Liars Game","player_choice":"Ignored","floor":2.0,"gold_loss":0.0,"damage_taken":0.0},{"damage_healed":0.0,"max_hp_gain":0.0,"max_hp_loss":7.0,"gold_gain":0.0,"event_name":"Golden Idol","player_choice":"Lose Max HP","floor":3.0,"gold_loss":0.0,"damage_taken":0.0,"relics_obtained":["Golden Idol"]},{"damage_healed":0.0,"max_hp_gain":0.0,"max_hp_loss":0.0,"gold_gain":0.0,"event_name":"Shining Light","player_choice":"Entered Light","floor":4.0,"gold_loss":0.0,"damage_taken":20.0,"cards_upgraded":["Defend_R","Defend_R"]},{"cards_removed":["Strike_R"],"damage_healed":0.0,"max_hp_gain":0.0,"max_hp_loss":0.0,"gold_gain":0.0,"event_name":"Golden Wing","player_choice":"Card Removal","floor":10.0,"gold_loss":0.0,"damage_taken":7.0},{"damage_healed":0.0,"max_hp_gain":0.0,"max_hp_loss":0.0,"gold_gain":0.0,"event_name":"Cursed Tome","player_choice":"Obtained Book","floor":22.0,"gold_loss":0.0,"damage_taken":21.0},{"damage_healed":0.0,"max_hp_gain":0.0,"max_hp_loss":0.0,"gold_gain":0.0,"event_name":"The Joust","player_choice":"Bet on Murderer","floor":24.0,"gold_loss":50.0,"damage_taken":0.0},{"damage_healed":0.0,"max_hp_gain":0.0,"max_hp_loss":0.0,"gold_gain":0.0,"event_name":"Mysterious Sphere","player_choice":"Fight","floor":37.0,"gold_loss":0.0,"damage_taken":0.0},{"damage_healed":0.0,"max_hp_gain":0.0,"max_hp_loss":0.0,"gold_gain":0.0,"event_name":"FaceTrader","player_choice":"Trade","floor":38.0,"gold_loss":0.0,"damage_taken":0.0,"relics_obtained":["CultistMask"]}],"is_beta":false,"boss_relics":[{"not_picked":["Calling Bell","Fusion Hammer"],"picked":"Runic Pyramid"},{"not_picked":["Orrery","Lizard Tail"],"picked":"Astrolabe"}],"items_purged_floors":[20,48],"is_endless":false,"potions_floor_spawned":[6,12,14,16,18,21,30,37,41,46],"killed_by":"Awakened One","ascension_level":20}