{"gold_per_floor":[19,19,29,48,61,90,90,103,148,178,178,47,47,78,78,152,152,168,3,21,21,21,48,48,48],"floor_reached":25,"playtime":650,"items_purged":["Strike_R"],"score":503,"play_id":"6e7aa03f-a034-4e71-8308-f847381f836d","local_time":"20190922152444","is_ascension_mode":true,"campfire_choices":[{"data":"Rupture","floor":7.0,"key":"SMITH"},{"floor":11.0,"key":"REST"},{"data":"Heavy Blade","floor":15.0,"key":"SMITH"},{"floor":24,"key":"REST"}],"neow_cost":"NO_GOLD","seed_source_timestamp":486416614988600,"circlet_count":0,"master_deck":["AscendersBane","Strike_R+1","Strike_R+1","Strike_R+1","Strike_R+1","Defend_R+1","Defend_R+1","Defend_R+1","Defend_R+1","Bash","Combust+1","Inflame","Anger","Feel No Pain","Rupture+1","Heavy Blade+1","True Grit+1","Flame Barrier+1","Double Tap+1","CurseOfTheBell","Disarm+1","Battle Trance+1"],"special_seed":0,"relics":["Burning Blood","Toxic Egg 2","Happy Flower","Mercury Hourglass","Bag of Marbles","Calling Bell","Vajra","Kunai","FossilizedHelix","Strange Spoon"],"potions_floor_usage":[],"damage_taken":[{"damage":4.0,"enemies":"Small Slimes","floor":1.0,"turns":4.0},{"damage":4.0,"enemies":"Jaw Worm","floor":3.0,"turns":3.0},{"damage":11.0,"enemies":"2 Louse","floor":4.0,"turns":3.0},{"damage":23.0,"enemies":"Large Slime","floor":5.0,"turns":5.0},{"damage":21.0,"enemies":"3 Sentries","floor":6.0,"turns":5.0},{"damage":3.0,"enemies":"2 Fungi Beasts","floor":8.0,"turns":2.0},{"damage":39.0,"enemies":"Lagavulin","floor":10.0,"turns":6.0},{"damage":21.0,"enemies":"3 Sentries","floor":14.0,"turns":4.0},{"damage":31.0,"enemies":"Hexaghost","floor":16.0,"turns":7.0},{"damage":0.0,"enemies":"Spheric Guardian","floor":18.0,"turns":1.0},{"damage":5.0,"enemies":"Chosen","floor":20.0,"turns":4.0},{"damage":31.0,"enemies":"Slavers","floor":23.0,"turns":5.0},{"damage":61,"enemies":"Gremlin Leader","floor":25,"turns":4}],"seed_played":"-5580453760784319754","potions_obtained":[{"floor":1.0,"key":"Energy Potion"},{"floor":4.0,"key":"ElixirPotion"},{"floor":5.0,"key":"AttackPotion"},{"floor":8.0,"key":"Fruit Juice"},{"floor":16.0,"key":"Block Potion"},{"floor":18.0,"key":"Swift Potion"}],"is_trial":false,"path_per_floor":["M","?","M","M","M","E","R","M","T","E","R","$","$","E","R","B",null,"M","$","M","?","?","E","R","E"],"character_chosen":"IRONCLAD","items_purchased":["True Grit+1","Strange Spoon"],"campfire_rested":2,"item_purchase_floors":[12,19],"current_hp_per_floor":[84,84,86,81,64,49,49,57,57,24,52,52,52,37,37,12,74,80,80,81,53,53,28,57,0],"gold":48,"neow_bonus":"TWENTY_PERCENT_HP_BONUS","is_prod":false,"is_daily":false,"chose_seed":false,"campfire_upgraded":2,"win_rate":0,"timestamp":1569191084,"path_taken":["M","?","M","M","M","E","R","M","T","E","R","?","$","E","R","BOSS","M","$","M","?","?","E","R","E"],"build_version":"2019-09-20","purchased_purges":1,"victory":false,"max_hp_per_floor":[89,89,89,89,89,89,89,94,94,94,94,94,94,94,94,94,94,94,94,94,99,99,99,99,99],"card_choices":[{"not_picked":["Blood for Blood","Heavy Blade"],"picked":"Combust","floor":1.0},{"not_picked":["Pommel Strike","Body Slam"],"picked":"Inflame","floor":3.0},{"not_picked":["Heavy Blade","Body Slam"],"picked":"Anger","floor":4.0},{"not_picked":["Wild Strike","Bloodletting"],"picked":"Feel No Pain","floor":5.0},{"not_picked":["Pommel Strike","Shockwave"],"picked":"Rupture","floor":6.0},{"not_picked":["Perfected Strike","Pommel Strike"],"picked":"Heavy Blade","floor":8.0},{"not_picked":["Cleave","Bloodletting+1","Thunderclap"],"picked":"SKIP","floor":10.0},{"not_picked":["Inflame","Pummel"],"picked":"Flame Barrier+1","floor":14.0},{"not_picked":["Exhume+1","Juggernaut"],"picked":"Double Tap+1","floor":16.0},{"not_picked":["Twin Strike","Perfected Strike","Pommel Strike"],"picked":"SKIP","floor":18.0},{"not_picked":["Armaments+1","Havoc+1"],"picked":"Disarm+1","floor":20.0},{"not_picked":["Fire Breathing","Pummel"],"picked":"Battle Trance+1","floor":23}],"player_experience":971538,"relics_obtained":[{"floor":6.0,"key":"Toxic Egg 2"},{"floor":9.0,"key":"Happy Flower"},{"floor":10.0,"key":"Mercury Hourglass"},{"floor":14.0,"key":"Bag of Marbles"},{"floor":17.0,"key":"Vajra"},{"floor":17.0,"key":"Kunai"},{"floor":17.0,"key":"FossilizedHelix"}],"event_choices":[{"damage_healed":0.0,"max_hp_gain":0.0,"max_hp_loss":0.0,"gold_gain":0.0,"event_name":"Living Wall","player_choice":"Grow","floor":2.0,"gold_loss":0.0,"damage_taken":0.0,"cards_upgraded":["Combust"]},{"damage_healed":0.0,"max_hp_gain":5.0,"max_hp_loss":0.0,"gold_gain":0.0,"event_name":"Forgotten Altar","player_choice":"Shed Blood","floor":21.0,"gold_loss":0.0,"damage_taken":33.0},{"damage_healed":0.0,"max_hp_gain":0.0,"max_hp_loss":0.0,"gold_gain":0.0,"event_name":"Back to Basics","player_choice":"Simplicity","floor":22.0,"gold_loss":0.0,"damage_taken":0.0,"cards_upgraded":["Strike_R","Strike_R","Strike_R","Strike_R","Defend_R","Defend_R","Defend_R","Defend_R"]}],"is_beta":true,"boss_relics":[{"not_picked":["Tiny House","SacredBark"],"picked":"Calling Bell"}],"items_purged_floors":[12],"is_endless":false,"potions_floor_spawned":[1,4,5,8,16,18],"killed_by":"Gremlin Leader","ascension_level":20}