{"gold_per_floor":[112,130,32,32,43,43,53,53,53,88,164,180,196,223,223,302,302,317,333,12,12,25,25,42,70,70,89,89,115,145,145,145,222,222,241,83,183,206,218,218,218,251,251,251,305,36,361,371,371,371,371],"floor_reached":52,"playtime":1928,"items_purged":["Strike_R"],"score":2066,"play_id":"5602d1fc-aee2-4761-a924-58f12d164dac","local_time":"20190921203154","is_ascension_mode":true,"campfire_choices":[{"data":"Inflame","floor":6.0,"key":"SMITH"},{"floor":8.0,"key":"REST"},{"floor":15.0,"key":"REST"},{"data":"Inflame","floor":23.0,"key":"SMITH"},{"data":"Immolate","floor":28.0,"key":"SMITH"},{"floor":32.0,"key":"REST"},{"data":"Limit Break","floor":40.0,"key":"SMITH"},{"floor":44.0,"key":"REST"},{"floor":49.0,"key":"REST"}],"neow_cost":"NONE","seed_source_timestamp":417075064116600,"circlet_count":0,"master_deck":["AscendersBane","Strike_R+1","Strike_R","Strike_R","Defend_R","Defend_R","Defend_R","Defend_R","Bash","Inflame+1","Evolve+1","Shrug It Off","Sword Boomerang","Feed","Inflame+1","Spot Weakness+1","Carnage","Immolate+1","Pummel","Metallicize","Power Through","Offering","Spot Weakness","Offering","Decay","Offering","CurseOfTheBell","Warcry+1","Limit Break+1","Spot Weakness","Pummel","Armaments+1","Power Through","Evolve","Master of Strategy","Fire Breathing","Limit Break"],"special_seed":0,"relics":["Burning Blood","Letter Opener","Meat on the Bone","Champion Belt","Mark of Pain","FossilizedHelix","Magic Flower","Nunchaku","Singing Bowl","Red Mask","Calling Bell","Oddly Smooth Stone","Mummified Hand","Mango","Torii","Dream Catcher","Vajra","TungstenRod","Charon\u0027s Ashes","Old Coin"],"potions_floor_usage":[],"damage_taken":[{"damage":14.0,"enemies":"Cultist","floor":1.0,"turns":6.0},{"damage":4.0,"enemies":"Small Slimes","floor":2.0,"turns":4.0},{"damage":10.0,"enemies":"2 Louse","floor":5.0,"turns":4.0},{"damage":20.0,"enemies":"Exordium Wildlife","floor":7.0,"turns":6.0},{"damage":36.0,"enemies":"Lagavulin","floor":10.0,"turns":8.0},{"damage":5.0,"enemies":"Red Slaver","floor":12.0,"turns":4.0},{"damage":1.0,"enemies":"2 Fungi Beasts","floor":13.0,"turns":4.0},{"damage":36.0,"enemies":"Gremlin Nob","floor":14.0,"turns":4.0},{"damage":28.0,"enemies":"Slime Boss","floor":16.0,"turns":8.0},{"damage":27.0,"enemies":"Spheric Guardian","floor":18.0,"turns":5.0},{"damage":15.0,"enemies":"3 Byrds","floor":19.0,"turns":4.0},{"damage":20.0,"enemies":"Snake Plant","floor":22.0,"turns":4.0},{"damage":15.0,"enemies":"Centurion and Healer","floor":24.0,"turns":4.0},{"damage":36.0,"enemies":"Book of Stabbing","floor":25.0,"turns":4.0},{"damage":0.0,"enemies":"Snecko","floor":27.0,"turns":4.0},{"damage":7.0,"enemies":"Slavers","floor":29.0,"turns":3.0},{"damage":33.0,"enemies":"Masked Bandits","floor":30.0,"turns":5.0},{"damage":68.0,"enemies":"Automaton","floor":33.0,"turns":8.0},{"damage":17.0,"enemies":"Orb Walker","floor":35.0,"turns":3.0},{"damage":0.0,"enemies":"Mind Bloom Boss Battle","floor":37.0,"turns":6.0},{"damage":19.0,"enemies":"3 Darklings","floor":39.0,"turns":3.0},{"damage":74.0,"enemies":"Nemesis","floor":42.0,"turns":7.0},{"damage":48.0,"enemies":"2 Orb Walkers","floor":45.0,"turns":3.0},{"damage":10.0,"enemies":"Giant Head","floor":47.0,"turns":5.0},{"damage":25.0,"enemies":"Sphere and 2 Shapes","floor":48.0,"turns":5.0},{"damage":62.0,"enemies":"Awakened One","floor":50.0,"turns":6.0},{"damage":55,"enemies":"Time Eater","floor":51,"turns":8}],"seed_played":"3110264916363277469","potions_obtained":[{"floor":2.0,"key":"ElixirPotion"},{"floor":5.0,"key":"Dexterity Potion"},{"floor":16.0,"key":"Ancient Potion"},{"floor":19.0,"key":"Fire Potion"},{"floor":27.0,"key":"AttackPotion"},{"floor":29.0,"key":"LiquidBronze"},{"floor":47.0,"key":"Regen Potion"}],"is_trial":false,"path_per_floor":["M","M","$","?","M","R","M","R","T","E","?","M","M","E","R","B",null,"M","M","$","?","M","R","M","E","T","M","R","E","?","?","R","B",null,"M","$","?","T","M","R","?","E","T","R","?","$","E","M","R","B","B",null],"character_chosen":"IRONCLAD","items_purchased":["Evolve","Shrug It Off","FossilizedHelix","Limit Break","Evolve","Master of Strategy"],"campfire_rested":5,"item_purchase_floors":[3,3,20,36,46,46],"current_hp_per_floor":[67,69,69,44,40,40,26,50,50,20,20,33,53,35,60,53,79,58,61,61,61,59,59,62,47,47,56,56,63,64,64,93,57,105,97,97,106,106,101,101,101,61,61,98,77,77,76,79,119,84,56],"gold":371,"neow_bonus":"TEN_PERCENT_HP_BONUS","is_prod":false,"is_daily":false,"chose_seed":false,"campfire_upgraded":4,"win_rate":0,"timestamp":1569123114,"path_taken":["M","?","?","?","M","R","M","R","T","E","?","M","M","E","R","BOSS","M","M","$","?","M","R","?","E","T","M","R","E","?","?","R","BOSS","M","$","?","?","?","R","?","E","T","R","?","$","E","M","R","BOSS","BOSS"],"build_version":"2019-09-20","purchased_purges":1,"victory":true,"max_hp_per_floor":[82,82,82,82,82,82,82,82,82,82,82,82,85,85,85,88,88,88,88,88,88,88,88,88,91,91,91,91,94,99,99,99,102,116,116,116,116,116,119,119,119,124,124,124,124,124,124,127,129,129,129],"card_choices":[{"not_picked":["Warcry","Armaments","Iron Wave"],"picked":"SKIP","floor":1.0},{"not_picked":["Cleave","Iron Wave"],"picked":"Inflame","floor":2.0},{"not_picked":["Sever Soul","Pommel Strike"],"picked":"Sword Boomerang","floor":5.0},{"not_picked":["Hemokinesis","Body Slam","Cleave"],"picked":"SKIP","floor":7.0},{"not_picked":["Hemokinesis","Intimidate"],"picked":"Feed","floor":10.0},{"not_picked":["Clothesline","Perfected Strike"],"picked":"Inflame","floor":12.0},{"not_picked":["Thunderclap","Carnage"],"picked":"Spot Weakness","floor":13.0},{"not_picked":["Anger","Second Wind"],"picked":"Carnage","floor":14.0},{"not_picked":["Feed","Exhume"],"picked":"Immolate","floor":16.0},{"not_picked":["Flame Barrier","Clash"],"picked":"Pummel","floor":18.0},{"not_picked":["Armaments","Sword Boomerang"],"picked":"Metallicize","floor":19.0},{"not_picked":["Anger","Feel No Pain"],"picked":"Power Through","floor":22.0},{"not_picked":["Heavy Blade","Spot Weakness"],"picked":"Offering","floor":24.0},{"not_picked":["Warcry","Brutality","Pommel Strike"],"picked":"SKIP","floor":25.0},{"not_picked":["Sever Soul","Flex","Shockwave"],"picked":"SKIP","floor":27.0},{"not_picked":["Sentinel","Wild Strike"],"picked":"Spot Weakness","floor":29.0},{"not_picked":["Anger","Twin Strike","Headbutt"],"picked":"Singing Bowl","floor":30.0},{"not_picked":["Barricade","Dark Embrace"],"picked":"Offering","floor":33.0},{"not_picked":["Headbutt","Hemokinesis"],"picked":"Warcry+1","floor":35.0},{"not_picked":["Feel No Pain","Havoc"],"picked":"Spot Weakness","floor":37.0},{"not_picked":["Twin Strike","Shrug It Off"],"picked":"Pummel","floor":39.0},{"not_picked":["Rupture","Flex","Anger"],"picked":"Singing Bowl","floor":42.0},{"not_picked":["True Grit","Iron Wave"],"picked":"Armaments+1","floor":44.0},{"not_picked":["Dual Wield","Shrug It Off"],"picked":"Power Through","floor":45.0},{"not_picked":["Searing Blow","Cleave+1"],"picked":"Fire Breathing","floor":47.0},{"not_picked":["Infernal Blade","Havoc"],"picked":"Limit Break","floor":48.0},{"not_picked":["Uppercut+1","Clothesline+1","Cleave+1"],"picked":"Singing Bowl","floor":49.0}],"player_experience":941805,"relics_obtained":[{"floor":9.0,"key":"Letter Opener"},{"floor":10.0,"key":"Meat on the Bone"},{"floor":14.0,"key":"Champion Belt"},{"floor":25.0,"key":"Magic Flower"},{"floor":26.0,"key":"Nunchaku"},{"floor":29.0,"key":"Singing Bowl"},{"floor":30.0,"key":"Red Mask"},{"floor":34.0,"key":"Oddly Smooth Stone"},{"floor":34.0,"key":"Mummified Hand"},{"floor":34.0,"key":"Mango"},{"floor":37.0,"key":"Torii"},{"floor":38.0,"key":"Dream Catcher"},{"floor":42.0,"key":"Vajra"},{"floor":43.0,"key":"TungstenRod"},{"floor":45.0,"key":"Charon\u0027s Ashes"},{"floor":47.0,"key":"Old Coin"}],"event_choices":[{"damage_healed":0.0,"max_hp_gain":0.0,"max_hp_loss":0.0,"gold_gain":0.0,"event_name":"Shining Light","player_choice":"Entered Light","floor":4.0,"gold_loss":0.0,"damage_taken":25.0,"cards_upgraded":["Evolve","Strike_R"]},{"damage_healed":0.0,"max_hp_gain":0.0,"max_hp_loss":0.0,"gold_gain":76.0,"event_name":"Golden Wing","player_choice":"Gained Gold","floor":11.0,"gold_loss":0.0,"damage_taken":0.0},{"damage_healed":0.0,"max_hp_gain":0.0,"max_hp_loss":0.0,"gold_gain":0.0,"event_name":"Upgrade Shrine","player_choice":"Upgraded","floor":21.0,"gold_loss":0.0,"damage_taken":0.0,"cards_upgraded":["Spot Weakness"]},{"damage_healed":0.0,"max_hp_gain":0.0,"max_hp_loss":0.0,"gold_gain":0.0,"event_name":"Masked Bandits","player_choice":"Fought Bandits","floor":30.0,"gold_loss":0.0,"damage_taken":0.0},{"damage_healed":0.0,"max_hp_gain":0.0,"max_hp_loss":0.0,"gold_gain":0.0,"event_name":"Match and Keep!","player_choice":"2 cards matched","floor":31.0,"gold_loss":0.0,"damage_taken":0.0,"cards_obtained":["Offering","Decay"]},{"damage_healed":0.0,"max_hp_gain":0.0,"max_hp_loss":0.0,"gold_gain":0.0,"event_name":"MindBloom","player_choice":"Fight","floor":37.0,"gold_loss":0.0,"damage_taken":0.0},{"cards_removed":["Strike_R"],"damage_healed":0.0,"max_hp_gain":0.0,"max_hp_loss":0.0,"gold_gain":0.0,"event_name":"Falling","player_choice":"Removed Attack","floor":41.0,"gold_loss":0.0,"damage_taken":0.0},{"damage_healed":0.0,"max_hp_gain":0.0,"max_hp_loss":0.0,"gold_gain":0.0,"event_name":"Mysterious Sphere","player_choice":"Fight","floor":45.0,"gold_loss":0.0,"damage_taken":0.0}],"is_beta":true,"boss_relics":[{"not_picked":["SlaversCollar","SacredBark"],"picked":"Mark of Pain"},{"not_picked":["Busted Crown","Black Star"],"picked":"Calling Bell"}],"items_purged_floors":[36],"is_endless":false,"potions_floor_spawned":[2,5,13,16,19,22,27,29,33,37,47],"ascension_level":20}