{"gold_per_floor":[114,114,189,204,219,249,264,279,304,304,319,319,334,349,349,449,449,464,31,31,46,61,91,106,121,146,146],"floor_reached":27,"playtime":1702,"items_purged":[],"score":316,"play_id":"0da74591-1266-476a-a702-f7d5fa66536b","local_time":"20180623085445","daily_mods":["Diverse","Time Dilation","Hoarder"],"is_ascension_mode":false,"campfire_choices":[{"floor":10,"key":"REST"},{"floor":12,"key":"REST"},{"floor":15,"key":"REST"}],"neow_cost":"","seed_source_timestamp":0,"circlet_count":0,"master_deck":["Defend_G","Defend_G","Defend_G","Defend_G","Defend_G","Strike_G","Strike_G","Strike_G","Strike_G","Strike_G","Survivor","Neutralize","Sweeping Beam","Sweeping Beam","Sweeping Beam","Regret","Regret","Regret","Ball Lightning","Ball Lightning","Ball Lightning","Melter","Melter","Melter","Rupture","Rupture","Rupture","Noxious Fumes","Noxious Fumes","Noxious Fumes","Heavy Blade","Heavy Blade","Heavy Blade","Prepared","Prepared","Prepared","Leg Sweep","Leg Sweep","Leg Sweep","Flex","Flex","Flex","Double Tap","Double Tap","Double Tap","Hello World","Hello World","Hello World","Aggregate","Aggregate","Aggregate","Conserve Battery","Conserve Battery","Conserve Battery","Dagger Spray","Dagger Spray","Dagger Spray","Ghostly","Ghostly","Ghostly","Ghostly","Ghostly","Ghostly","Ghostly","Ghostly","Ghostly","Ghostly","Ghostly","Ghostly","Ghostly","Ghostly","Ghostly","Sunder","Sunder","Sunder","Storm","Storm","Storm","Doom and Gloom","Doom and Gloom","Doom and Gloom","Stack","Stack","Stack","Go for the Eyes+1","Go for the Eyes+1","Go for the Eyes+1"],"special_seed":17705,"relics":["Ring of the Snake","Ancient Tea Set","Du-Vu Doll","Happy Flower","Eternal Feather","Shuriken","Pear","Pen Nib"],"potions_floor_usage":[5,16,16,16,23,23,25,25,25],"damage_taken":[{"damage":0,"enemies":"Small Slimes","floor":1,"turns":3},{"damage":0,"enemies":"2 Louse","floor":4,"turns":2},{"damage":0,"enemies":"Jaw Worm","floor":5,"turns":2},{"damage":28,"enemies":"3 Sentries","floor":6,"turns":4},{"damage":7,"enemies":"3 Louse","floor":7,"turns":2},{"damage":20,"enemies":"Exordium Wildlife","floor":8,"turns":5},{"damage":3,"enemies":"Lots of Slimes","floor":11,"turns":2},{"damage":9,"enemies":"Red Slaver","floor":13,"turns":2},{"damage":26,"enemies":"Exordium Wildlife","floor":14,"turns":4},{"damage":22,"enemies":"The Guardian","floor":16,"turns":5},{"damage":15,"enemies":"Shell Parasite","floor":18,"turns":3},{"damage":12,"enemies":"Spheric Guardian","floor":21,"turns":6},{"damage":3,"enemies":"Snake Plant","floor":22,"turns":6},{"damage":3,"enemies":"Gremlin Leader","floor":23,"turns":5},{"damage":6,"enemies":"Sentry and Sphere","floor":24,"turns":6},{"damage":14,"enemies":"Centurion and Healer","floor":25,"turns":6}],"seed_played":"3243282396606865900","potions_obtained":[{"floor":1,"key":"Energy Potion"},{"floor":6,"key":"Ancient Potion"},{"floor":11,"key":"FearPotion"},{"floor":14,"key":"Dexterity Potion"},{"floor":18,"key":"SneckoOil"},{"floor":21,"key":"Weak Potion"},{"floor":24,"key":"EntropicBrew"}],"is_trial":false,"path_per_floor":["M","?","?","M","M","E","M","M","T","R","M","R","M","M","R","B",null,"M","$","?","M","M","E","M","M","T"],"character_chosen":"THE_SILENT","items_purchased":["Shuriken","Aggregate","Conserve Battery","Dagger Spray"],"campfire_rested":3,"item_purchase_floors":[19,19,19,19],"current_hp_per_floor":[70,70,59,59,59,31,24,4,4,25,22,43,34,8,29,7,70,55,55,35,23,20,27,21,7,7,0],"gold":146,"neow_bonus":"","is_prod":false,"is_daily":true,"chose_seed":false,"campfire_upgraded":0,"win_rate":0,"timestamp":1529758485,"path_taken":["M","?","?","M","M","E","M","M","T","R","M","R","?","M","R","BOSS","M","$","?","M","?","E","M","M","T","?"],"build_version":"2018-06-21v2","purchased_purges":0,"victory":false,"max_hp_per_floor":[70,70,70,70,70,70,70,70,70,70,70,70,70,70,70,70,70,70,70,35,35,35,45,45,45,45,45],"card_choices":[{"not_picked":["Tempest","Sword Boomerang"],"picked":"Sweeping Beam","floor":1},{"not_picked":["Conserve Battery","Anger"],"picked":"Ball Lightning","floor":4},{"not_picked":["Outmaneuver","Dash"],"picked":"Melter","floor":5},{"not_picked":["Double Energy","Armaments"],"picked":"Rupture","floor":6},{"not_picked":["Storm","Ball Lightning"],"picked":"Noxious Fumes","floor":7},{"not_picked":["Pommel Strike","Meteor Strike"],"picked":"Heavy Blade","floor":8},{"not_picked":["Dash","Barrage"],"picked":"Prepared","floor":11},{"not_picked":["Lockon","Pommel Strike"],"picked":"Leg Sweep","floor":13},{"not_picked":["Pommel Strike","PiercingWail"],"picked":"Flex","floor":14},{"not_picked":["Amplify","Venomology"],"picked":"Double Tap","floor":16},{"not_picked":["PiercingWail","Poisoned Stab"],"picked":"Hello World","floor":18},{"not_picked":["Force Field+1","Prepared"],"picked":"Sunder","floor":21},{"not_picked":["Conserve Battery","Pommel Strike"],"picked":"Storm","floor":22},{"not_picked":["Seek","Warcry"],"picked":"Doom and Gloom","floor":23},{"not_picked":["Headbutt","Reflex"],"picked":"Stack","floor":24},{"not_picked":["Perfected Strike","Unload"],"picked":"Go for the Eyes+1","floor":25}],"player_experience":223453,"relics_obtained":[{"floor":6,"key":"Du-Vu Doll"},{"floor":9,"key":"Happy Flower"},{"floor":23,"key":"Pear"},{"floor":26,"key":"Pen Nib"}],"event_choices":[{"event_name":"Big Fish","player_choice":"Box","floor":2,"damage_taken":0},{"event_name":"World of Goop","player_choice":"Gather Gold","floor":3,"damage_taken":0},{"event_name":"Ghosts","player_choice":"Became a Ghost","floor":20,"damage_taken":0}],"boss_relics":[{"not_picked":["Astrolabe","Black Star"],"picked":"Eternal Feather"}],"items_purged_floors":[],"is_endless":false,"potions_floor_spawned":[1,6,11,14,18,21,24],"ascension_level":0}