{"gold_per_floor":[119,132,145,163,123,123,148,148,148,162,195,214,214,254,254,348,348,363,387,73,73,73,73,86,86,134,172,172,297,7,27,27,27],"floor_reached":33,"playtime":1253,"items_purged":["Strike_R","Strike_R"],"score":570,"play_id":"077e3374-a48b-4248-b93b-fa9b84ed6d1d","local_time":"20190917105653","is_ascension_mode":true,"campfire_choices":[{"data":"Demon Form","floor":6.0,"key":"SMITH"},{"data":"Anger","floor":8.0,"key":"SMITH"},{"floor":15.0,"key":"REST"},{"data":"Disarm","floor":23.0,"key":"SMITH"},{"floor":25.0,"key":"REST"},{"floor":28.0,"key":"REST"},{"floor":32.0,"key":"REST"}],"neow_cost":"NONE","seed_source_timestamp":37653743374400,"circlet_count":0,"master_deck":["AscendersBane","Strike_R","Strike_R","Strike_R","Defend_R","Defend_R","Defend_R","Defend_R+1","Bash","Wild Strike","Shrug It Off","Metallicize","Demon Form+1","Anger+1","Heavy Blade","Perfected Strike","Shrug It Off+1","Corruption+1","Metallicize","Offering","Feel No Pain","Armaments","Disarm+1","Feel No Pain","Shockwave","Flame Barrier","Ghostly Armor+1"],"special_seed":0,"relics":["Burning Blood","Bag of Preparation","Sundial","Matryoshka","Golden Idol","Smiling Mask","Velvet Choker","Vajra","Regal Pillow","War Paint","WingedGreaves","The Courier","Medical Kit"],"potions_floor_usage":[],"damage_taken":[{"damage":0.0,"enemies":"Small Slimes","floor":1.0,"turns":4.0},{"damage":7.0,"enemies":"Jaw Worm","floor":2.0,"turns":3.0},{"damage":9.0,"enemies":"2 Louse","floor":3.0,"turns":3.0},{"damage":9.0,"enemies":"Red Slaver","floor":4.0,"turns":3.0},{"damage":1.0,"enemies":"Looter","floor":5.0,"turns":4.0},{"damage":23.0,"enemies":"3 Sentries","floor":7.0,"turns":7.0},{"damage":13.0,"enemies":"Exordium Wildlife","floor":10.0,"turns":4.0},{"damage":8.0,"enemies":"Gremlin Nob","floor":11.0,"turns":3.0},{"damage":10.0,"enemies":"Large Slime","floor":12.0,"turns":4.0},{"damage":23.0,"enemies":"3 Sentries","floor":14.0,"turns":6.0},{"damage":22.0,"enemies":"Slime Boss","floor":16.0,"turns":8.0},{"damage":10.0,"enemies":"Chosen","floor":18.0,"turns":5.0},{"damage":23.0,"enemies":"Shell Parasite","floor":19.0,"turns":4.0},{"damage":36.0,"enemies":"Snecko","floor":24.0,"turns":7.0},{"damage":34.0,"enemies":"Slavers","floor":27.0,"turns":6.0},{"damage":0.0,"enemies":"Colosseum Slavers","floor":29.0,"turns":1.0},{"damage":65.0,"enemies":"Colosseum Nobs","floor":29.0,"turns":6.0},{"damage":9.0,"enemies":"Cultist and Chosen","floor":31.0,"turns":7.0},{"damage":55,"enemies":"Automaton","floor":33,"turns":6}],"seed_played":"-1626373534492319837","potions_obtained":[{"floor":1.0,"key":"BloodPotion"},{"floor":2.0,"key":"Weak Potion"},{"floor":3.0,"key":"BloodPotion"},{"floor":10.0,"key":"FairyPotion"},{"floor":14.0,"key":"GamblersBrew"},{"floor":18.0,"key":"Explosive Potion"},{"floor":27.0,"key":"SmokeBomb"},{"floor":31.0,"key":"Poison Potion"}],"is_trial":false,"path_per_floor":["M","M","M","M","M","R","E","R","T","M","E","M","?","E","R","B",null,"M","M","$","?","?","R","M","R","T","E","R","?","$","M","R","B"],"character_chosen":"IRONCLAD","items_purchased":["Offering","Feel No Pain","Armaments","Medical Kit","Flame Barrier"],"campfire_rested":4,"item_purchase_floors":[20,20,20,30,30],"current_hp_per_floor":[74,73,70,67,72,72,73,73,73,66,64,60,34,35,57,41,67,63,46,46,46,46,46,16,38,38,10,47,13,13,10,47,0],"gold":27,"neow_bonus":"THREE_CARDS","is_prod":false,"is_daily":false,"chose_seed":false,"campfire_upgraded":3,"win_rate":0,"timestamp":1568743013,"path_taken":["M","M","M","M","M","R","E","R","T","M","E","M","?","E","R","BOSS","M","M","$","?","?","R","?","R","T","E","R","?","$","M","R","BOSS"],"build_version":"2019-07-17","purchased_purges":2,"victory":false,"max_hp_per_floor":[75,75,75,75,75,75,75,75,75,75,75,75,75,75,75,75,75,75,75,75,75,75,75,75,75,75,75,75,75,75,75,75,75],"card_choices":[{"not_picked":["Headbutt","Inflame"],"picked":"Wild Strike","floor":0.0},{"not_picked":["Sentinel","Warcry","Second Wind"],"picked":"SKIP","floor":1.0},{"not_picked":["Blood for Blood","Flex","Clash"],"picked":"SKIP","floor":2.0},{"not_picked":["Pommel Strike","Pummel"],"picked":"Shrug It Off","floor":3.0},{"not_picked":["Sentinel","Headbutt"],"picked":"Metallicize","floor":4.0},{"not_picked":["Heavy Blade","Anger"],"picked":"Demon Form","floor":5.0},{"not_picked":["Havoc","Iron Wave"],"picked":"Anger","floor":7.0},{"not_picked":["Whirlwind","Flex"],"picked":"Heavy Blade","floor":10.0},{"not_picked":["Clothesline","Armaments"],"picked":"Perfected Strike","floor":11.0},{"not_picked":["Double Tap","Headbutt","Havoc"],"picked":"SKIP","floor":12.0},{"not_picked":["Flex","Blood for Blood"],"picked":"Shrug It Off","floor":14.0},{"not_picked":["Sentinel","Havoc"],"picked":"Corruption","floor":18.0},{"not_picked":["Cleave","Warcry"],"picked":"Metallicize","floor":19.0},{"not_picked":["Second Wind","Wild Strike","Sever Soul"],"picked":"SKIP","floor":24.0},{"not_picked":["Intimidate","Disarm"],"picked":"Feel No Pain","floor":27.0},{"not_picked":["Sword Boomerang+1","Anger"],"picked":"Shockwave","floor":29.0},{"not_picked":["Entrench","Dual Wield"],"picked":"Ghostly Armor+1","floor":31.0}],"player_experience":809400,"relics_obtained":[{"floor":7.0,"key":"Bag of Preparation"},{"floor":9.0,"key":"Sundial"},{"floor":11.0,"key":"Matryoshka"},{"floor":14.0,"key":"Smiling Mask"},{"floor":26.0,"key":"Vajra"},{"floor":26.0,"key":"Regal Pillow"},{"floor":27.0,"key":"War Paint"},{"floor":29.0,"key":"WingedGreaves"},{"floor":29.0,"key":"The Courier"}],"event_choices":[{"damage_healed":0.0,"max_hp_gain":0.0,"max_hp_loss":0.0,"gold_gain":0.0,"event_name":"Golden Idol","player_choice":"Take Damage","floor":13.0,"gold_loss":0.0,"damage_taken":26.0,"relics_obtained":["Golden Idol"]},{"damage_healed":0.0,"max_hp_gain":0.0,"max_hp_loss":0.0,"gold_gain":0.0,"event_name":"The Library","player_choice":"Read","floor":21.0,"gold_loss":0.0,"damage_taken":0.0,"cards_obtained":["Disarm"]},{"damage_healed":0.0,"max_hp_gain":0.0,"max_hp_loss":0.0,"gold_gain":0.0,"event_name":"Accursed Blacksmith","player_choice":"Forge","floor":22.0,"gold_loss":0.0,"damage_taken":0.0,"cards_upgraded":["Corruption"]},{"damage_healed":0.0,"max_hp_gain":0.0,"max_hp_loss":0.0,"gold_gain":0.0,"event_name":"Colosseum","player_choice":"Fight","floor":29.0,"gold_loss":0.0,"damage_taken":0.0},{"damage_healed":0.0,"max_hp_gain":0.0,"max_hp_loss":0.0,"gold_gain":0.0,"event_name":"Colosseum","player_choice":"Fought Nobs","floor":29.0,"gold_loss":0.0,"damage_taken":0.0}],"is_beta":false,"boss_relics":[{"not_picked":["Calling Bell","Astrolabe"],"picked":"Velvet Choker"}],"items_purged_floors":[20,30],"is_endless":false,"potions_floor_spawned":[1,2,3,10,12,14,18,27,31],"killed_by":"Automaton","ascension_level":20}