{"gold_per_floor":[113,113,113,113,16,16,16,59,83,83,123,123,147,4,4,132,132,146,146,146,228,240,240,275,4,4,23,23,58,69,86,86,86],"floor_reached":33,"playtime":2020,"items_purged":[],"score":307,"play_id":"1bfee197-c0c1-4e99-852a-60f25efb31b0","local_time":"20190528105514","is_ascension_mode":true,"campfire_choices":[{"data":"Infinite Blades","floor":6,"key":"SMITH"},{"floor":10,"key":"REST"},{"floor":12,"key":"REST"},{"floor":15,"key":"REST"},{"floor":23,"key":"REST"},{"floor":32,"key":"REST"}],"neow_cost":"NONE","seed_source_timestamp":1312076040311,"circlet_count":0,"master_deck":["Defend_G","Defend_G+1","Defend_G","Defend_G","Defend_G","Survivor+1","Neutralize+1","Forethought","Deflect","Injury","Infinite Blades+1","Cloak And Dagger","Escape Plan","Cloak And Dagger","Die Die Die","Footwork","Prepared","Bane","A Thousand Cuts","Poisoned Stab+1","Slice","Noxious Fumes","Caltrops","Blade Dance","Acrobatics","Bite","Bite","Bite","Bite","Bite","After Image","Dodge and Roll+1","Accuracy"],"relics":["Ring of the Snake","Sundial","Bloody Idol","Shuriken","PreservedInsect","Whetstone","Lizard Tail","Question Card","Tingsha","Orichalcum","Juzu Bracelet","Red Mask"],"potions_floor_usage":[16,27,29,33],"damage_taken":[{"damage":0,"enemies":"Small Slimes","floor":1,"turns":5},{"damage":48,"enemies":"Gremlin Nob","floor":8,"turns":6},{"damage":18,"enemies":"Lagavulin","floor":11,"turns":5},{"damage":4,"enemies":"2 Louse","floor":13,"turns":2},{"damage":18,"enemies":"Slime Boss","floor":16,"turns":10},{"damage":12,"enemies":"Chosen","floor":18,"turns":6},{"damage":24,"enemies":"2 Thieves","floor":22,"turns":4},{"damage":38,"enemies":"Slavers","floor":24,"turns":5},{"damage":20,"enemies":"Snecko","floor":27,"turns":6},{"damage":39,"enemies":"Masked Bandits","floor":29,"turns":4},{"damage":23,"enemies":"3 Cultists","floor":30,"turns":5},{"damage":19,"enemies":"Snake Plant","floor":31,"turns":7},{"damage":62,"enemies":"Automaton","floor":33,"turns":10}],"seed_played":"2440559434081458730","potions_obtained":[{"floor":1,"key":"FearPotion"},{"floor":11,"key":"Weak Potion"},{"floor":18,"key":"Weak Potion"},{"floor":24,"key":"Block Potion"},{"floor":29,"key":"EssenceOfSteel"}],"is_trial":false,"path_per_floor":["M","?","?","?","$","R","?","E","T","R","E","R","M","$","R","B",null,"M","?","?","T","M","R","E","$","T","M","?","?","M","M","R","B"],"character_chosen":"THE_SILENT","items_purchased":["Infinite Blades","Cloak And Dagger","Footwork","Prepared","Bane","Orichalcum","Caltrops","Blade Dance"],"campfire_rested":5,"item_purchase_floors":[5,5,14,14,14,25,25,25],"current_hp_per_floor":[70,67,53,53,53,53,53,5,5,26,8,29,25,25,46,28,70,58,58,58,63,49,70,37,37,37,22,22,29,17,15,29,0],"gold":86,"neow_bonus":"RANDOM_COLORLESS","is_prod":false,"is_daily":false,"chose_seed":false,"campfire_upgraded":1,"win_rate":0,"timestamp":1559055314,"path_taken":["M","?","?","?","$","R","?","E","T","R","E","R","?","?","R","BOSS","M","?","?","?","?","R","E","$","T","M","?","?","M","M","R","BOSS"],"build_version":"2019-01-23","purchased_purges":0,"victory":false,"max_hp_per_floor":[70,70,70,70,70,70,70,70,70,70,70,70,70,70,70,70,70,70,70,70,70,70,70,70,70,70,70,49,49,49,49,49,49],"card_choices":[{"not_picked":["All Out Attack","Slice"],"picked":"Deflect","floor":1},{"not_picked":["Prepared","Flechettes"],"picked":"Escape Plan","floor":8},{"not_picked":["Eviscerate","Endless Agony"],"picked":"Cloak And Dagger","floor":11},{"not_picked":["Dagger Spray","Flying Knee"],"picked":"Die Die Die","floor":13},{"not_picked":["Bullet Time","Die Die Die"],"picked":"A Thousand Cuts","floor":16},{"not_picked":["Underhanded Strike","Footwork"],"picked":"Poisoned Stab+1","floor":18},{"not_picked":["Deflect","Prepared+1","Bane+1"],"picked":"Slice","floor":22},{"not_picked":["Cloak And Dagger","Corpse Explosion","Dagger Throw"],"picked":"Noxious Fumes","floor":24},{"not_picked":["Endless Agony","Riddle With Holes","Deadly Poison+1"],"picked":"Acrobatics","floor":27},{"not_picked":["Backflip","Dodge and Roll","Finisher"],"picked":"After Image","floor":29},{"not_picked":["Outmaneuver","Underhanded Strike","Backflip"],"picked":"Dodge and Roll+1","floor":30},{"not_picked":["Quick Slash","Outmaneuver+1","Flying Knee"],"picked":"Accuracy","floor":31}],"player_experience":713809,"relics_obtained":[{"floor":8,"key":"Shuriken"},{"floor":9,"key":"PreservedInsect"},{"floor":11,"key":"Whetstone"},{"floor":21,"key":"Question Card"},{"floor":24,"key":"Tingsha"},{"floor":26,"key":"Juzu Bracelet"},{"floor":29,"key":"Red Mask"}],"event_choices":[{"damage_healed":0,"gold_gain":0,"player_choice":"Success","damage_taken":3,"relics_obtained":["Sundial"],"max_hp_gain":0,"max_hp_loss":0,"event_name":"Scrap Ooze","floor":2,"gold_loss":0},{"damage_healed":0,"gold_gain":0,"player_choice":"Entered Light","damage_taken":14,"max_hp_gain":0,"max_hp_loss":0,"event_name":"Shining Light","floor":3,"gold_loss":0,"cards_upgraded":["Defend_G","Strike_G"]},{"damage_healed":0,"gold_gain":0,"player_choice":"Take Wound","damage_taken":0,"relics_obtained":["Golden Idol"],"max_hp_gain":0,"max_hp_loss":0,"event_name":"Golden Idol","floor":4,"gold_loss":0,"cards_obtained":["Injury"]},{"damage_healed":0,"gold_gain":0,"player_choice":"Grow","damage_taken":0,"max_hp_gain":0,"max_hp_loss":0,"event_name":"Living Wall","floor":7,"gold_loss":0,"cards_upgraded":["Survivor"]},{"damage_healed":0,"gold_gain":0,"player_choice":"Gave Idol","damage_taken":0,"relics_obtained":["Bloody Idol"],"max_hp_gain":0,"max_hp_loss":0,"event_name":"Forgotten Altar","floor":19,"relics_lost":["Golden Idol"],"gold_loss":0},{"damage_healed":0,"gold_gain":0,"player_choice":"Ignored","damage_taken":0,"max_hp_gain":0,"max_hp_loss":0,"event_name":"Ghosts","floor":20,"gold_loss":0},{"damage_healed":0,"gold_gain":0,"player_choice":"Became a vampire","damage_taken":0,"max_hp_gain":0,"max_hp_loss":21,"event_name":"Vampires","floor":28,"gold_loss":0,"cards_obtained":["Bite","Bite","Bite","Bite","Bite"]},{"damage_healed":0,"gold_gain":0,"player_choice":"Fought Bandits","damage_taken":0,"max_hp_gain":0,"max_hp_loss":0,"event_name":"Masked Bandits","floor":29,"gold_loss":0}],"is_beta":false,"boss_relics":[{"not_picked":["Coffee Dripper","Tiny House"],"picked":"Lizard Tail"}],"items_purged_floors":[],"is_endless":false,"potions_floor_spawned":[1,11,18,24,29],"killed_by":"Automaton","ascension_level":1}