{"gold_per_floor":[113,128,128,147,57,91,105,105,105,117,159,201,243,270,282,368,380,402,414,426,457,469,481,525,553,565,577,323,357,165,176,176,250,250,261,280,280,300,101,101,115,130,155,182,182,282,282,298,298,298,298,298,298,17,50,50],"floor_reached":57,"playtime":4472,"items_purged":["Strike_R","Strike_R","Inflame+1"],"score":3105,"play_id":"9b383790-0171-40e2-a02c-ff21e99937ec","local_time":"20190916105417","is_ascension_mode":true,"campfire_choices":[{"data":"Corruption","floor":8.0,"key":"SMITH"},{"data":"True Grit","floor":15.0,"key":"SMITH"},{"data":"True Grit","floor":23.0,"key":"SMITH"},{"floor":27.0,"key":"REST"},{"data":"Feel No Pain","floor":32.0,"key":"SMITH"},{"floor":40.0,"key":"RECALL"},{"data":"Feel No Pain","floor":47,"key":"SMITH"},{"floor":49,"key":"REST"},{"data":"Feel No Pain","floor":53,"key":"SMITH"}],"neow_cost":"NONE","seed_source_timestamp":351811298605200,"circlet_count":0,"master_deck":["AscendersBane","Defend_R","Defend_R","Defend_R","Defend_R","Bash+1","Corruption+1","Sentinel","Sentinel","Fiend Fire","Ghostly Armor","Reaper","True Grit+1","Battle Trance+1","True Grit+1","Burning Pact+1","Feel No Pain+1","Feel No Pain+1","True Grit","Apotheosis","True Grit","Purity","Fiend Fire","Barricade+1","Feel No Pain+1","Battle Trance"],"special_seed":0,"relics":["Burning Blood","Dead Branch","Strawberry","MawBank","Blue Candle","Potion Belt","Singing Bowl","PreservedInsect","Orrery","Vajra","Bronze Scales","Shuriken","Dream Catcher","Astrolabe","Red Skull","Pocketwatch","Letter Opener","War Paint"],"potions_floor_usage":[56,56,56],"damage_taken":[{"damage":1.0,"enemies":"Cultist","floor":1.0,"turns":3.0},{"damage":4.0,"enemies":"Small Slimes","floor":2.0,"turns":4.0},{"damage":0.0,"enemies":"2 Louse","floor":4.0,"turns":3.0},{"damage":15.0,"enemies":"Lagavulin","floor":6.0,"turns":5.0},{"damage":2.0,"enemies":"Large Slime","floor":7.0,"turns":4.0},{"damage":13.0,"enemies":"3 Sentries","floor":11.0,"turns":5.0},{"damage":0.0,"enemies":"Gremlin Nob","floor":13.0,"turns":2.0},{"damage":9.0,"enemies":"Lots of Slimes","floor":14.0,"turns":2.0},{"damage":11.0,"enemies":"Hexaghost","floor":16.0,"turns":7.0},{"damage":19.0,"enemies":"Chosen","floor":18.0,"turns":4.0},{"damage":17.0,"enemies":"Shell Parasite","floor":21.0,"turns":4.0},{"damage":12.0,"enemies":"Slavers","floor":24.0,"turns":3.0},{"damage":2.0,"enemies":"Centurion and Healer","floor":25.0,"turns":5.0},{"damage":0.0,"enemies":"Gremlin Leader","floor":29.0,"turns":3.0},{"damage":6.0,"enemies":"Chosen and Byrds","floor":31.0,"turns":3.0},{"damage":0.0,"enemies":"Collector","floor":33.0,"turns":6.0},{"damage":38.0,"enemies":"3 Shapes","floor":35.0,"turns":4.0},{"damage":10.0,"enemies":"Orb Walker","floor":36.0,"turns":4.0},{"damage":9.0,"enemies":"Sphere and 2 Shapes","floor":38.0,"turns":14.0},{"damage":39.0,"enemies":"3 Darklings","floor":41.0,"turns":9.0},{"damage":0,"enemies":"Writhing Mass","floor":42,"turns":6},{"damage":73,"enemies":"Reptomancer","floor":44,"turns":14},{"damage":32,"enemies":"Mind Bloom Boss Battle","floor":46,"turns":27},{"damage":40,"enemies":"Maw","floor":48,"turns":10},{"damage":14,"enemies":"Time Eater","floor":50,"turns":18},{"damage":0,"enemies":"Donu and Deca","floor":51,"turns":7},{"damage":9,"enemies":"Shield and Spear","floor":55,"turns":12},{"damage":13,"enemies":"The Heart","floor":56,"turns":7}],"seed_played":"-7919760334419883711","potions_obtained":[{"floor":1.0,"key":"Swift Potion"},{"floor":4.0,"key":"PowerPotion"},{"floor":14.0,"key":"FearPotion"},{"floor":18.0,"key":"FearPotion"},{"floor":21.0,"key":"Ancient Potion"},{"floor":29.0,"key":"EssenceOfSteel"},{"floor":31.0,"key":"Block Potion"},{"floor":35.0,"key":"LiquidBronze"}],"is_trial":false,"path_per_floor":["M","M","T","M","$","E","M","R","T","?","E","?","E","M","R","B",null,"M","?","?","M","?","R","E","M","T","R","$","E","$","M","R","B",null,"M","M","?","M","$","R","M","M","T","E","?","?","R","M","R","B","B",null,"R","$","E","B",null],"character_chosen":"IRONCLAD","items_purchased":["Sentinel","Apotheosis","Purity","Feel No Pain","Letter Opener"],"campfire_rested":2,"item_purchase_floors":[5,28,30,39,54],"current_hp_per_floor":[73,75,75,75,75,73,77,77,77,51,44,44,50,47,47,56,82,75,75,75,64,38,38,39,43,43,71,71,83,83,94,94,97,97,89,101,101,103,103,103,102,107,107,70,70,109,109,103,113,113,113,113,113,113,112,105],"gold":50,"neow_bonus":"UPGRADE_CARD","is_prod":false,"is_daily":false,"chose_seed":false,"campfire_upgraded":6,"win_rate":0,"timestamp":1568656457,"path_taken":["M","M","?","M","?","E","M","R","T","?","E","?","E","M","R","BOSS","M","?","?","?","?","R","E","M","T","R","$","E","$","M","R","BOSS","M","M","?","?","$","R","?","M","T","E","?","?","R","M","R","BOSS","BOSS","R","$","E","BOSS"],"build_version":"2019-07-17","purchased_purges":3,"victory":true,"max_hp_per_floor":[75,75,75,75,75,82,82,82,82,82,82,82,82,82,82,82,88,88,88,88,88,93,93,95,95,95,95,95,95,95,97,97,97,97,99,101,101,103,103,103,105,107,107,109,109,109,109,111,113,113,113,113,113,113,115,115],"card_choices":[{"not_picked":["Heavy Blade","Havoc"],"picked":"Corruption","floor":1.0},{"not_picked":["Reckless Charge","Pommel Strike"],"picked":"Sentinel","floor":2.0},{"not_picked":["Pummel","Clash","Thunderclap"],"picked":"SKIP","floor":4.0},{"not_picked":["Whirlwind","Heavy Blade"],"picked":"Fiend Fire","floor":6.0},{"not_picked":["Rupture","Reckless Charge","Pommel Strike"],"picked":"SKIP","floor":7.0},{"not_picked":["Clash","Clothesline"],"picked":"Ghostly Armor","floor":11.0},{"not_picked":["Immolate","Warcry"],"picked":"Reaper","floor":13.0},{"not_picked":["Headbutt","Evolve"],"picked":"True Grit","floor":14.0},{"not_picked":["Demon Form","Reaper"],"picked":"Exhume","floor":16.0},{"not_picked":["Heavy Blade","Sever Soul","Flex"],"picked":"Singing Bowl","floor":17.0},{"not_picked":["Thunderclap","Bloodletting","Pommel Strike"],"picked":"Singing Bowl","floor":17.0},{"not_picked":["Warcry","Body Slam"],"picked":"Battle Trance","floor":17.0},{"not_picked":["Reaper","Clothesline"],"picked":"True Grit","floor":17.0},{"not_picked":["Sword Boomerang","Headbutt","Iron Wave"],"picked":"Singing Bowl","floor":17.0},{"not_picked":["Havoc","Cleave"],"picked":"Burning Pact","floor":18.0},{"not_picked":["Rage","Power Through"],"picked":"Feel No Pain","floor":21.0},{"not_picked":["Headbutt","Brutality","Clash"],"picked":"Singing Bowl","floor":24.0},{"not_picked":["Cleave","Pommel Strike"],"picked":"True Grit","floor":25.0},{"not_picked":["Armaments","Wild Strike"],"picked":"True Grit","floor":29.0},{"not_picked":["Carnage+1","Infernal Blade","Uppercut"],"picked":"Singing Bowl","floor":31.0},{"not_picked":["Double Tap","Exhume"],"picked":"Fiend Fire","floor":33.0},{"not_picked":["Pommel Strike+1","Dual Wield+1","Uppercut"],"picked":"Singing Bowl","floor":35.0},{"not_picked":["Thunderclap+1","Searing Blow","Heavy Blade+1"],"picked":"Singing Bowl","floor":36.0},{"not_picked":["Headbutt","Perfected Strike","Inflame"],"picked":"Singing Bowl","floor":38.0},{"not_picked":["Pommel Strike","Perfected Strike","Shrug It Off"],"picked":"Singing Bowl","floor":41.0},{"not_picked":["Havoc+1","Armaments+1","Sword Boomerang+1"],"picked":"Singing Bowl","floor":42},{"not_picked":["Dropkick","Brutality","Shockwave+1"],"picked":"Singing Bowl","floor":44},{"not_picked":["Carnage","Second Wind+1"],"picked":"Battle Trance","floor":46},{"not_picked":["Pommel Strike+1","Sever Soul","Havoc+1"],"picked":"Singing Bowl","floor":48},{"not_picked":["Body Slam","True Grit+1","Pommel Strike+1"],"picked":"Singing Bowl","floor":49},{"not_picked":["Reaper","Barricade","Perfected Strike"],"picked":"Singing Bowl","floor":55}],"player_experience":765027,"relics_obtained":[{"floor":3.0,"key":"Dead Branch"},{"floor":6.0,"key":"Strawberry"},{"floor":9.0,"key":"MawBank"},{"floor":11.0,"key":"Potion Belt"},{"floor":13.0,"key":"PreservedInsect"},{"floor":24.0,"key":"Bronze Scales"},{"floor":26.0,"key":"Shuriken"},{"floor":29.0,"key":"Dream Catcher"},{"floor":44,"key":"Red Skull"},{"floor":46,"key":"Pocketwatch"},{"floor":55,"key":"War Paint"}],"event_choices":[{"damage_healed":0.0,"max_hp_gain":0.0,"max_hp_loss":0.0,"gold_gain":0.0,"event_name":"Scrap Ooze","player_choice":"Success","floor":10.0,"gold_loss":0.0,"damage_taken":26.0,"relics_obtained":["Blue Candle"]},{"damage_healed":0.0,"max_hp_gain":0.0,"max_hp_loss":0.0,"gold_gain":30.0,"event_name":"Dead Adventurer","player_choice":"Searched \u00273\u0027 times","floor":12.0,"gold_loss":0.0,"damage_taken":0.0,"relics_obtained":["Singing Bowl"]},{"damage_healed":0.0,"max_hp_gain":0.0,"max_hp_loss":0.0,"gold_gain":0.0,"event_name":"The Library","player_choice":"Read","floor":19.0,"gold_loss":0.0,"damage_taken":0.0,"cards_obtained":["Feel No Pain"]},{"damage_healed":0.0,"max_hp_gain":0.0,"max_hp_loss":0.0,"gold_gain":0.0,"event_name":"WeMeetAgain","player_choice":"Gave Potion","floor":20.0,"gold_loss":0.0,"damage_taken":0.0,"relics_obtained":["Vajra"]},{"damage_healed":0.0,"max_hp_gain":5.0,"max_hp_loss":0.0,"gold_gain":0.0,"event_name":"Forgotten Altar","player_choice":"Shed Blood","floor":22.0,"gold_loss":0.0,"damage_taken":31.0},{"cards_removed":["Clash"],"damage_healed":0.0,"max_hp_gain":0.0,"max_hp_loss":0.0,"gold_gain":0.0,"event_name":"Purifier","player_choice":"Purged","floor":37.0,"gold_loss":0.0,"damage_taken":0.0},{"cards_removed":["Exhume"],"damage_healed":0,"gold_gain":0,"player_choice":"Removed Skill","damage_taken":0,"max_hp_gain":0,"max_hp_loss":0,"event_name":"Falling","floor":45,"gold_loss":0},{"damage_healed":0,"gold_gain":0,"player_choice":"Fight","damage_taken":0,"max_hp_gain":0,"max_hp_loss":0,"event_name":"MindBloom","floor":46,"gold_loss":0}],"is_beta":false,"boss_relics":[{"not_picked":["Busted Crown","Fusion Hammer"],"picked":"Orrery"},{"not_picked":["Runic Cube","Calling Bell"],"picked":"Astrolabe"}],"items_purged_floors":[28,30,39],"is_endless":false,"potions_floor_spawned":[1,4,14,18,21,29,31,35,36,41],"ascension_level":20}