{"gold_per_floor":[114,128,140,154,154,154,183,197,223,223,256,181,213,55,55,131,131,131,131,131,131,131,131,131,131,131,131,131,56,56,56,56,56,56,56,56,56,0,0,0,0,0,0,0,0,0,0,0,0,0],"floor_reached":51,"playtime":6722,"items_purged":["Defend_B"],"score":1584,"play_id":"6b907bd2-ed5a-41b4-87a4-0570629f5367","local_time":"20190924184700","is_ascension_mode":true,"campfire_choices":[{"data":"Go for the Eyes","floor":6.0,"key":"SMITH"},{"floor":10.0,"key":"REST"},{"floor":15.0,"key":"REST"},{"data":"Coolheaded","floor":23.0,"key":"SMITH"},{"data":"Barrage","floor":25.0,"key":"SMITH"},{"data":"Biased Cognition","floor":28.0,"key":"SMITH"},{"data":"Defragment","floor":32.0,"key":"SMITH"},{"data":"Lockon","floor":41.0,"key":"SMITH"},{"floor":49.0,"key":"REST"}],"neow_cost":"NONE","seed_source_timestamp":1364500204875616,"circlet_count":0,"master_deck":["AscendersBane","Zap","Dualcast","Go for the Eyes+1","Coolheaded+1","Barrage+1","Genetic Algorithm","Chill","White Noise","FTL","Biased Cognition+1","Ball Lightning+1","Cold Snap","White Noise","Compile Driver","Force Field","Defragment+1","Machine Learning","Chill+1","Rainbow+1","Rainbow+1","Double Energy+1","Madness","Lockon+1","Lockon+1","Chill+1","Streamline+1"],"special_seed":0,"relics":["Inserter","Ancient Tea Set","Centennial Puzzle","PreservedInsect","Blood Vial","Ectoplasm","Pen Nib","Mummified Hand","Incense Burner","Bag of Marbles","Astrolabe","Red Mask","Mango","Orichalcum","Ice Cream","Dodecahedron","Molten Egg 2"],"potions_floor_usage":[50,50],"damage_taken":[{"damage":12.0,"enemies":"Small Slimes","floor":1.0,"turns":4.0},{"damage":5.0,"enemies":"2 Louse","floor":2.0,"turns":2.0},{"damage":2.0,"enemies":"Jaw Worm","floor":3.0,"turns":5.0},{"damage":7.0,"enemies":"3 Louse","floor":4.0,"turns":6.0},{"damage":35.0,"enemies":"3 Sentries","floor":7.0,"turns":10.0},{"damage":1.0,"enemies":"Blue Slaver","floor":8.0,"turns":6.0},{"damage":17.0,"enemies":"Lagavulin","floor":11.0,"turns":10.0},{"damage":11.0,"enemies":"3 Sentries","floor":13.0,"turns":5.0},{"damage":5.0,"enemies":"The Guardian","floor":16.0,"turns":13.0},{"damage":4.0,"enemies":"Spheric Guardian","floor":18.0,"turns":4.0},{"damage":4.0,"enemies":"3 Byrds","floor":19.0,"turns":5.0},{"damage":2.0,"enemies":"Centurion and Healer","floor":21.0,"turns":6.0},{"damage":16.0,"enemies":"Slavers","floor":24.0,"turns":2.0},{"damage":0.0,"enemies":"Gremlin Leader","floor":30.0,"turns":4.0},{"damage":4.0,"enemies":"Sentry and Sphere","floor":31.0,"turns":5.0},{"damage":0.0,"enemies":"Collector","floor":33.0,"turns":9.0},{"damage":0.0,"enemies":"3 Shapes","floor":35.0,"turns":4.0},{"damage":0.0,"enemies":"3 Darklings","floor":39.0,"turns":3.0},{"damage":0.0,"enemies":"Transient","floor":40.0,"turns":5.0},{"damage":0.0,"enemies":"Reptomancer","floor":42.0,"turns":5.0},{"damage":24.0,"enemies":"Mind Bloom Boss Battle","floor":44.0,"turns":4.0},{"damage":4.0,"enemies":"Giant Head","floor":45.0,"turns":5.0},{"damage":0.0,"enemies":"Sphere and 2 Shapes","floor":47.0,"turns":3.0},{"damage":0.0,"enemies":"Reptomancer","floor":48.0,"turns":5.0},{"damage":14,"enemies":"Time Eater","floor":50,"turns":7}],"seed_played":"2718917883785523713","potions_obtained":[{"floor":1.0,"key":"EssenceOfSteel"},{"floor":2.0,"key":"Poison Potion"},{"floor":8.0,"key":"Block Potion"},{"floor":11.0,"key":"Weak Potion"},{"floor":16.0,"key":"SkillPotion"},{"floor":18.0,"key":"Fire Potion"},{"floor":30.0,"key":"Ancient Potion"},{"floor":31.0,"key":"Regen Potion"},{"floor":33.0,"key":"Poison Potion"},{"floor":39.0,"key":"SteroidPotion"},{"floor":40.0,"key":"FocusPotion"},{"floor":45.0,"key":"Strength Potion"}],"is_trial":false,"path_per_floor":["M","M","M","M","?","R","E","M","T","R","E","?","E","$","R","B",null,"M","M","?","M","?","R","E","R","T","T","R","?","E","M","R","B",null,"M","?","?","?","M","M","R","E","T","?","E","$","M","E","R","B",null],"character_chosen":"DEFECT","items_purchased":["FTL"],"campfire_rested":3,"item_purchase_floors":[14],"current_hp_per_floor":[52,47,45,38,43,43,8,7,7,29,12,12,1,1,23,20,62,60,58,58,58,58,58,44,44,44,44,44,44,46,44,44,46,69,71,71,71,71,73,75,75,90,90,66,64,64,66,68,90,76],"gold":0,"neow_bonus":"BOSS_RELIC","is_prod":false,"is_daily":false,"chose_seed":false,"campfire_upgraded":6,"win_rate":0,"timestamp":1569365220,"path_taken":["M","M","M","M","?","R","E","M","T","R","E","?","E","$","R","BOSS","M","M","?","M","?","R","E","R","T","?","R","?","E","M","R","BOSS","M","?","?","?","M","M","R","E","T","?","E","?","?","E","R","BOSS"],"build_version":"2019-07-17","purchased_purges":1,"victory":true,"max_hp_per_floor":[71,71,71,71,76,76,76,76,76,76,76,76,76,76,76,76,76,76,76,76,76,76,76,76,76,76,76,76,76,76,76,76,76,76,76,76,76,76,76,76,76,90,90,90,90,90,90,90,90,90],"card_choices":[{"not_picked":["Steam Power","Hologram"],"picked":"Go for the Eyes","floor":1.0},{"not_picked":["Sweeping Beam","Doom and Gloom"],"picked":"Coolheaded","floor":2.0},{"not_picked":["Compile Driver","Go for the Eyes"],"picked":"Barrage","floor":3.0},{"not_picked":["Hologram","Aggregate","Core Surge"],"picked":"SKIP","floor":4.0},{"not_picked":["Heatsinks","Sweeping Beam"],"picked":"Genetic Algorithm","floor":7.0},{"not_picked":["Barrage","Melter"],"picked":"FTL","floor":8.0},{"not_picked":["Meteor Strike","Auto Shields"],"picked":"Chill","floor":11.0},{"not_picked":["Beam Cell","Rebound"],"picked":"White Noise","floor":13.0},{"not_picked":["Amplify","All For One"],"picked":"Biased Cognition","floor":16.0},{"not_picked":["Leap","Cold Snap"],"picked":"Ball Lightning+1","floor":18.0},{"not_picked":["Lockon","Auto Shields"],"picked":"Cold Snap","floor":19.0},{"not_picked":["Conserve Battery","Leap","Coolheaded"],"picked":"SKIP","floor":21.0},{"not_picked":["Go for the Eyes","Static Discharge+1","Meteor Strike"],"picked":"SKIP","floor":24.0},{"not_picked":["Conserve Battery","Fission"],"picked":"Force Field","floor":30.0},{"not_picked":["Go for the Eyes","Lockon"],"picked":"Defragment","floor":31.0},{"not_picked":["Hyperbeam","Buffer"],"picked":"Machine Learning","floor":33.0},{"not_picked":["Streamline+1","Gash+1"],"picked":"Double Energy+1","floor":35.0},{"not_picked":["Good Instincts","Dark Shackles"],"picked":"Madness","floor":37.0},{"not_picked":["Auto Shields","Double Energy","Redo"],"picked":"SKIP","floor":39.0},{"not_picked":["Streamline","Barrage"],"picked":"Lockon","floor":40.0},{"not_picked":["Chill","All For One"],"picked":"Lockon+1","floor":42.0},{"not_picked":["Gash","Loop"],"picked":"Chill+1","floor":45.0},{"not_picked":["Tempest","Reinforced Body"],"picked":"Streamline+1","floor":47.0},{"not_picked":["Leap","Sweeping Beam+1","Hologram"],"picked":"SKIP","floor":48.0}],"player_experience":387887,"relics_obtained":[{"floor":7.0,"key":"Ancient Tea Set"},{"floor":9.0,"key":"Centennial Puzzle"},{"floor":11.0,"key":"PreservedInsect"},{"floor":13.0,"key":"Blood Vial"},{"floor":24.0,"key":"Pen Nib"},{"floor":26.0,"key":"Mummified Hand"},{"floor":27.0,"key":"Incense Burner"},{"floor":30.0,"key":"Bag of Marbles"},{"floor":42.0,"key":"Mango"},{"floor":43.0,"key":"Orichalcum"},{"floor":44.0,"key":"Ice Cream"},{"floor":45.0,"key":"Dodecahedron"},{"floor":48.0,"key":"Molten Egg 2"}],"event_choices":[{"damage_healed":0.0,"max_hp_gain":5.0,"max_hp_loss":0.0,"gold_gain":0.0,"event_name":"Big Fish","player_choice":"Donut","floor":5.0,"gold_loss":0.0,"damage_taken":0.0},{"cards_removed":["Strike_B"],"damage_healed":0.0,"max_hp_gain":0.0,"max_hp_loss":0.0,"gold_gain":0.0,"event_name":"The Cleric","player_choice":"Card Removal","floor":12.0,"gold_loss":75.0,"damage_taken":0.0},{"damage_healed":0.0,"max_hp_gain":0.0,"max_hp_loss":0.0,"gold_gain":0.0,"event_name":"Ghosts","player_choice":"Ignored","floor":20.0,"gold_loss":0.0,"damage_taken":0.0},{"damage_healed":0.0,"max_hp_gain":0.0,"max_hp_loss":0.0,"gold_gain":0.0,"cards_transformed":["Strike_B","Strike_B"],"event_name":"Drug Dealer","player_choice":"Became Test Subject","floor":22.0,"gold_loss":0.0,"damage_taken":0.0,"cards_obtained":["White Noise","Compile Driver"]},{"cards_removed":["Defend_B"],"damage_healed":0.0,"max_hp_gain":0.0,"max_hp_loss":0.0,"gold_gain":0.0,"event_name":"Beggar","player_choice":"Gave Gold","floor":29.0,"gold_loss":75.0,"damage_taken":0.0},{"cards_removed":["FTL"],"damage_healed":0.0,"max_hp_gain":0.0,"max_hp_loss":0.0,"gold_gain":0.0,"event_name":"Falling","player_choice":"Removed Attack","floor":36.0,"gold_loss":0.0,"damage_taken":0.0},{"damage_healed":0.0,"max_hp_gain":0.0,"max_hp_loss":0.0,"gold_gain":0.0,"event_name":"SensoryStone","player_choice":"Memory 1","floor":37.0,"gold_loss":0.0,"damage_taken":0.0},{"damage_healed":0.0,"max_hp_gain":0.0,"max_hp_loss":0.0,"gold_gain":0.0,"event_name":"Tomb of Lord Red Mask","player_choice":"Paid","floor":38.0,"gold_loss":56.0,"damage_taken":0.0,"relics_obtained":["Red Mask"]},{"damage_healed":0.0,"max_hp_gain":0.0,"max_hp_loss":0.0,"gold_gain":0.0,"event_name":"MindBloom","player_choice":"Fight","floor":44.0,"gold_loss":0.0,"damage_taken":0.0}],"is_beta":false,"boss_relics":[{"not_picked":["Busted Crown","Philosopher\u0027s Stone"],"picked":"Ectoplasm"},{"not_picked":["Orrery","Runic Pyramid"],"picked":"Astrolabe"}],"items_purged_floors":[14],"is_endless":false,"potions_floor_spawned":[1,2,8,11,16,18,30,31,33,39,40,45,48],"ascension_level":16}