{"path_per_floor":["M","M","?","?","M","R","$","R","T","R","?","M","$","E","R","B",null,"M","?","?","M","M","R","?","E","T"],"character_chosen":"IRONCLAD","items_purchased":["Flex","Deep Breath"],"gold_per_floor":[116,131,206,171,185,185,40,40,40,40,40,52,52,80,80,184,184,195,195,195,208,221,221,221,249,249,249],"floor_reached":27,"campfire_rested":1,"playtime":4449,"current_hp_per_floor":[74,75,64,80,71,71,71,71,71,71,64,69,69,57,80,17,80,72,72,72,70,77,77,77,44,44,0],"items_purged":[],"gold":249,"score":229,"play_id":"5451f89d-4308-4a4a-b1ea-6b138c222f4c","local_time":"20180518101151","is_prod":false,"is_daily":false,"chose_seed":false,"is_ascension_mode":false,"campfire_upgraded":4,"timestamp":1526652711,"campfire_choices":[{"data":"Strike_R","floor":6,"key":"SMITH"},{"data":"Flame Barrier","floor":8,"key":"SMITH"},{"data":"Bash","floor":10,"key":"SMITH"},{"floor":15,"key":"REST"},{"data":"Deep Breath","floor":23,"key":"SMITH"}],"path_taken":["M","M","?","?","M","R","$","R","T","R","?","M","?","E","R","BOSS","M","?","?","M","M","R","?","E","T","E"],"build_version":"2018-05-17","seed_source_timestamp":4200454270896,"purchased_purges":0,"victory":false,"master_deck":["Strike_R+1","Strike_R","Strike_R","Strike_R","Strike_R","Defend_R","Defend_R","Defend_R","Defend_R","Bash+1","Cleave","Thunderclap","Flame Barrier+1","Flex","Deep Breath+1","Dropkick+1","Thunderclap+1","Impervious","Anger+1","Thunderclap+1","Blood for Blood+1","Body Slam+1"],"max_hp_per_floor":[80,80,80,80,80,80,80,80,80,80,80,80,80,80,80,80,80,80,80,80,80,80,80,80,80,80,80],"relics":["Burning Blood","Self Forming Clay","Molten Egg 2","Magic Flower","Mark of Pain","Orichalcum","Bronze Scales","Happy Flower"],"card_choices":[{"not_picked":["Seeing Red","True Grit"],"picked":"Cleave","floor":1},{"not_picked":["Brutality","True Grit"],"picked":"Thunderclap","floor":2},{"not_picked":["Clothesline","Armaments"],"picked":"Flame Barrier","floor":5},{"not_picked":["Metallicize","Whirlwind+1"],"picked":"Dropkick+1","floor":12},{"not_picked":["Brutality","Sever Soul+1"],"picked":"Thunderclap+1","floor":14},{"not_picked":["Demon Form","Offering"],"picked":"Impervious","floor":16},{"not_picked":["Clash+1","Thunderclap+1"],"picked":"Anger+1","floor":18},{"not_picked":["Power Through+1","Flex"],"picked":"Thunderclap+1","floor":21},{"not_picked":["Warcry","True Grit"],"picked":"Blood for Blood+1","floor":22},{"not_picked":["Second Wind","Thunderclap+1"],"picked":"Body Slam+1","floor":25}],"player_experience":0,"potions_floor_usage":[],"damage_taken":[{"damage":12,"enemies":"Cultist","floor":1,"turns":5},{"damage":5,"enemies":"Small Slimes","floor":2,"turns":3},{"damage":15,"enemies":"Jaw Worm","floor":5,"turns":4},{"damage":1,"enemies":"3 Louse","floor":12,"turns":2},{"damage":18,"enemies":"Lagavulin","floor":14,"turns":5},{"damage":72,"enemies":"The Guardian","floor":16,"turns":12},{"damage":17,"enemies":"Spheric Guardian","floor":18,"turns":5},{"damage":11,"enemies":"Chosen","floor":21,"turns":7},{"damage":2,"enemies":"Snecko","floor":22,"turns":4},{"damage":42,"enemies":"Slavers","floor":25,"turns":7},{"damage":53,"enemies":"Gremlin Leader","floor":27,"turns":6}],"relics_obtained":[{"floor":9,"key":"Self Forming Clay"},{"floor":14,"key":"Magic Flower"},{"floor":25,"key":"Bronze Scales"},{"floor":26,"key":"Happy Flower"}],"event_choices":[{"event_name":"World of Goop","player_choice":"Gather Gold","floor":3,"damage_taken":0},{"event_name":"The Cleric","player_choice":"Healed","floor":4,"damage_taken":0},{"event_name":"Scrap Ooze","player_choice":"success","floor":11,"damage_taken":7},{"event_name":"The Lab","player_choice":"Got Potions","floor":19,"damage_taken":0},{"event_name":"The Mausoleum","player_choice":"Yes","floor":20,"damage_taken":0},{"event_name":"Ghosts","player_choice":"Ignored","floor":24,"damage_taken":0}],"boss_relics":[{"not_picked":["Cursed Key","Runic Dome"],"picked":"Mark of Pain"}],"potions_floor_spawned":[2,16,21,25],"seed_played":"-4202551432499316305","killed_by":"Gremlin Leader","ascension_level":0,"potions_obtained":[{"floor":2,"key":"Block Potion"},{"floor":16,"key":"SteroidPotion"},{"floor":19,"key":"Energy Potion"}],"is_trial":false}