{"gold_per_floor":[114,20,35,50,10,40,40,55,105,24,39,16,16,31,43,155,167,194,206,233,344,19,19,34,49,49,49,64,17,47,62,62,162,192,207,522,557,572,622,652,4,34,59,14,29,44,144,159,159,159],"floor_reached":51,"playtime":4701,"items_purged":[],"score":906,"play_id":"f7c8ff4c-2be3-49f7-8916-df270469f049","local_time":"20190530212247","daily_mods":["Shiny","Vintage","Terminal"],"is_ascension_mode":false,"campfire_choices":[{"data":"After Image","floor":7,"key":"SMITH"},{"floor":15,"key":"REST"},{"data":"Adrenaline","floor":23,"key":"SMITH"},{"data":"Wraith Form v2","floor":32,"key":"SMITH"},{"data":"Malaise","floor":49,"key":"SMITH"}],"neow_cost":"","seed_source_timestamp":0,"circlet_count":0,"master_deck":["Venomology","Corpse Explosion","Malaise+1","Phantasmal Killer","Die Die Die+1","Adrenaline+1","Envenom","Doppelganger+1","Burst","Wraith Form v2+1","Tools of the Trade","Night Terror","Unload","After Image+1","Bullet Time+1","Storm of Steel","Glass Knife","A Thousand Cuts","Grand Finale+1","Infinite Blades","Caltrops","Noxious Fumes","Slice","Deflect","Bullet Time","Madness+1","Poisoned Stab","Dagger Spray","Wraith Form v2","Decay","Dash+1","Choke+1","Madness","Secret Technique","Poisoned Stab","Footwork","Dodge and Roll","After Image","Trip","Sucker Punch+1"],"special_seed":18047,"relics":["Ring of the Snake","Vajra","Dream Catcher","Art of War","Regal Pillow","Turnip","Mercury Hourglass","Orichalcum","Bag of Marbles","MawBank","Black Star","Anchor","Smiling Mask","Mummified Hand","Omamori","Bag of Preparation","Bottled Lightning","FaceOfCleric","StoneCalendar","Boot","Ninja Scroll","Ancient Tea Set","Calling Bell","Tiny Chest","Matryoshka","Torii","Pear","Old Coin","Ice Cream","Du-Vu Doll","Lantern","Snake Skull","Centennial Puzzle","Gambling Chip","Membership Card","Ginger","Whetstone","Darkstone Periapt","Bottled Flame","Bronze Scales","War Paint","Paper Crane","FossilizedHelix","Bird Faced Urn","Question Card"],"potions_floor_usage":[6,16,16,20,31,37,37,38,38,42,47,48,48,50,50],"damage_taken":[{"damage":0,"enemies":"2 Louse","floor":1,"turns":1},{"damage":0,"enemies":"Cultist","floor":3,"turns":2},{"damage":0,"enemies":"Small Slimes","floor":4,"turns":1},{"damage":4,"enemies":"3 Sentries","floor":6,"turns":3},{"damage":6,"enemies":"2 Fungi Beasts","floor":8,"turns":3},{"damage":8,"enemies":"Looter","floor":11,"turns":4},{"damage":0,"enemies":"Large Slime","floor":14,"turns":4},{"damage":3,"enemies":"The Guardian","floor":16,"turns":7},{"damage":0,"enemies":"Spheric Guardian","floor":18,"turns":4},{"damage":0,"enemies":"2 Thieves","floor":20,"turns":4},{"damage":0,"enemies":"3 Cultists","floor":24,"turns":3},{"damage":1,"enemies":"Snake Plant","floor":25,"turns":4},{"damage":2,"enemies":"Snecko","floor":28,"turns":4},{"damage":0,"enemies":"Gremlin Leader","floor":30,"turns":4},{"damage":0,"enemies":"Shelled Parasite and Fungi","floor":31,"turns":3},{"damage":0,"enemies":"Collector","floor":33,"turns":7},{"damage":0,"enemies":"3 Shapes","floor":35,"turns":3},{"damage":0,"enemies":"Orb Walker","floor":36,"turns":3},{"damage":2,"enemies":"2 Orb Walkers","floor":37,"turns":3},{"damage":24,"enemies":"Transient","floor":38,"turns":5},{"damage":0,"enemies":"Giant Head","floor":40,"turns":8},{"damage":0,"enemies":"Reptomancer","floor":42,"turns":4},{"damage":1,"enemies":"Sphere and 2 Shapes","floor":45,"turns":3},{"damage":0,"enemies":"4 Shapes","floor":46,"turns":2},{"damage":0,"enemies":"Mind Bloom Boss Battle","floor":47,"turns":6},{"damage":0,"enemies":"Transient","floor":48,"turns":5},{"damage":18,"enemies":"Awakened One","floor":50,"turns":11}],"seed_played":"-908800921328887028","potions_obtained":[{"floor":3,"key":"AttackPotion"},{"floor":6,"key":"Block Potion"},{"floor":8,"key":"SkillPotion"},{"floor":33,"key":"Poison Potion"},{"floor":35,"key":"LiquidBronze"},{"floor":40,"key":"Explosive Potion"},{"floor":45,"key":"FearPotion"}],"is_trial":false,"path_per_floor":["M","?","M","M","$","E","R","M","T","$","M","$","?","M","R","B",null,"M","?","M","?","$","R","M","M","T","?","M","$","E","M","R","B",null,"M","M","?","M","T","E","$","E","T","$","M","M","?","M","R","B",null],"character_chosen":"THE_SILENT","items_purchased":["Infinite Blades","Noxious Fumes","Slice","Mummified Hand","Madness","Poisoned Stab","Membership Card","Ginger","Whetstone","Madness","Secret Technique","Poisoned Stab","Footwork","Dodge and Roll","Trip"],"campfire_rested":1,"item_purchase_floors":[5,10,12,22,22,29,41,41,41,41,41,41,41,41,44],"current_hp_per_floor":[68,67,66,65,64,60,60,54,54,54,46,46,46,46,54,51,52,51,50,49,48,47,46,45,44,43,42,41,41,41,41,40,40,39,49,49,48,25,25,26,26,27,27,27,27,28,29,45,44,27],"gold":159,"neow_bonus":"","is_prod":false,"is_daily":true,"chose_seed":false,"campfire_upgraded":4,"win_rate":0,"timestamp":1559265767,"path_taken":["M","?","M","?","$","E","R","M","T","?","M","$","?","M","R","BOSS","M","?","M","?","$","R","M","M","T","?","M","$","E","?","R","BOSS","M","M","?","M","?","E","$","E","T","?","M","?","?","M","R","BOSS"],"build_version":"2019-01-23","purchased_purges":0,"victory":true,"max_hp_per_floor":[68,67,66,65,64,63,62,61,60,59,58,57,56,55,54,53,52,51,50,49,48,47,46,45,44,43,42,42,41,41,41,40,40,39,49,49,49,49,48,48,47,47,46,45,45,45,45,45,44,44],"card_choices":[{"not_picked":["Skewer","Expertise"],"picked":"Caltrops","floor":6},{"not_picked":["Flying Knee","Backflip"],"picked":"Deflect","floor":15},{"not_picked":["Wraith Form v2","Phantasmal Killer"],"picked":"Bullet Time","floor":16},{"not_picked":["Sucker Punch","Quick Slash"],"picked":"Dagger Spray","floor":30},{"not_picked":["Glass Knife","Malaise"],"picked":"Wraith Form v2","floor":33},{"not_picked":["Dagger Spray+1","Deflect"],"picked":"Dash+1","floor":37},{"not_picked":["Catalyst","Dodge and Roll+1"],"picked":"Choke+1","floor":40},{"not_picked":["Catalyst+1","PiercingWail"],"picked":"After Image","floor":42},{"not_picked":["Cloak And Dagger","Terror"],"picked":"Sucker Punch+1","floor":47}],"player_experience":719617,"relics_obtained":[{"floor":1,"key":"Vajra"},{"floor":3,"key":"Art of War"},{"floor":4,"key":"Regal Pillow"},{"floor":6,"key":"Turnip"},{"floor":8,"key":"Mercury Hourglass"},{"floor":9,"key":"Orichalcum"},{"floor":11,"key":"Bag of Marbles"},{"floor":14,"key":"MawBank"},{"floor":18,"key":"Anchor"},{"floor":20,"key":"Smiling Mask"},{"floor":24,"key":"Omamori"},{"floor":25,"key":"Bag of Preparation"},{"floor":26,"key":"Bottled Lightning"},{"floor":28,"key":"StoneCalendar"},{"floor":30,"key":"Boot"},{"floor":30,"key":"Ninja Scroll"},{"floor":31,"key":"Ancient Tea Set"},{"floor":34,"key":"Tiny Chest"},{"floor":34,"key":"Matryoshka"},{"floor":34,"key":"Torii"},{"floor":35,"key":"Pear"},{"floor":36,"key":"Old Coin"},{"floor":37,"key":"Ice Cream"},{"floor":38,"key":"Du-Vu Doll"},{"floor":39,"key":"Lantern"},{"floor":39,"key":"Snake Skull"},{"floor":40,"key":"Centennial Puzzle"},{"floor":40,"key":"Gambling Chip"},{"floor":42,"key":"Darkstone Periapt"},{"floor":42,"key":"Bottled Flame"},{"floor":43,"key":"Bronze Scales"},{"floor":43,"key":"War Paint"},{"floor":45,"key":"Paper Crane"},{"floor":46,"key":"FossilizedHelix"},{"floor":47,"key":"Bird Faced Urn"},{"floor":48,"key":"Question Card"}],"event_choices":[{"damage_healed":0,"gold_gain":0,"player_choice":"Paid Gold","damage_taken":0,"relics_obtained":["Dream Catcher"],"max_hp_gain":0,"max_hp_loss":0,"event_name":"WeMeetAgain","floor":2,"gold_loss":94},{"damage_healed":0,"gold_gain":0,"player_choice":"Grow","damage_taken":0,"max_hp_gain":0,"max_hp_loss":0,"event_name":"Living Wall","floor":13,"gold_loss":0,"cards_upgraded":["Bullet Time"]},{"damage_healed":0,"gold_gain":0,"player_choice":"Ignored","damage_taken":0,"max_hp_gain":0,"max_hp_loss":0,"event_name":"Beggar","floor":19,"gold_loss":0},{"damage_healed":0,"gold_gain":99,"player_choice":"Stole From Cult","damage_taken":0,"max_hp_gain":0,"max_hp_loss":0,"event_name":"Nest","floor":21,"gold_loss":0},{"damage_healed":0,"gold_gain":0,"player_choice":"Trade","damage_taken":0,"relics_obtained":["FaceOfCleric"],"max_hp_gain":0,"max_hp_loss":0,"event_name":"FaceTrader","floor":27,"gold_loss":0},{"damage_healed":0,"gold_gain":0,"player_choice":"Fight","damage_taken":0,"max_hp_gain":0,"max_hp_loss":0,"event_name":"Mysterious Sphere","floor":37,"gold_loss":0},{"damage_healed":0,"gold_gain":0,"player_choice":"Fight","damage_taken":0,"max_hp_gain":0,"max_hp_loss":0,"event_name":"MindBloom","floor":47,"gold_loss":0}],"is_beta":false,"boss_relics":[{"not_picked":["Busted Crown","Philosopher\u0027s Stone"],"picked":"Black Star"},{"not_picked":["Astrolabe","WristBlade"],"picked":"Calling Bell"}],"items_purged_floors":[],"is_endless":false,"potions_floor_spawned":[3,6,8,25,30,33,35,40,45,46,47],"ascension_level":0}