{"gold_per_floor":[119,119,138,6,81,81,106,162,217,230,262,8,8,36,36,36],"floor_reached":16,"playtime":448,"items_purged":["Strike_R","Strike_R"],"score":212,"play_id":"5e30461f-6de6-44eb-a887-0a72cc0acee0","local_time":"20190922125555","is_ascension_mode":true,"campfire_choices":[{"data":"Bash","floor":6.0,"key":"SMITH"},{"data":"Evolve","floor":13,"key":"SMITH"},{"floor":15,"key":"REST"}],"neow_cost":"NONE","seed_source_timestamp":477685683123900,"circlet_count":0,"master_deck":["AscendersBane","Strike_R+1","Strike_R+1","Defend_R","Defend_R","Defend_R","Defend_R","Bash+1","Bludgeon+1","Shrug It Off","Dark Embrace","Reckless Charge","Evolve+1","Sentinel"],"special_seed":0,"relics":["Burning Blood","Smiling Mask","Whetstone","Boot","Medical Kit","Odd Mushroom"],"potions_floor_usage":[14,16],"damage_taken":[{"damage":12.0,"enemies":"Jaw Worm","floor":1.0,"turns":2.0},{"damage":7.0,"enemies":"2 Louse","floor":3.0,"turns":3.0},{"damage":25,"enemies":"3 Sentries","floor":7,"turns":8},{"damage":0,"enemies":"Small Slimes","floor":10,"turns":3},{"damage":8,"enemies":"Gremlin Nob","floor":11,"turns":3},{"damage":27,"enemies":"The Mushroom Lair","floor":14,"turns":4},{"damage":38,"enemies":"The Guardian","floor":16,"turns":16}],"seed_played":"-7631786089232822954","potions_obtained":[{"floor":11,"key":"Block Potion"},{"floor":14,"key":"Weak Potion"}],"is_trial":false,"path_per_floor":["M","?","M","$","?","R","E","?","T","M","E","$","R","?","R","B"],"character_chosen":"IRONCLAD","items_purchased":["Shrug It Off","Medical Kit","Evolve"],"campfire_rested":1,"item_purchase_floors":[4,12,12],"current_hp_per_floor":[62,62,61,61,50,50,31,31,31,37,35,35,35,14,36,0],"gold":36,"neow_bonus":"TRANSFORM_CARD","is_prod":false,"is_daily":false,"chose_seed":false,"campfire_upgraded":2,"win_rate":0,"timestamp":1569182155,"path_taken":["M","?","M","$","?","R","E","?","T","M","E","?","R","?","R","BOSS"],"build_version":"2019-09-20","purchased_purges":2,"victory":false,"max_hp_per_floor":[75,75,75,75,75,75,75,75,75,75,75,75,75,75,75,75],"card_choices":[{"not_picked":["Pommel Strike","Thunderclap","Rage"],"picked":"SKIP","floor":1.0},{"not_picked":["Body Slam","Entrench","Iron Wave"],"picked":"SKIP","floor":3.0},{"not_picked":["Pommel Strike","Dropkick"],"picked":"Dark Embrace","floor":7},{"not_picked":["Armaments","Bloodletting"],"picked":"Reckless Charge","floor":10},{"not_picked":["Perfected Strike","Wild Strike","Flex"],"picked":"SKIP","floor":11},{"not_picked":["Twin Strike","Iron Wave"],"picked":"Sentinel","floor":14}],"player_experience":963194,"relics_obtained":[{"floor":7,"key":"Smiling Mask"},{"floor":9,"key":"Whetstone"},{"floor":11,"key":"Boot"},{"floor":14,"key":"Odd Mushroom"}],"event_choices":[{"damage_healed":0.0,"max_hp_gain":0.0,"max_hp_loss":0.0,"gold_gain":0.0,"event_name":"Living Wall","player_choice":"Grow","floor":2.0,"gold_loss":0.0,"damage_taken":0.0,"cards_upgraded":["Bludgeon"]},{"damage_healed":0.0,"max_hp_gain":0.0,"max_hp_loss":0.0,"gold_gain":75.0,"event_name":"World of Goop","player_choice":"Gather Gold","floor":5.0,"gold_loss":0.0,"damage_taken":11.0},{"damage_healed":0,"gold_gain":56,"player_choice":"Gained Gold","damage_taken":0,"max_hp_gain":0,"max_hp_loss":0,"event_name":"Golden Wing","floor":8,"gold_loss":0},{"damage_healed":0,"gold_gain":0,"player_choice":"Fought Mushrooms","damage_taken":0,"max_hp_gain":0,"max_hp_loss":0,"event_name":"Mushrooms","floor":14,"gold_loss":0}],"is_beta":true,"boss_relics":[],"items_purged_floors":[4,12],"is_endless":false,"potions_floor_spawned":[11,14],"killed_by":"The Guardian","ascension_level":20}