{"path_per_floor":["M","?","?","T","M","E","M","R","T","$","M","R","$","M","R","B",null,"M","?","$","?","M","E","R","M","T","?","R","M","M","$","R"],"character_chosen":"THE_SILENT","items_purchased":["Madness","Blade Dance","Matryoshka","Finesse","Well Laid Plans","Burst"],"gold_per_floor":[109,109,74,74,87,114,128,128,128,29,41,41,5,22,22,125,125,141,391,10,10,23,49,49,62,89,89,89,99,117,43,43,43],"floor_reached":33,"campfire_rested":2,"playtime":4568,"item_purchase_floors":[10,13,20,20,20,31],"current_hp_per_floor":[67,53,70,70,68,38,38,38,38,38,40,40,40,34,55,23,70,70,70,70,70,58,29,39,30,30,14,24,5,4,4,37,0],"items_purged":[],"gold":43,"score":265,"play_id":"e2123550-7956-42c7-82e1-0d0caf211210","local_time":"20180527045454","is_prod":false,"is_daily":false,"chose_seed":false,"is_ascension_mode":false,"campfire_upgraded":4,"win_rate":0,"timestamp":1527411294,"campfire_choices":[{"data":"Crippling Poison","floor":8,"key":"SMITH"},{"data":"Flying Knee","floor":12,"key":"SMITH"},{"floor":15,"key":"REST"},{"data":"Doppelganger","floor":24,"key":"SMITH"},{"data":"Backflip","floor":28,"key":"SMITH"},{"floor":32,"key":"REST"}],"path_taken":["M","?","?","?","M","E","M","R","T","$","M","R","?","M","R","BOSS","M","?","?","?","?","E","R","M","T","?","R","M","M","$","R","BOSS"],"build_version":"2018-05-24","seed_source_timestamp":46652337102359,"purchased_purges":0,"victory":false,"master_deck":["Defend_G","Defend_G","Defend_G","Defend_G+1","Defend_G","Strike_G+1","Strike_G+1","Strike_G","Strike_G","Survivor","Neutralize+1","Backflip+1","Crippling Poison+1","Backflip+1","Caltrops","Madness+1","Flying Knee+1","Blade Dance","Bane","Doppelganger+1","Dash+1","Regret","Finesse","Well Laid Plans","Storm of Steel","Malaise+1","Deflect+1","Heel Hook+1","Bouncing Flask","Slice","Burst"],"max_hp_per_floor":[70,70,70,70,70,70,70,70,70,70,70,70,70,70,70,70,70,70,70,70,70,70,70,70,70,70,70,70,70,70,70,70,70],"relics":["Ring of the Snake","Blood Vial","Shuriken","Bag of Marbles","Paper Crane","Eternal Feather","Matryoshka","Letter Opener","War Paint","Whetstone","Enchiridion"],"card_choices":[{"not_picked":["PiercingWail","Leg Sweep"],"picked":"Backflip","floor":1},{"not_picked":["PiercingWail","Deadly Poison"],"picked":"Crippling Poison","floor":5},{"not_picked":["Malaise","Acrobatics"],"picked":"Backflip","floor":6},{"not_picked":["Deflect","Slice"],"picked":"Caltrops","floor":7},{"not_picked":["Outmaneuver","Unload"],"picked":"Flying Knee","floor":11},{"not_picked":["Masterful Stab","Dagger Spray"],"picked":"Bane","floor":14},{"not_picked":["Venomology","Burst"],"picked":"Doppelganger","floor":16},{"not_picked":["Masterful Stab+1","Slice"],"picked":"Dash+1","floor":18},{"not_picked":["Quick Slash+1","Backflip+1"],"picked":"Malaise+1","floor":22},{"not_picked":["Flechettes","Cloak And Dagger"],"picked":"Deflect+1","floor":23},{"not_picked":["Slice","Cloak And Dagger+1"],"picked":"Heel Hook+1","floor":25},{"not_picked":["Outmaneuver","Expertise"],"picked":"Bouncing Flask","floor":29},{"not_picked":["Bane","Backflip"],"picked":"Slice","floor":30}],"player_experience":91039,"potions_floor_usage":[16,16,23,23,29,33],"damage_taken":[{"damage":3,"enemies":"Jaw Worm","floor":1,"turns":5},{"damage":2,"enemies":"2 Louse","floor":5,"turns":2},{"damage":32,"enemies":"Gremlin Nob","floor":6,"turns":6},{"damage":2,"enemies":"Small Slimes","floor":7,"turns":3},{"damage":0,"enemies":"Looter","floor":11,"turns":3},{"damage":8,"enemies":"Blue Slaver","floor":14,"turns":3},{"damage":34,"enemies":"Hexaghost","floor":16,"turns":10},{"damage":0,"enemies":"Chosen","floor":18,"turns":6},{"damage":12,"enemies":"Shell Parasite","floor":22,"turns":6},{"damage":31,"enemies":"Gremlin Leader","floor":23,"turns":8},{"damage":11,"enemies":"Snecko","floor":25,"turns":5},{"damage":21,"enemies":"Chosen and Byrds","floor":29,"turns":6},{"damage":3,"enemies":"3 Cultists","floor":30,"turns":5},{"damage":59,"enemies":"Champ","floor":33,"turns":12}],"relics_obtained":[{"floor":4,"key":"Shuriken"},{"floor":6,"key":"Bag of Marbles"},{"floor":9,"key":"Paper Crane"},{"floor":23,"key":"Letter Opener"},{"floor":26,"key":"War Paint"},{"floor":26,"key":"Whetstone"},{"floor":27,"key":"Enchiridion"}],"event_choices":[{"event_name":"Shining Light","player_choice":"Entered Light","floor":2,"damage_taken":0},{"event_name":"The Cleric","player_choice":"Healed","floor":3,"damage_taken":0},{"event_name":"Golden Shrine","player_choice":"Desecrate","floor":19,"damage_taken":0},{"event_name":"Transmorgrifier","player_choice":"Transform","floor":21,"damage_taken":0},{"event_name":"Cursed Tome","player_choice":"Obtained Book","floor":27,"damage_taken":0}],"boss_relics":[{"not_picked":["Lizard Tail","Runic Pyramid"],"picked":"Eternal Feather"}],"items_purged_floors":[],"potions_floor_spawned":[6,11,16,18,22,30],"seed_played":"-1403710305564625801","killed_by":"Champ","ascension_level":0,"potions_obtained":[{"floor":6,"key":"SkillPotion"},{"floor":11,"key":"Fire Potion"},{"floor":16,"key":"Poison Potion"},{"floor":18,"key":"SkillPotion"},{"floor":22,"key":"PowerPotion"},{"floor":30,"key":"FearPotion"}],"is_trial":false}