{"gold_per_floor":[114,129,9,24,24,54,54,69,119,119,134,149,149,22,22,122,122,137,137,162,4,19,19,79,79,79,94,94],"floor_reached":28,"playtime":1955,"items_purged":[],"score":263,"play_id":"d7040f4d-9e75-4f22-816d-10fa4ae6b36e","local_time":"20190521151425","daily_mods":["Chimera","ControlledChaos","Night Terrors"],"is_ascension_mode":false,"campfire_choices":[{"data":"Zap","floor":7,"key":"SMITH"},{"floor":13,"key":"REST"},{"data":"Turbo","floor":15,"key":"SMITH"},{"data":"Electrodynamics","floor":23,"key":"SMITH"},{"data":"Bite","floor":25,"key":"SMITH"}],"neow_cost":"","seed_source_timestamp":0,"circlet_count":0,"master_deck":["Bash","Survivor","Zap+1","Defend_R","Defend_G","Defend_B","Turbo+1","Beam Cell","Finesse","Static Discharge","Conserve Battery","Steam","Reprogram","Go for the Eyes","Coolheaded","Pain","Steam","FTL","Impatience","Chaos","Electrodynamics+1","Steam+1","Bite+1","Bite","Bite","Bite","Bite","Jack Of All Trades","Sunder","Turbo","Leap","Seek"],"special_seed":18037,"relics":["Cracked Core","Frozen Eye","Du-Vu Doll","Bag of Preparation","WarpedTongs","Snecko Eye","Pen Nib","Tiny Chest","Bottled Lightning"],"potions_floor_usage":[16,16],"damage_taken":[{"damage":0,"enemies":"Cultist","floor":1,"turns":4},{"damage":3,"enemies":"2 Louse","floor":2,"turns":3},{"damage":6,"enemies":"Jaw Worm","floor":4,"turns":4},{"damage":31,"enemies":"Lagavulin","floor":6,"turns":6},{"damage":0,"enemies":"Exordium Wildlife","floor":8,"turns":4},{"damage":14,"enemies":"Exordium Thugs","floor":11,"turns":4},{"damage":0,"enemies":"Large Slime","floor":12,"turns":3},{"damage":21,"enemies":"Hexaghost","floor":16,"turns":4},{"damage":7,"enemies":"3 Byrds","floor":18,"turns":2},{"damage":20,"enemies":"Shell Parasite","floor":22,"turns":4},{"damage":23,"enemies":"Book of Stabbing","floor":24,"turns":4},{"damage":2,"enemies":"Cultist and Chosen","floor":27,"turns":3},{"damage":25,"enemies":"3 Cultists","floor":28,"turns":4}],"seed_played":"-7280386136630335372","potions_obtained":[{"floor":2,"key":"SpeedPotion"},{"floor":6,"key":"Dexterity Potion"},{"floor":12,"key":"Strength Potion"},{"floor":16,"key":"Energy Potion"},{"floor":22,"key":"Block Potion"}],"is_trial":false,"path_per_floor":["M","M","$","M","?","E","R","M","T","?","M","M","R","$","R","B",null,"M","?","T","$","M","R","E","R","T","M","M"],"character_chosen":"DEFECT","items_purchased":["Finesse","Static Discharge","Impatience","Chaos","Jack Of All Trades","Sunder"],"campfire_rested":1,"item_purchase_floors":[3,3,14,14,21,21],"current_hp_per_floor":[75,72,72,66,66,35,35,35,35,35,21,21,70,70,70,49,70,63,49,49,49,33,33,16,16,16,20,0],"gold":94,"neow_bonus":"","is_prod":false,"is_daily":true,"chose_seed":false,"campfire_upgraded":4,"win_rate":0,"timestamp":1558466065,"path_taken":["M","M","?","M","?","E","R","?","T","?","?","M","R","$","R","BOSS","M","?","?","$","?","R","E","R","T","M","M"],"build_version":"2019-01-23","purchased_purges":0,"victory":false,"max_hp_per_floor":[75,75,75,75,75,75,75,75,75,75,75,75,70,70,70,70,70,70,49,49,49,49,49,49,49,49,49,49],"card_choices":[{"not_picked":["Streamline","Heatsinks"],"picked":"Turbo","floor":1},{"not_picked":["Redo","Barrage"],"picked":"Beam Cell","floor":2},{"not_picked":["Consume","Sweeping Beam"],"picked":"Conserve Battery","floor":4},{"not_picked":["Coolheaded","Chaos"],"picked":"Go for the Eyes","floor":6},{"not_picked":["Leap","Lockon"],"picked":"Coolheaded","floor":8},{"not_picked":["Thunder Strike","Barrage"],"picked":"Steam","floor":11},{"not_picked":["Ball Lightning","Barrage"],"picked":"FTL","floor":12},{"not_picked":["Hyperbeam","Meteor Strike"],"picked":"Electrodynamics","floor":16},{"not_picked":["Stack","Barrage+1"],"picked":"Steam+1","floor":18},{"not_picked":["Conserve Battery","Cold Snap"],"picked":"Turbo","floor":22},{"not_picked":["Skim","Blizzard"],"picked":"Leap","floor":24},{"not_picked":["Static Discharge","Recycle"],"picked":"Seek","floor":27}],"player_experience":691525,"relics_obtained":[{"floor":6,"key":"Du-Vu Doll"},{"floor":9,"key":"Bag of Preparation"},{"floor":20,"key":"Pen Nib"},{"floor":24,"key":"Tiny Chest"},{"floor":26,"key":"Bottled Lightning"}],"event_choices":[{"damage_healed":0,"gold_gain":0,"player_choice":"2 cards matched","damage_taken":0,"max_hp_gain":0,"max_hp_loss":0,"event_name":"Match and Keep!","floor":5,"gold_loss":0,"cards_obtained":["Steam","Reprogram"]},{"damage_healed":0,"gold_gain":0,"player_choice":"Rummage","damage_taken":0,"relics_obtained":["WarpedTongs"],"max_hp_gain":0,"max_hp_loss":0,"event_name":"Accursed Blacksmith","floor":10,"gold_loss":0,"cards_obtained":["Pain"]},{"damage_healed":0,"gold_gain":0,"player_choice":"Became a vampire","damage_taken":0,"max_hp_gain":0,"max_hp_loss":21,"event_name":"Vampires","floor":19,"gold_loss":0,"cards_obtained":["Bite","Bite","Bite","Bite","Bite"]}],"is_beta":false,"boss_relics":[{"not_picked":["Eternal Feather","Cursed Key"],"picked":"Snecko Eye"}],"items_purged_floors":[],"is_endless":false,"potions_floor_spawned":[2,6,12,16,22,27],"killed_by":"3 Cultists","ascension_level":0}