{"gold_per_floor":[116,127,137,137,157,157,170,170,170,197,197,197],"floor_reached":12,"playtime":361,"items_purged":[],"score":160,"play_id":"36f7c2ae-e89f-436f-891e-1e5b72d3bb0c","local_time":"20190917112025","is_ascension_mode":true,"campfire_choices":[{"data":"Clothesline","floor":6.0,"key":"SMITH"},{"data":"Flame Barrier","floor":8.0,"key":"SMITH"}],"neow_cost":"NONE","seed_source_timestamp":40041707554300,"circlet_count":0,"master_deck":["AscendersBane","Strike_R","Strike_R","Strike_R","Strike_R","Strike_R","Defend_R","Defend_R","Defend_R","Defend_R","Bash","Fiend Fire","Flame Barrier+1","Clothesline+1","Anger"],"special_seed":0,"relics":["Burning Blood","Matryoshka","Bottled Flame","Blue Candle"],"potions_floor_usage":[12],"damage_taken":[{"damage":4.0,"enemies":"Jaw Worm","floor":1.0,"turns":3.0},{"damage":0.0,"enemies":"Small Slimes","floor":2.0,"turns":4.0},{"damage":1.0,"enemies":"Cultist","floor":3.0,"turns":3.0},{"damage":1.0,"enemies":"Large Slime","floor":5.0,"turns":6.0},{"damage":6.0,"enemies":"Exordium Thugs","floor":7.0,"turns":4.0},{"damage":35.0,"enemies":"Lagavulin","floor":10.0,"turns":7.0},{"damage":35,"enemies":"3 Sentries","floor":12,"turns":10}],"seed_played":"-7961075807391914186","potions_obtained":[{"floor":3.0,"key":"Fire Potion"},{"floor":10,"key":"Poison Potion"}],"is_trial":false,"path_per_floor":["M","M","M","?","M","R","M","R","T","E","?","E"],"character_chosen":"IRONCLAD","items_purchased":[],"campfire_rested":0,"item_purchase_floors":[],"current_hp_per_floor":[70,75,75,80,80,80,80,80,80,51,40,5],"gold":197,"neow_bonus":"ONE_RANDOM_RARE_CARD","is_prod":false,"is_daily":false,"chose_seed":false,"campfire_upgraded":2,"win_rate":0,"timestamp":1568744425,"path_taken":["M","M","M","?","M","R","M","R","T","E","?","E"],"build_version":"2019-07-17","purchased_purges":0,"victory":false,"max_hp_per_floor":[75,75,75,80,80,80,80,80,80,80,80,80],"card_choices":[{"not_picked":["Heavy Blade","Perfected Strike"],"picked":"Flame Barrier","floor":1.0},{"not_picked":["Warcry","Cleave"],"picked":"Clothesline","floor":2.0},{"not_picked":["Twin Strike","Cleave","Havoc"],"picked":"SKIP","floor":3.0},{"not_picked":["Body Slam","Thunderclap"],"picked":"Anger","floor":5.0},{"not_picked":["Fiend Fire","Whirlwind","Headbutt"],"picked":"SKIP","floor":7.0},{"not_picked":["Blood for Blood","Havoc","Perfected Strike"],"picked":"SKIP","floor":10}],"player_experience":811679,"relics_obtained":[{"floor":9.0,"key":"Matryoshka"},{"floor":10,"key":"Bottled Flame"}],"event_choices":[{"damage_healed":0.0,"max_hp_gain":5.0,"max_hp_loss":0.0,"gold_gain":0.0,"event_name":"Big Fish","player_choice":"Donut","floor":4.0,"gold_loss":0.0,"damage_taken":0.0},{"damage_healed":0,"gold_gain":0,"player_choice":"Success","damage_taken":11,"relics_obtained":["Blue Candle"],"max_hp_gain":0,"max_hp_loss":0,"event_name":"Scrap Ooze","floor":11,"gold_loss":0}],"is_beta":false,"boss_relics":[],"items_purged_floors":[],"is_endless":false,"potions_floor_spawned":[3,10],"killed_by":"3 Sentries","ascension_level":20}