{"gold_per_floor":[114,114,114,134,150,183,211,223,258,298,157,170,208,208,208,299,299,324,342,29,29,29,29,50,69,69,69,69,69,69,89,89,89],"floor_reached":33,"playtime":1223,"items_purged":["Strike_R"],"score":514,"play_id":"84cc65e7-ae44-4676-bc52-c5c1ab1797ca","local_time":"20190923220718","is_ascension_mode":true,"campfire_choices":[{"floor":8.0,"key":"REST"},{"data":"Spot Weakness","floor":15.0,"key":"SMITH"},{"data":"Corruption","floor":23.0,"key":"SMITH"},{"floor":29.0,"key":"DIG"},{"floor":32.0,"key":"REST"}],"neow_cost":"NONE","seed_source_timestamp":0,"circlet_count":0,"master_deck":["AscendersBane","Strike_R","Strike_R","Defend_R","Defend_R","Defend_R+1","Defend_R","Bash","Spot Weakness+1","Disarm+1","Exhume","Second Wind","Shrug It Off","Anger","Offering","Battle Trance","Impervious","Carnage","Evolve","Impervious","Exhume","True Grit","Corruption+1","Body Slam","Armaments+1","Doubt","Feel No Pain","Seeing Red+1"],"special_seed":0,"relics":["Burning Blood","NeowsBlessing","Golden Idol","MawBank","War Paint","Potion Belt","Cursed Key","Shovel","Toy Ornithopter"],"potions_floor_usage":[],"damage_taken":[{"damage":0.0,"enemies":"Cultist","floor":1.0,"turns":1.0},{"damage":0.0,"enemies":"Small Slimes","floor":4.0,"turns":1.0},{"damage":0.0,"enemies":"Jaw Worm","floor":5.0,"turns":1.0},{"damage":45.0,"enemies":"Lagavulin","floor":6.0,"turns":8.0},{"damage":15.0,"enemies":"Blue Slaver","floor":7.0,"turns":5.0},{"damage":1.0,"enemies":"2 Fungi Beasts","floor":10.0,"turns":6.0},{"damage":15.0,"enemies":"Gremlin Gang","floor":12.0,"turns":6.0},{"damage":22.0,"enemies":"3 Sentries","floor":13.0,"turns":9.0},{"damage":11.0,"enemies":"Hexaghost","floor":16.0,"turns":10.0},{"damage":25.0,"enemies":"3 Byrds","floor":18.0,"turns":7.0},{"damage":14.0,"enemies":"Spheric Guardian","floor":19.0,"turns":5.0},{"damage":8.0,"enemies":"Cultist and Chosen","floor":24.0,"turns":9.0},{"damage":29.0,"enemies":"Snake Plant","floor":25.0,"turns":4.0},{"damage":33.0,"enemies":"Shelled Parasite and Fungi","floor":31.0,"turns":8.0},{"damage":0,"enemies":"Collector","floor":33,"turns":1}],"seed_played":"-4423645146008723228","potions_obtained":[{"floor":3.0,"key":"Ancient Potion"},{"floor":3.0,"key":"DuplicationPotion"},{"floor":6.0,"key":"EssenceOfSteel"},{"floor":12.0,"key":"Regen Potion"},{"floor":13.0,"key":"FearPotion"},{"floor":25.0,"key":"Dexterity Potion"},{"floor":31.0,"key":"PowerPotion"}],"is_trial":false,"path_per_floor":["M","?","?","M","M","E","M","R","T","M","$","M","E","?","R","B",null,"M","M","$","?","?","R","M","M","T","?","$","R","?","M","R","B"],"character_chosen":"IRONCLAD","items_purchased":["Offering","Impervious","Regen Potion"],"campfire_rested":2,"item_purchase_floors":[11,20,20],"current_hp_per_floor":[74,48,48,54,60,21,12,34,34,39,39,30,29,29,29,24,62,43,35,35,35,35,35,48,25,25,25,25,25,25,8,30,30],"gold":89,"neow_bonus":"THREE_ENEMY_KILL","is_prod":false,"is_daily":false,"chose_seed":false,"campfire_upgraded":2,"win_rate":0,"timestamp":1569301638,"path_taken":["M","?","?","M","?","E","M","R","T","M","$","?","E","?","R","BOSS","M","M","$","?","?","R","M","?","T","?","$","R","?","M","R","BOSS"],"build_version":"2019-09-23","purchased_purges":1,"victory":false,"max_hp_per_floor":[75,75,75,75,75,75,75,75,75,75,75,75,75,75,75,75,75,75,75,75,75,75,75,75,75,75,75,75,75,75,75,75,75],"card_choices":[{"not_picked":["Havoc","Heavy Blade"],"picked":"Spot Weakness","floor":1.0},{"not_picked":["Blood for Blood","Corruption"],"picked":"Disarm","floor":4.0},{"not_picked":["Headbutt","Pommel Strike"],"picked":"Exhume","floor":5.0},{"not_picked":["Havoc","Searing Blow"],"picked":"Second Wind","floor":6.0},{"not_picked":["Blood for Blood","Combust"],"picked":"Shrug It Off","floor":7.0},{"not_picked":["Body Slam","Clash"],"picked":"Anger","floor":10.0},{"not_picked":["Carnage","Flex"],"picked":"Battle Trance","floor":12.0},{"not_picked":["Armaments","Havoc","Iron Wave"],"picked":"SKIP","floor":13.0},{"not_picked":["Offering","Brutality"],"picked":"Impervious","floor":16.0},{"not_picked":["Flame Barrier","Iron Wave+1"],"picked":"Carnage","floor":18.0},{"not_picked":["Twin Strike+1","Pommel Strike+1"],"picked":"Evolve","floor":19.0},{"not_picked":["Headbutt+1","Heavy Blade"],"picked":"Body Slam","floor":24.0},{"not_picked":["Wild Strike+1","Pommel Strike"],"picked":"Armaments+1","floor":25.0},{"not_picked":["Heavy Blade","True Grit"],"picked":"Seeing Red+1","floor":31.0}],"player_experience":995241,"relics_obtained":[{"floor":6.0,"key":"MawBank"},{"floor":9.0,"key":"War Paint"},{"floor":13.0,"key":"Potion Belt"},{"floor":26.0,"key":"Shovel"},{"floor":29.0,"key":"Toy Ornithopter"}],"event_choices":[{"damage_healed":0.0,"max_hp_gain":0.0,"max_hp_loss":0.0,"gold_gain":0.0,"event_name":"Golden Idol","player_choice":"Take Damage","floor":2.0,"gold_loss":0.0,"damage_taken":26.0,"relics_obtained":["Golden Idol"]},{"damage_healed":0.0,"max_hp_gain":0.0,"max_hp_loss":0.0,"gold_gain":0.0,"event_name":"Lab","player_choice":"Got Potions","floor":3.0,"gold_loss":0.0,"damage_taken":0.0},{"damage_healed":0.0,"max_hp_gain":0.0,"max_hp_loss":0.0,"gold_gain":0.0,"event_name":"Liars Game","player_choice":"Ignored","floor":14.0,"gold_loss":0.0,"damage_taken":0.0},{"damage_healed":0.0,"max_hp_gain":0.0,"max_hp_loss":0.0,"gold_gain":0.0,"cards_transformed":["Strike_R","Strike_R"],"event_name":"Drug Dealer","player_choice":"Became Test Subject","floor":21.0,"gold_loss":0.0,"damage_taken":0.0,"cards_obtained":["Exhume","True Grit"]},{"damage_healed":0.0,"max_hp_gain":0.0,"max_hp_loss":0.0,"gold_gain":0.0,"event_name":"Match and Keep!","player_choice":"1 cards matched","floor":22.0,"gold_loss":0.0,"damage_taken":0.0,"cards_obtained":["Corruption"]},{"damage_healed":0.0,"max_hp_gain":0.0,"max_hp_loss":0.0,"gold_gain":0.0,"event_name":"Ghosts","player_choice":"Ignored","floor":27.0,"gold_loss":0.0,"damage_taken":0.0},{"damage_healed":0.0,"max_hp_gain":0.0,"max_hp_loss":0.0,"gold_gain":0.0,"event_name":"The Library","player_choice":"Read","floor":30.0,"gold_loss":0.0,"damage_taken":0.0,"cards_obtained":["Feel No Pain"]}],"is_beta":true,"boss_relics":[{"not_picked":["SlaversCollar","Black Star"],"picked":"Cursed Key"}],"items_purged_floors":[20],"is_endless":false,"potions_floor_spawned":[5,6,12,13,25,31],"killed_by":"Collector","ascension_level":20}