{"gold_per_floor":[114,114,129,144,159,159,31,46,46,76,76,106,106,106,106,231,294,313,332,332,5,5,5,24,62,112,112,131,169,169,9,9,9],"floor_reached":33,"playtime":2863,"items_purged":[],"score":293,"play_id":"a0e493cf-7caf-4e29-ab56-91e926811ba1","local_time":"20190509230233","daily_mods":["Chimera","ControlledChaos","Elite Swarm"],"is_ascension_mode":false,"campfire_choices":[{"floor":6,"key":"REST"},{"floor":11,"key":"REST"},{"data":"After Image","floor":13,"key":"SMITH"},{"floor":15,"key":"REST"},{"floor":23,"key":"REST"},{"floor":27,"key":"REST"},{"data":"Envenom","floor":30,"key":"SMITH"},{"floor":32,"key":"REST"}],"neow_cost":"","seed_source_timestamp":0,"circlet_count":0,"master_deck":["Bash","Survivor","Zap","Strike_R","Strike_G","Strike_B","Defend_R","Defend_G","Defend_B+1","Acrobatics","Underhanded Strike","Concentrate+1","Outmaneuver","After Image+1","Cloak And Dagger+1","Backflip","Envenom+1","Corpse Explosion","Injury","Adrenaline","Slice","Blade Dance+1","Slice","Shame","Underhanded Strike","Poisoned Stab","Concentrate","Adrenaline","Slice","Die Die Die","Enlightenment","Infinite Blades+1"],"special_seed":18026,"relics":["Ring of the Snake","Frozen Eye","Calipers","Question Card","Smiling Mask","War Paint","Golden Idol","Tiny House","Bag of Marbles","Meat on the Bone","Nilry\u0027s Codex","Frozen Egg 2","Boot","Gremlin Horn"],"potions_floor_usage":[12,12,12,16,24,25,28,29,33],"damage_taken":[{"damage":0,"enemies":"2 Louse","floor":1,"turns":2},{"damage":13,"enemies":"Jaw Worm","floor":3,"turns":4},{"damage":11,"enemies":"Small Slimes","floor":4,"turns":3},{"damage":13,"enemies":"Blue Slaver","floor":5,"turns":4},{"damage":2,"enemies":"Looter","floor":8,"turns":4},{"damage":18,"enemies":"3 Sentries","floor":10,"turns":6},{"damage":30,"enemies":"Gremlin Nob","floor":12,"turns":5},{"damage":16,"enemies":"The Guardian","floor":16,"turns":11},{"damage":12,"enemies":"Chosen","floor":18,"turns":6},{"damage":8,"enemies":"2 Thieves","floor":19,"turns":3},{"damage":10,"enemies":"Centurion and Healer","floor":24,"turns":4},{"damage":34,"enemies":"Book of Stabbing","floor":25,"turns":6},{"damage":22,"enemies":"Shelled Parasite and Fungi","floor":28,"turns":7},{"damage":7,"enemies":"Slavers","floor":29,"turns":2},{"damage":74,"enemies":"Automaton","floor":33,"turns":8}],"seed_played":"4631106122310564373","potions_obtained":[{"floor":1,"key":"EssenceOfSteel"},{"floor":3,"key":"Swift Potion"},{"floor":8,"key":"GhostInAJar"},{"floor":12,"key":"SkillPotion"},{"floor":16,"key":"Energy Potion"},{"floor":17,"key":"Swift Potion"},{"floor":25,"key":"PowerPotion"},{"floor":28,"key":"SkillPotion"},{"floor":29,"key":"AttackPotion"}],"is_trial":false,"path_per_floor":["M","?","M","M","M","R","$","M","T","E","R","E","R","?","R","B",null,"M","M","?","$","?","R","M","E","T","R","M","E","R","$","R","B"],"character_chosen":"THE_SILENT","items_purchased":["After Image","Cloak And Dagger","Meat on the Bone","Underhanded Strike","Poisoned Stab","Enlightenment","Infinite Blades+1"],"campfire_rested":6,"item_purchase_floors":[7,7,21,21,21,31,31],"current_hp_per_floor":[70,58,45,34,21,42,42,40,40,22,43,13,13,13,34,18,75,63,55,55,55,39,61,51,29,29,51,41,46,46,46,68,0],"gold":9,"neow_bonus":"","is_prod":false,"is_daily":true,"chose_seed":false,"campfire_upgraded":2,"win_rate":0,"timestamp":1557457353,"path_taken":["M","?","M","M","M","R","$","M","T","E","R","E","R","?","R","BOSS","M","M","?","$","?","R","M","E","T","R","M","E","R","$","R","BOSS"],"build_version":"2019-01-23","purchased_purges":0,"victory":false,"max_hp_per_floor":[70,70,70,70,70,70,70,70,70,70,70,70,70,70,70,70,75,75,75,75,75,75,75,75,75,75,75,75,75,75,75,75,75],"card_choices":[{"not_picked":["Concentrate","Poisoned Stab"],"picked":"Acrobatics","floor":1},{"not_picked":["Acrobatics","Cloak And Dagger"],"picked":"Underhanded Strike","floor":3},{"not_picked":["Flechettes","Acrobatics"],"picked":"Concentrate","floor":4},{"not_picked":["Finisher","Choke"],"picked":"Outmaneuver","floor":5},{"not_picked":["Wraith Form v2","Setup"],"picked":"Backflip","floor":8},{"not_picked":["Glass Knife","Doppelganger","Phantasmal Killer"],"picked":"Envenom","floor":10},{"not_picked":["Night Terror","Phantasmal Killer","After Image"],"picked":"Corpse Explosion","floor":12},{"not_picked":["Burst","Malaise","Wraith Form v2"],"picked":"Adrenaline","floor":16},{"not_picked":["Cloak And Dagger","Bane","Setup"],"picked":"Slice","floor":17},{"not_picked":["Acrobatics+1","Dagger Spray","Deflect"],"picked":"Blade Dance+1","floor":18},{"not_picked":["Acrobatics","Quick Slash","Distraction"],"picked":"Slice","floor":19},{"not_picked":["Cloak And Dagger","Eviscerate","Well Laid Plans"],"picked":"Concentrate","floor":24},{"not_picked":["Die Die Die","Tools of the Trade","Phantasmal Killer"],"picked":"Adrenaline","floor":25},{"not_picked":["Blade Dance","Terror","Tactician"],"picked":"Slice","floor":28},{"not_picked":["Glass Knife","Doppelganger","Malaise"],"picked":"Die Die Die","floor":29}],"player_experience":648168,"relics_obtained":[{"floor":9,"key":"Question Card"},{"floor":10,"key":"Smiling Mask"},{"floor":12,"key":"War Paint"},{"floor":22,"key":"Nilry\u0027s Codex"},{"floor":25,"key":"Frozen Egg 2"},{"floor":26,"key":"Boot"},{"floor":29,"key":"Gremlin Horn"}],"event_choices":[{"damage_healed":0,"gold_gain":0,"player_choice":"Success","damage_taken":12,"relics_obtained":["Calipers"],"max_hp_gain":0,"max_hp_loss":0,"event_name":"Scrap Ooze","floor":2,"gold_loss":0},{"damage_healed":0,"gold_gain":0,"player_choice":"Take Wound","damage_taken":0,"relics_obtained":["Golden Idol"],"max_hp_gain":0,"max_hp_loss":0,"event_name":"Golden Idol","floor":14,"gold_loss":0,"cards_obtained":["Injury"]},{"damage_healed":0,"gold_gain":0,"player_choice":"Stole Relic","damage_taken":0,"relics_obtained":["Bag of Marbles"],"max_hp_gain":0,"max_hp_loss":0,"event_name":"Addict","floor":20,"gold_loss":0,"cards_obtained":["Shame"]},{"damage_healed":0,"gold_gain":0,"player_choice":"Obtained Book","damage_taken":16,"max_hp_gain":0,"max_hp_loss":0,"event_name":"Cursed Tome","floor":22,"gold_loss":0}],"is_beta":false,"boss_relics":[{"not_picked":["Coffee Dripper","Sozu"],"picked":"Tiny House"}],"items_purged_floors":[],"is_endless":false,"potions_floor_spawned":[1,3,8,12,16,25,28,29],"killed_by":"Automaton","ascension_level":0}