{"gold_per_floor":[118,137,137,150,150,176,187,212,236,261,4,4,30,49,49,123,123,143,143,163,1,1,1,28,28,28,47,47,75,75,75,75,154,154,168,183,193,203,103,103,136,149,198,214,214,214,214,225,225,225,225],"floor_reached":51,"playtime":2094,"items_purged":["Strike_R","Regret"],"score":1440,"play_id":"d245a621-e93f-4d66-a3cb-e6b6211f26ac","local_time":"20190916114837","is_ascension_mode":true,"campfire_choices":[{"floor":12.0,"key":"REST"},{"data":"Apotheosis","floor":15.0,"key":"SMITH"},{"floor":23.0,"key":"REST"},{"floor":28.0,"key":"REST"},{"floor":30.0,"key":"REST"},{"floor":32.0,"key":"REST"},{"floor":40.0,"key":"REST"},{"floor":45.0,"key":"REST"},{"floor":49.0,"key":"RECALL"}],"neow_cost":"TEN_PERCENT_HP_LOSS","seed_source_timestamp":357437514710600,"circlet_count":0,"master_deck":["AscendersBane","Strike_R+1","Strike_R+1","Strike_R+1","Strike_R+1","Defend_R+1","Defend_R+1","Defend_R+1","Defend_R+1","Bash","Immolate","Feel No Pain","Shrug It Off","Ghostly Armor","Reckless Charge","Reaper","Spot Weakness","Battle Trance","Apotheosis+1","Limit Break","Shrug It Off","Juggernaut","Evolve","True Grit","Feel No Pain","Burning Pact+1","Body Slam","Exhume","Juggernaut","Ghostly Armor+1","Pain","Shrug It Off+1","Regret","Body Slam+1"],"special_seed":0,"relics":["Burning Blood","GremlinMask","Letter Opener","Bag of Preparation","Oddly Smooth Stone","Boot","Centennial Puzzle","Cursed Key","Regal Pillow","Bottled Lightning","Sundial","Runic Cube","Toxic Egg 2","Self Forming Clay"],"potions_floor_usage":[51],"damage_taken":[{"damage":0.0,"enemies":"Small Slimes","floor":1.0,"turns":2.0},{"damage":9.0,"enemies":"2 Louse","floor":2.0,"turns":3.0},{"damage":1.0,"enemies":"Cultist","floor":4.0,"turns":4.0},{"damage":21.0,"enemies":"3 Sentries","floor":6.0,"turns":11.0},{"damage":0.0,"enemies":"3 Louse","floor":7.0,"turns":3.0},{"damage":26.0,"enemies":"Gremlin Nob","floor":8.0,"turns":5.0},{"damage":20.0,"enemies":"3 Sentries","floor":10.0,"turns":5.0},{"damage":19.0,"enemies":"Lagavulin","floor":13.0,"turns":5.0},{"damage":10.0,"enemies":"Exordium Wildlife","floor":14.0,"turns":3.0},{"damage":58.0,"enemies":"The Guardian","floor":16.0,"turns":14.0},{"damage":7.0,"enemies":"Chosen","floor":18.0,"turns":5.0},{"damage":4.0,"enemies":"Spheric Guardian","floor":20.0,"turns":5.0},{"damage":24.0,"enemies":"Book of Stabbing","floor":24.0,"turns":5.0},{"damage":9.0,"enemies":"Centurion and Healer","floor":27.0,"turns":13.0},{"damage":58.0,"enemies":"Slavers","floor":29.0,"turns":5.0},{"damage":53.0,"enemies":"Automaton","floor":33.0,"turns":11.0},{"damage":2.0,"enemies":"Orb Walker","floor":35.0,"turns":3.0},{"damage":2.0,"enemies":"3 Shapes","floor":36.0,"turns":4.0},{"damage":19.0,"enemies":"Maw","floor":37.0,"turns":8.0},{"damage":15.0,"enemies":"4 Shapes","floor":38.0,"turns":5.0},{"damage":25.0,"enemies":"Giant Head","floor":41.0,"turns":7.0},{"damage":45.0,"enemies":"3 Darklings","floor":42.0,"turns":5.0},{"damage":19.0,"enemies":"Writhing Mass","floor":44.0,"turns":7.0},{"damage":17.0,"enemies":"4 Shapes","floor":48.0,"turns":4.0},{"damage":25.0,"enemies":"Donu and Deca","floor":50.0,"turns":6.0},{"damage":37,"enemies":"Awakened One","floor":51,"turns":2}],"seed_played":"5268262515203588613","potions_obtained":[{"floor":2.0,"key":"Block Potion"},{"floor":6.0,"key":"Weak Potion"},{"floor":13.0,"key":"SteroidPotion"},{"floor":14.0,"key":"LiquidBronze"},{"floor":16.0,"key":"AttackPotion"},{"floor":27.0,"key":"SpeedPotion"},{"floor":33.0,"key":"AttackPotion"},{"floor":44.0,"key":"PowerPotion"},{"floor":48.0,"key":"Block Potion"}],"is_trial":false,"path_per_floor":["M","M","?","M","?","E","M","E","T","E","$","R","E","M","R","B",null,"M","?","M","$","?","R","E","T","T","M","R","E","R","?","R","B",null,"M","M","M","M","$","R","E","M","T","M","R","?","T","M","R","B","B"],"character_chosen":"IRONCLAD","items_purchased":["Battle Trance","Apotheosis","Feel No Pain"],"campfire_rested":7,"item_purchase_floors":[11,11,21],"current_hp_per_floor":[68,65,65,68,68,53,59,39,39,37,37,57,44,52,52,13,54,53,34,36,36,36,57,39,39,39,57,73,21,57,57,73,31,63,71,73,65,61,61,73,73,34,34,21,57,57,57,46,46,27,0],"gold":225,"neow_bonus":"THREE_RARE_CARDS","is_prod":false,"is_daily":false,"chose_seed":false,"campfire_upgraded":1,"win_rate":0,"timestamp":1568659717,"path_taken":["M","M","?","M","?","E","M","E","T","E","$","R","E","?","R","BOSS","M","?","M","$","?","R","E","?","T","M","R","E","R","?","R","BOSS","M","M","M","M","$","R","E","M","T","M","R","?","?","M","R","BOSS","BOSS"],"build_version":"2019-07-17","purchased_purges":2,"victory":false,"max_hp_per_floor":[68,68,68,68,68,68,68,68,68,68,68,68,68,68,68,68,68,68,73,73,73,73,73,73,73,73,73,73,73,73,73,73,73,73,73,73,73,73,73,73,73,73,73,73,73,69,69,69,69,69,69],"card_choices":[{"not_picked":["Barricade","Berserk"],"picked":"Immolate","floor":0.0},{"not_picked":["Sword Boomerang","Armaments"],"picked":"Feel No Pain","floor":1.0},{"not_picked":["Rampage","Warcry"],"picked":"Shrug It Off","floor":2.0},{"not_picked":["Heavy Blade","Armaments"],"picked":"Ghostly Armor","floor":4.0},{"not_picked":["True Grit","Pommel Strike"],"picked":"Reckless Charge","floor":6.0},{"not_picked":["Dropkick","Warcry","Cleave"],"picked":"SKIP","floor":7.0},{"not_picked":["Flex","Warcry"],"picked":"Reaper","floor":8.0},{"not_picked":["Shrug It Off","Warcry"],"picked":"Spot Weakness","floor":10.0},{"not_picked":["Thunderclap","Havoc"],"picked":"Limit Break","floor":13.0},{"not_picked":["Iron Wave","Havoc"],"picked":"Shrug It Off","floor":14.0},{"not_picked":["Reaper","Bludgeon"],"picked":"Juggernaut","floor":16.0},{"not_picked":["Burning Pact","Warcry"],"picked":"Evolve","floor":18.0},{"not_picked":["Pommel Strike","Warcry"],"picked":"True Grit","floor":20.0},{"not_picked":["Brutality","Iron Wave"],"picked":"Burning Pact+1","floor":24.0},{"not_picked":["Armaments","Combust","Perfected Strike"],"picked":"SKIP","floor":27.0},{"not_picked":["Thunderclap","Flex"],"picked":"Body Slam","floor":29.0},{"not_picked":["Feed","Immolate"],"picked":"Exhume","floor":33.0},{"not_picked":["Perfected Strike","Cleave","Combust"],"picked":"SKIP","floor":35.0},{"not_picked":["Heavy Blade","Bloodletting","Reaper"],"picked":"SKIP","floor":36.0},{"not_picked":["Rampage+1","Twin Strike","Iron Wave"],"picked":"SKIP","floor":37.0},{"not_picked":["Havoc","Heavy Blade","Twin Strike"],"picked":"SKIP","floor":38.0},{"not_picked":["Clash+1","Warcry+1"],"picked":"Juggernaut","floor":41.0},{"not_picked":["Cleave","Sentinel+1"],"picked":"Ghostly Armor+1","floor":42.0},{"not_picked":["Twin Strike","Anger"],"picked":"Shrug It Off+1","floor":44.0},{"not_picked":["Warcry+1","Wild Strike"],"picked":"Body Slam+1","floor":48.0}],"player_experience":770436,"relics_obtained":[{"floor":6.0,"key":"Letter Opener"},{"floor":8.0,"key":"Bag of Preparation"},{"floor":9.0,"key":"Oddly Smooth Stone"},{"floor":10.0,"key":"Boot"},{"floor":13.0,"key":"Centennial Puzzle"},{"floor":24.0,"key":"Regal Pillow"},{"floor":25.0,"key":"Bottled Lightning"},{"floor":29.0,"key":"Sundial"},{"floor":41.0,"key":"Toxic Egg 2"},{"floor":47.0,"key":"Self Forming Clay"}],"event_choices":[{"damage_healed":0.0,"max_hp_gain":0.0,"max_hp_loss":0.0,"gold_gain":0.0,"event_name":"Liars Game","player_choice":"Ignored","floor":3.0,"gold_loss":0.0,"damage_taken":0.0},{"damage_healed":0.0,"max_hp_gain":0.0,"max_hp_loss":0.0,"gold_gain":0.0,"event_name":"FaceTrader","player_choice":"Trade","floor":5.0,"gold_loss":0.0,"damage_taken":0.0,"relics_obtained":["GremlinMask"]},{"damage_healed":0.0,"max_hp_gain":5.0,"max_hp_loss":0.0,"gold_gain":0.0,"event_name":"Forgotten Altar","player_choice":"Shed Blood","floor":19.0,"gold_loss":0.0,"damage_taken":24.0},{"damage_healed":0.0,"max_hp_gain":0.0,"max_hp_loss":0.0,"gold_gain":0.0,"event_name":"Back to Basics","player_choice":"Simplicity","floor":31.0,"gold_loss":0.0,"damage_taken":0.0,"cards_upgraded":["Strike_R","Strike_R","Strike_R","Strike_R","Defend_R","Defend_R","Defend_R","Defend_R"]},{"damage_healed":0.0,"max_hp_gain":0.0,"max_hp_loss":4.0,"gold_gain":0.0,"event_name":"Winding Halls","player_choice":"Max HP","floor":46.0,"gold_loss":0.0,"damage_taken":0.0}],"is_beta":false,"boss_relics":[{"not_picked":["Pandora\u0027s Box","Coffee Dripper"],"picked":"Cursed Key"},{"not_picked":["Eternal Feather","Calling Bell"],"picked":"Runic Cube"}],"items_purged_floors":[21,39],"is_endless":false,"potions_floor_spawned":[2,6,13,14,16,18,27,33,38,44,48],"killed_by":"Awakened One","ascension_level":20}