{"gold_per_floor":[114,114,114,129,129,159,159,189,189,204,28,58,88,103,103,203,203,218,218,233,248,3,33,33,48,98,428,458,26,26,41,41,141,141,156,193,193,208,258,258,288,288,288,16,16,46,146,146],"floor_reached":48,"playtime":4059,"items_purged":[],"score":812,"play_id":"f74730bc-abc5-4c7c-b94f-baec8947d719","local_time":"20190602225011","daily_mods":["Draft","Flight","Terminal"],"is_ascension_mode":false,"campfire_choices":[{"data":"Fire Breathing","floor":15,"key":"SMITH"},{"data":"Armaments","floor":32,"key":"SMITH"},{"floor":40,"key":"REST"},{"floor":45,"key":"REST"}],"neow_cost":"","seed_source_timestamp":0,"circlet_count":0,"master_deck":["Cleave","Pummel","Pommel Strike","Shrug It Off","Flex","Sword Boomerang","Flame Barrier","Metallicize","Armaments+1","Infernal Blade","Iron Wave+1","Rage","Twin Strike+1","Sword Boomerang","Shrug It Off","Anger","Clothesline","Pommel Strike","Parasite","Iron Wave","Thunderclap","Iron Wave","Immolate","Fire Breathing+1","Barricade","Corruption+1","Cleave","Flex+1","Sadistic Nature","Uppercut","Shrug It Off+1","Iron Wave","Rampage+1","Perfected Strike","Panache","Dramatic Entrance","Perfected Strike","Burning Pact+1","Infernal Blade+1","Bludgeon","Wild Strike+1","Shockwave+1","Thunderclap+1","Intimidate+1","Spot Weakness+1","Metallicize","Panache","Mind Blast","Bandage Up+1","Wild Strike","Spot Weakness+1","True Grit+1","Shrug It Off+1"],"special_seed":18050,"relics":["Burning Blood","Juzu Bracelet","Strawberry","Pantograph","Self Forming Clay","PreservedInsect","Nunchaku","Orichalcum","Lizard Tail","Toxic Egg 2","Shuriken","Letter Opener","Bag of Preparation","Old Coin","Mango","Whetstone","Orrery","Girya","Art of War","Smiling Mask","Boot","Gremlin Horn","Question Card"],"potions_floor_usage":[16,27,41,46],"damage_taken":[{"damage":0,"enemies":"Jaw Worm","floor":1,"turns":1},{"damage":0,"enemies":"2 Louse","floor":4,"turns":1},{"damage":1,"enemies":"3 Sentries","floor":6,"turns":5},{"damage":2,"enemies":"Gremlin Nob","floor":8,"turns":4},{"damage":2,"enemies":"Small Slimes","floor":10,"turns":3},{"damage":0,"enemies":"Lagavulin","floor":12,"turns":6},{"damage":0,"enemies":"3 Louse","floor":14,"turns":3},{"damage":6,"enemies":"Slime Boss","floor":16,"turns":8},{"damage":0,"enemies":"3 Byrds","floor":18,"turns":4},{"damage":0,"enemies":"Chosen","floor":20,"turns":3},{"damage":1,"enemies":"Centurion and Healer","floor":21,"turns":8},{"damage":15,"enemies":"Book of Stabbing","floor":23,"turns":6},{"damage":7,"enemies":"Shelled Parasite and Fungi","floor":25,"turns":8},{"damage":5,"enemies":"Slavers","floor":27,"turns":3},{"damage":7,"enemies":"Gremlin Leader","floor":28,"turns":3},{"damage":10,"enemies":"Snake Plant","floor":31,"turns":4},{"damage":0,"enemies":"Collector","floor":33,"turns":13},{"damage":9,"enemies":"3 Shapes","floor":35,"turns":3},{"damage":28,"enemies":"2 Orb Walkers","floor":36,"turns":5},{"damage":0,"enemies":"Orb Walker","floor":38,"turns":2},{"damage":62,"enemies":"Nemesis","floor":41,"turns":7},{"damage":22,"enemies":"Reptomancer","floor":46,"turns":4},{"damage":53,"enemies":"Giant Head","floor":48,"turns":7}],"seed_played":"4062081595039347148","potions_obtained":[{"floor":1,"key":"Ancient Potion"},{"floor":4,"key":"SkillPotion"},{"floor":8,"key":"Fire Potion"},{"floor":20,"key":"Ancient Potion"},{"floor":23,"key":"Strength Potion"},{"floor":31,"key":"Regen Potion"},{"floor":41,"key":"Fire Potion"}],"is_trial":false,"path_per_floor":["M","?","?","M","$","E","?","E","T","M","$","E","?","M","R","B",null,"M","?","M","M","$","E","?","M","T","E","E","$","?","M","R","B",null,"M","?","?","M","T","R","E","?","T","$","R","E","?","E"],"character_chosen":"IRONCLAD","items_purchased":["PreservedInsect","Iron Wave","Sadistic Nature","Uppercut","Shrug It Off+1","Whetstone","Panache","Dramatic Entrance","Perfected Strike","Gremlin Horn","True Grit+1"],"campfire_rested":2,"item_purchase_floors":[11,11,22,22,22,29,29,29,29,44,44],"current_hp_per_floor":[78,75,75,75,74,80,79,78,77,76,75,74,73,72,71,70,69,68,67,66,65,64,55,55,54,54,55,68,68,68,64,64,67,66,63,41,31,37,37,55,47,47,47,47,55,39,39,0],"gold":146,"neow_bonus":"","is_prod":false,"is_daily":true,"chose_seed":false,"campfire_upgraded":2,"win_rate":0,"timestamp":1559530211,"path_taken":["M","?","?","M","?","E","?","E","T","M","$","E","?","M","R","BOSS","M","?","M","M","$","E","?","M","T","E","E","$","?","M","R","BOSS","M","?","?","M","?","R","E","?","T","$","R","E","?","E"],"build_version":"2019-01-23","purchased_purges":0,"victory":false,"max_hp_per_floor":[78,77,76,75,74,80,79,78,77,76,75,74,73,72,71,70,69,68,67,66,65,64,63,62,61,60,59,72,71,70,69,68,67,66,65,64,63,62,61,60,59,58,57,56,55,54,53,53],"card_choices":[{"not_picked":["Rampage","Wild Strike"],"picked":"Cleave","floor":0},{"not_picked":["Rage","Clash"],"picked":"Pummel","floor":0},{"not_picked":["Rage","Body Slam"],"picked":"Pommel Strike","floor":0},{"not_picked":["Sentinel","Cleave"],"picked":"Shrug It Off","floor":0},{"not_picked":["Pommel Strike","Headbutt"],"picked":"Flex","floor":0},{"not_picked":["Blood for Blood","Iron Wave"],"picked":"Sword Boomerang","floor":0},{"not_picked":["Searing Blow","Cleave"],"picked":"Flame Barrier","floor":0},{"not_picked":["Havoc","Sword Boomerang"],"picked":"Metallicize","floor":0},{"not_picked":["Blood for Blood","Headbutt"],"picked":"Armaments","floor":0},{"not_picked":["Twin Strike","Flex"],"picked":"Infernal Blade","floor":0},{"not_picked":["Sentinel","Clothesline"],"picked":"Iron Wave","floor":0},{"not_picked":["Sentinel","Armaments"],"picked":"Rage","floor":0},{"not_picked":["Perfected Strike","Reckless Charge"],"picked":"Twin Strike","floor":0},{"not_picked":["Heavy Blade","Entrench"],"picked":"Sword Boomerang","floor":0},{"not_picked":["Armaments","Reckless Charge"],"picked":"Shrug It Off","floor":0},{"not_picked":["Rage","Disarm"],"picked":"Anger","floor":1},{"not_picked":["Clash","Body Slam"],"picked":"Clothesline","floor":4},{"not_picked":["Ghostly Armor","Havoc"],"picked":"Pommel Strike","floor":6},{"not_picked":["Berserk","Carnage"],"picked":"Iron Wave","floor":8},{"not_picked":["Clash","Clothesline"],"picked":"Thunderclap","floor":10},{"not_picked":["Warcry","Disarm"],"picked":"Immolate","floor":12},{"not_picked":["Perfected Strike","Thunderclap"],"picked":"Fire Breathing","floor":14},{"not_picked":["Offering","Reaper"],"picked":"Barricade","floor":16},{"not_picked":["Heavy Blade","Feel No Pain+1"],"picked":"Corruption+1","floor":18},{"not_picked":["Sever Soul","Iron Wave+1"],"picked":"Cleave","floor":20},{"not_picked":["Rage+1","Combust"],"picked":"Flex+1","floor":21},{"not_picked":["Wild Strike","Double Tap+1"],"picked":"Clash+1","floor":23},{"not_picked":["Power Through+1","True Grit+1"],"picked":"Iron Wave","floor":25},{"not_picked":["Offering+1","Wild Strike"],"picked":"Rampage+1","floor":27},{"not_picked":["Twin Strike","Offering+1"],"picked":"Perfected Strike","floor":28},{"not_picked":["Anger","Searing Blow+1"],"picked":"Infernal Blade+1","floor":31},{"not_picked":["Dark Embrace","Limit Break+1"],"picked":"Bludgeon","floor":33},{"not_picked":["Heavy Blade+1","Infernal Blade+1"],"picked":"Wild Strike+1","floor":34},{"not_picked":["Dual Wield+1","Iron Wave"],"picked":"Shockwave+1","floor":34},{"not_picked":["Twin Strike","Cleave"],"picked":"Thunderclap+1","floor":34},{"not_picked":["Flex+1","Headbutt+1"],"picked":"Evolve","floor":34},{"not_picked":["Body Slam","Clothesline+1"],"picked":"Intimidate+1","floor":34},{"not_picked":["Immolate","Rampage"],"picked":"Spot Weakness+1","floor":35},{"not_picked":["Anger","Armaments+1"],"picked":"Metallicize","floor":36},{"not_picked":["Deep Breath+1","Forethought+1"],"picked":"Panache","floor":37},{"not_picked":["Dramatic Entrance","Trip+1"],"picked":"Mind Blast","floor":37},{"not_picked":["PanicButton+1","Dark Shackles+1"],"picked":"Bandage Up+1","floor":37},{"not_picked":["Disarm+1","Headbutt+1"],"picked":"Wild Strike","floor":38},{"not_picked":["Headbutt","Clash"],"picked":"Spot Weakness+1","floor":41},{"not_picked":["Ghostly Armor+1","Combust+1"],"picked":"Shrug It Off+1","floor":46}],"player_experience":729110,"relics_obtained":[{"floor":6,"key":"Strawberry"},{"floor":8,"key":"Pantograph"},{"floor":9,"key":"Self Forming Clay"},{"floor":12,"key":"Nunchaku"},{"floor":23,"key":"Shuriken"},{"floor":26,"key":"Bag of Preparation"},{"floor":27,"key":"Old Coin"},{"floor":28,"key":"Mango"},{"floor":36,"key":"Girya"},{"floor":39,"key":"Art of War"},{"floor":41,"key":"Smiling Mask"},{"floor":43,"key":"Boot"},{"floor":46,"key":"Question Card"}],"event_choices":[{"damage_healed":0,"gold_gain":0,"player_choice":"Success","damage_taken":3,"relics_obtained":["Juzu Bracelet"],"max_hp_gain":0,"max_hp_loss":0,"event_name":"Scrap Ooze","floor":2,"gold_loss":0},{"damage_healed":0,"gold_gain":0,"player_choice":"Leave","damage_taken":0,"max_hp_gain":0,"max_hp_loss":0,"event_name":"The Cleric","floor":3,"gold_loss":0},{"damage_healed":20,"gold_gain":0,"player_choice":"Healed and dodged fight","damage_taken":0,"max_hp_gain":0,"max_hp_loss":0,"event_name":"Mushrooms","floor":7,"gold_loss":0,"cards_obtained":["Parasite"]},{"damage_healed":0,"gold_gain":30,"player_choice":"Searched \u00273\u0027 times","damage_taken":0,"relics_obtained":["Orichalcum"],"max_hp_gain":0,"max_hp_loss":0,"event_name":"Dead Adventurer","floor":13,"gold_loss":0},{"damage_healed":0,"gold_gain":0,"player_choice":"Gave Potion","damage_taken":0,"relics_obtained":["Toxic Egg 2"],"max_hp_gain":0,"max_hp_loss":0,"event_name":"WeMeetAgain","floor":19,"gold_loss":0},{"damage_healed":0,"gold_gain":0,"player_choice":"Opened","damage_taken":0,"relics_obtained":["Letter Opener"],"max_hp_gain":0,"max_hp_loss":0,"event_name":"The Mausoleum","floor":24,"gold_loss":0},{"damage_healed":0,"gold_gain":0,"cards_transformed":["Clash"],"player_choice":"Transformed","damage_taken":0,"max_hp_gain":0,"max_hp_loss":0,"event_name":"Transmorgrifier","floor":30,"gold_loss":0,"cards_obtained":["Burning Pact"]},{"damage_healed":0,"gold_gain":0,"player_choice":"Fight","damage_taken":0,"max_hp_gain":0,"max_hp_loss":0,"event_name":"Mysterious Sphere","floor":36,"gold_loss":0},{"damage_healed":0,"gold_gain":0,"player_choice":"Memory 3","damage_taken":10,"max_hp_gain":0,"max_hp_loss":0,"event_name":"SensoryStone","floor":37,"gold_loss":0},{"cards_removed":["Evolve"],"damage_healed":0,"gold_gain":0,"player_choice":"Removed Power","damage_taken":0,"max_hp_gain":0,"max_hp_loss":0,"event_name":"Falling","floor":42,"gold_loss":0},{"damage_healed":0,"gold_gain":100,"player_choice":"Pray","damage_taken":0,"max_hp_gain":0,"max_hp_loss":0,"event_name":"Golden Shrine","floor":47,"gold_loss":0}],"is_beta":false,"boss_relics":[{"not_picked":["Runic Pyramid","Empty Cage"],"picked":"Lizard Tail"},{"not_picked":["Busted Crown","Cursed Key"],"picked":"Orrery"}],"items_purged_floors":[],"is_endless":false,"potions_floor_spawned":[1,4,8,12,20,23,25,31,33,36,41],"killed_by":"Giant Head","ascension_level":0}