{"gold_per_floor":[116,116,136,146,166,166,185,185,185,21,21,51,51,77,77,148,148,166,21,31,31,50,50,81,93,116,135,42,75,75,89,89,89],"floor_reached":33,"playtime":942,"items_purged":["Strike_R","Strike_R","Strike_R"],"score":769,"play_id":"88ac19ca-ab8d-465d-aed3-22785800227e","local_time":"20190922134301","is_ascension_mode":true,"campfire_choices":[{"data":"Spot Weakness","floor":6.0,"key":"SMITH"},{"data":"Anger","floor":8.0,"key":"SMITH"},{"data":"Heavy Blade","floor":15.0,"key":"SMITH"},{"data":"Demon Form","floor":23.0,"key":"SMITH"},{"data":"Heavy Blade","floor":30,"key":"SMITH"},{"floor":32,"key":"REST"}],"neow_cost":"NONE","seed_source_timestamp":479993237324500,"circlet_count":0,"master_deck":["AscendersBane","Strike_R","Defend_R","Defend_R","Defend_R","Defend_R+1","Bash","Evolve","Anger+1","Spot Weakness+1","Immolate","Heavy Blade+1","Feed","Demon Form+1","Power Through","Power Through","Shrug It Off+1","Heavy Blade+1","Shrug It Off","Second Wind","Heavy Blade"],"special_seed":0,"relics":["Burning Blood","Dodecahedron","Smiling Mask","HornCleat","MealTicket","Sozu","War Paint","Boot"],"potions_floor_usage":[],"damage_taken":[{"damage":2.0,"enemies":"Small Slimes","floor":1.0,"turns":6.0},{"damage":1.0,"enemies":"Cultist","floor":3.0,"turns":3.0},{"damage":7.0,"enemies":"Jaw Worm","floor":4.0,"turns":3.0},{"damage":11.0,"enemies":"Looter","floor":5.0,"turns":2.0},{"damage":13.0,"enemies":"2 Fungi Beasts","floor":7.0,"turns":5.0},{"damage":22.0,"enemies":"3 Sentries","floor":12.0,"turns":5.0},{"damage":0.0,"enemies":"Gremlin Nob","floor":14.0,"turns":3.0},{"damage":43.0,"enemies":"The Guardian","floor":16.0,"turns":10.0},{"damage":11.0,"enemies":"2 Thieves","floor":18.0,"turns":2.0},{"damage":16.0,"enemies":"Spheric Guardian","floor":20.0,"turns":4.0},{"damage":6.0,"enemies":"Centurion and Healer","floor":22.0,"turns":6.0},{"damage":0.0,"enemies":"Gremlin Leader","floor":24.0,"turns":4.0},{"damage":17.0,"enemies":"Snecko","floor":25.0,"turns":6.0},{"damage":18.0,"enemies":"Cultist and Chosen","floor":27.0,"turns":5.0},{"damage":52.0,"enemies":"Book of Stabbing","floor":29.0,"turns":6.0},{"damage":7,"enemies":"3 Cultists","floor":31,"turns":8},{"damage":86,"enemies":"Collector","floor":33,"turns":7}],"seed_played":"2428042793025334752","potions_obtained":[{"floor":5.0,"key":"SteroidPotion"},{"floor":7.0,"key":"PowerPotion"},{"floor":16.0,"key":"Fire Potion"}],"is_trial":false,"path_per_floor":["M","?","M","M","M","R","M","R","T","$","T","E","?","E","R","B",null,"M","$","M","?","M","R","E","M","T","M","$","E","R","M","R","B"],"character_chosen":"IRONCLAD","items_purchased":["Immolate","Power Through","Shrug It Off","Second Wind"],"campfire_rested":1,"item_purchase_floors":[10,19,19,28],"current_hp_per_floor":[79,79,82,81,76,76,69,69,69,69,69,53,53,59,59,22,67,65,80,73,88,91,91,91,83,83,74,89,43,43,45,75,0],"gold":89,"neow_bonus":"TEN_PERCENT_HP_BONUS","is_prod":false,"is_daily":false,"chose_seed":false,"campfire_upgraded":5,"win_rate":0,"timestamp":1569184981,"path_taken":["M","?","M","?","M","R","M","R","T","?","?","E","?","E","R","BOSS","M","$","M","?","M","R","E","M","T","M","$","E","R","?","R","BOSS"],"build_version":"2019-09-20","purchased_purges":3,"victory":false,"max_hp_per_floor":[82,82,82,82,82,82,82,82,82,82,82,82,82,82,82,82,82,85,85,88,88,91,91,91,94,94,97,97,97,97,100,100,100],"card_choices":[{"not_picked":["Armaments","Clash"],"picked":"Evolve","floor":1.0},{"not_picked":["Iron Wave","Blood for Blood","Flex"],"picked":"SKIP","floor":3.0},{"not_picked":["Blood for Blood","Clash"],"picked":"Fire Breathing","floor":4.0},{"not_picked":["Twin Strike","Carnage","Searing Blow"],"picked":"SKIP","floor":5.0},{"not_picked":["Anger","Twin Strike","Sentinel"],"picked":"SKIP","floor":7.0},{"not_picked":["Bloodletting","Entrench"],"picked":"Heavy Blade","floor":12.0},{"not_picked":["Wild Strike","Seeing Red"],"picked":"Feed","floor":14.0},{"not_picked":["Barricade","Feed"],"picked":"Demon Form","floor":16.0},{"not_picked":["Warcry","Pummel"],"picked":"Power Through","floor":18.0},{"not_picked":["Blood for Blood","Perfected Strike","Shockwave"],"picked":"SKIP","floor":20.0},{"not_picked":["Bloodletting+1","Intimidate"],"picked":"Heavy Blade","floor":22.0},{"not_picked":["Perfected Strike","Wild Strike","Anger"],"picked":"SKIP","floor":24.0},{"not_picked":["Perfected Strike","Whirlwind","Headbutt"],"picked":"SKIP","floor":25.0},{"not_picked":["Sword Boomerang","Intimidate"],"picked":"Shrug It Off","floor":27.0},{"not_picked":["Wild Strike","Rage","Body Slam"],"picked":"SKIP","floor":29},{"not_picked":["Metallicize","Feed"],"picked":"Heavy Blade","floor":31}],"player_experience":965329,"relics_obtained":[{"floor":9.0,"key":"Dodecahedron"},{"floor":11.0,"key":"Smiling Mask"},{"floor":12.0,"key":"HornCleat"},{"floor":14.0,"key":"MealTicket"},{"floor":24.0,"key":"War Paint"},{"floor":26.0,"key":"Boot"}],"event_choices":[{"damage_healed":0.0,"max_hp_gain":0.0,"max_hp_loss":0.0,"gold_gain":0.0,"event_name":"Match and Keep!","player_choice":"2 cards matched","floor":2.0,"gold_loss":0.0,"damage_taken":0.0,"cards_obtained":["Anger","Spot Weakness"]},{"cards_removed":["Strike_R"],"damage_healed":0.0,"max_hp_gain":0.0,"max_hp_loss":0.0,"gold_gain":0.0,"event_name":"Living Wall","player_choice":"Forget","floor":13.0,"gold_loss":0.0,"damage_taken":0.0},{"cards_removed":["Fire Breathing"],"damage_healed":15.0,"max_hp_gain":0.0,"max_hp_loss":0.0,"gold_gain":0.0,"event_name":"Bonfire Elementals","player_choice":"Offered Uncommon","floor":21.0,"gold_loss":0.0,"damage_taken":0.0}],"is_beta":true,"boss_relics":[{"not_picked":["SacredBark","Ectoplasm"],"picked":"Sozu"}],"items_purged_floors":[10,19,28],"is_endless":false,"potions_floor_spawned":[5,7,16,18,20,24,25,29],"killed_by":"Collector","ascension_level":20}