{"path_per_floor":["M","?","$","?","M","E","$","M","T","?","$","?","M","M","R","B",null,"M","M","$","?","M","R","M"],"character_chosen":"IRONCLAD","items_purchased":["Oddly Smooth Stone","Twin Strike","Armaments","Frozen Egg 2"],"gold_per_floor":[111,186,33,33,53,85,12,29,29,29,29,90,104,119,119,222,222,240,251,5,5,18,18,35,35],"floor_reached":25,"campfire_rested":1,"playtime":3198,"item_purchase_floors":[3,7,7,20],"current_hp_per_floor":[84,73,73,78,78,62,62,68,68,68,68,45,45,38,38,7,93,54,45,45,45,25,52,19,0],"items_purged":[],"gold":35,"score":203,"play_id":"acb7747b-9107-4227-a02c-c444f9d87f87","local_time":"20180525042846","is_prod":false,"is_daily":false,"chose_seed":false,"is_ascension_mode":false,"campfire_upgraded":1,"win_rate":0,"timestamp":1527236926,"campfire_choices":[{"data":"Armaments","floor":15,"key":"SMITH"},{"floor":23,"key":"REST"}],"path_taken":["M","?","$","?","M","E","$","M","T","?","$","?","M","M","R","BOSS","M","M","$","?","M","R","M","E"],"build_version":"2018-05-24","seed_source_timestamp":53338377029594,"purchased_purges":0,"victory":false,"master_deck":["Strike_R","Strike_R","Strike_R","Strike_R","Strike_R","Defend_R","Defend_R","Defend_R","Defend_R","Bash","Wild Strike","Cleave","Shrug It Off","Twin Strike","Armaments+1","Clash","Finesse","Second Wind","Berserk","Pommel Strike","Flex","Body Slam","Warcry","Immolate","Perfected Strike","Pommel Strike","Dropkick","Dual Wield","True Grit+1","Perfected Strike+1","Iron Wave","Demon Form+1"],"max_hp_per_floor":[88,88,88,93,93,93,93,93,93,93,93,93,93,93,93,93,93,93,93,93,93,93,93,93,93],"relics":["Black Blood","Oddly Smooth Stone","Champion Belt","Prayer Wheel","Self Forming Clay","Frozen Egg 2"],"card_choices":[{"not_picked":["Combust","Ghostly Armor"],"picked":"Wild Strike","floor":1},{"not_picked":["Thunderclap","Uppercut"],"picked":"Cleave","floor":5},{"not_picked":["Spot Weakness","Body Slam"],"picked":"Shrug It Off","floor":6},{"not_picked":["Headbutt","Twin Strike"],"picked":"Clash","floor":8},{"not_picked":["Pommel Strike","Power Through"],"picked":"Berserk","floor":12},{"not_picked":["Entrench","Whirlwind"],"picked":"Pommel Strike","floor":13},{"not_picked":["Rampage","Hemokinesis"],"picked":"Flex","floor":13},{"not_picked":["Inflame","Infernal Blade"],"picked":"Body Slam","floor":14},{"not_picked":["Body Slam","Corruption"],"picked":"Warcry","floor":14},{"not_picked":["Double Tap","Feed"],"picked":"Immolate","floor":16},{"not_picked":["Reckless Charge","Shrug It Off"],"picked":"Perfected Strike","floor":18},{"not_picked":["Burning Pact","Clash"],"picked":"Pommel Strike","floor":18},{"not_picked":["Sword Boomerang","Armaments"],"picked":"Dropkick","floor":19},{"not_picked":["Headbutt+1","True Grit+1"],"picked":"Dual Wield","floor":19},{"not_picked":["Warcry","Hemokinesis"],"picked":"True Grit+1","floor":22},{"not_picked":["Sword Boomerang","Clash"],"picked":"Perfected Strike+1","floor":22},{"not_picked":["Flex","Dropkick"],"picked":"Iron Wave","floor":24},{"not_picked":["Searing Blow","Shockwave"],"picked":"Demon Form+1","floor":24}],"player_experience":81611,"potions_floor_usage":[6,16,16,24],"damage_taken":[{"damage":10,"enemies":"Jaw Worm","floor":1,"turns":7},{"damage":6,"enemies":"2 Louse","floor":5,"turns":3},{"damage":22,"enemies":"3 Sentries","floor":6,"turns":7},{"damage":0,"enemies":"Cultist","floor":8,"turns":2},{"damage":29,"enemies":"Lagavulin Event","floor":12,"turns":9},{"damage":6,"enemies":"Blue Slaver","floor":13,"turns":3},{"damage":13,"enemies":"3 Louse","floor":14,"turns":4},{"damage":37,"enemies":"Slime Boss","floor":16,"turns":9},{"damage":49,"enemies":"Chosen","floor":18,"turns":8},{"damage":19,"enemies":"Shell Parasite","floor":19,"turns":6},{"damage":30,"enemies":"Centurion and Healer","floor":22,"turns":4},{"damage":43,"enemies":"Snecko","floor":24,"turns":7},{"damage":19,"enemies":"Slavers","floor":25,"turns":1}],"relics_obtained":[{"floor":6,"key":"Champion Belt"},{"floor":9,"key":"Prayer Wheel"}],"event_choices":[{"event_name":"World of Goop","player_choice":"Gather Gold","floor":2,"damage_taken":0},{"event_name":"Big Fish","player_choice":"Donut","floor":4,"damage_taken":0},{"event_name":"Match and Keep!","player_choice":"2 cards matched","floor":10,"damage_taken":0},{"event_name":"Dead Adventurer","player_choice":"Searched \u00272\u0027 times","floor":12,"damage_taken":0},{"event_name":"Drug Dealer","player_choice":"Ignored","floor":21,"damage_taken":0}],"boss_relics":[{"not_picked":["Orrery","Philosopher\u0027s Stone"],"picked":"Black Blood"}],"items_purged_floors":[],"potions_floor_spawned":[1,13,14,22],"seed_played":"-2118484417373317597","killed_by":"Slavers","ascension_level":0,"potions_obtained":[{"floor":1,"key":"Ancient Potion"},{"floor":13,"key":"GamblersBrew"},{"floor":14,"key":"Swift Potion"},{"floor":22,"key":"Swift Potion"}],"is_trial":false}