{"gold_per_floor":[12,22,22,22,32,32,48,78,78,97,108,108,135,147,147,147],"floor_reached":16,"playtime":583,"items_purged":[],"score":253,"play_id":"f5800785-f140-442a-94ff-2307315af501","local_time":"20190916122403","is_ascension_mode":true,"campfire_choices":[{"data":"Corruption","floor":6.0,"key":"SMITH"},{"data":"Feed","floor":12.0,"key":"SMITH"},{"data":"Uppercut","floor":15,"key":"SMITH"}],"neow_cost":"NO_GOLD","seed_source_timestamp":361181486494700,"circlet_count":0,"master_deck":["AscendersBane","Strike_R","Strike_R","Strike_R","Strike_R","Strike_R","Defend_R","Defend_R","Defend_R","Defend_R","Bash","Feed+1","Shockwave+1","Corruption+1","Offering","Uppercut+1","Armaments","Reaper","Shrug It Off"],"special_seed":0,"relics":["Burning Blood","Dead Branch","Pear","The Courier"],"potions_floor_usage":[16],"damage_taken":[{"damage":4.0,"enemies":"2 Louse","floor":1.0,"turns":3.0},{"damage":2.0,"enemies":"Jaw Worm","floor":2.0,"turns":5.0},{"damage":13.0,"enemies":"Small Slimes","floor":5.0,"turns":5.0},{"damage":15.0,"enemies":"3 Louse","floor":7.0,"turns":2.0},{"damage":14.0,"enemies":"3 Sentries","floor":8.0,"turns":4.0},{"damage":9.0,"enemies":"Red Slaver","floor":10.0,"turns":1.0},{"damage":21.0,"enemies":"Gremlin Gang","floor":11.0,"turns":4.0},{"damage":32.0,"enemies":"Gremlin Nob","floor":13.0,"turns":4.0},{"damage":7,"enemies":"3 Louse","floor":14,"turns":3},{"damage":44,"enemies":"Hexaghost","floor":16,"turns":9}],"seed_played":"-1112736170497673570","potions_obtained":[{"floor":8.0,"key":"Fire Potion"},{"floor":10.0,"key":"SpeedPotion"},{"floor":13,"key":"Ancient Potion"},{"floor":14,"key":"LiquidBronze"}],"is_trial":false,"path_per_floor":["M","M","?","T","M","R","M","E","T","M","M","R","E","M","R","B"],"character_chosen":"IRONCLAD","items_purchased":[],"campfire_rested":0,"item_purchase_floors":[],"current_hp_per_floor":[73,80,80,80,76,76,67,72,72,69,57,57,35,38,38,0],"gold":147,"neow_bonus":"THREE_RARE_CARDS","is_prod":false,"is_daily":false,"chose_seed":false,"campfire_upgraded":3,"win_rate":0,"timestamp":1568661843,"path_taken":["M","M","?","?","M","R","M","E","T","M","M","R","E","M","R","BOSS"],"build_version":"2019-07-17","purchased_purges":0,"victory":false,"max_hp_per_floor":[78,81,81,81,84,84,84,97,97,97,100,100,104,108,108,108],"card_choices":[{"not_picked":["Double Tap","Offering"],"picked":"Feed","floor":0.0},{"not_picked":["Heavy Blade","Pommel Strike","Searing Blow"],"picked":"SKIP","floor":1.0},{"not_picked":["Clothesline","Sword Boomerang"],"picked":"Shockwave","floor":2.0},{"not_picked":["Sever Soul","Perfected Strike"],"picked":"Corruption","floor":5.0},{"not_picked":["Twin Strike","Warcry"],"picked":"Offering","floor":7.0},{"not_picked":["Rampage","Hemokinesis","Anger"],"picked":"SKIP","floor":8.0},{"not_picked":["Flex","Headbutt"],"picked":"Uppercut","floor":10.0},{"not_picked":["Clothesline","Pommel Strike"],"picked":"Armaments","floor":11.0},{"not_picked":["Metallicize","Pommel Strike"],"picked":"Reaper","floor":13},{"not_picked":["Body Slam","Cleave"],"picked":"Shrug It Off","floor":14}],"player_experience":774037,"relics_obtained":[{"floor":4.0,"key":"Dead Branch"},{"floor":8.0,"key":"Pear"},{"floor":9.0,"key":"The Courier"}],"event_choices":[{"damage_healed":0.0,"max_hp_gain":0.0,"max_hp_loss":0.0,"gold_gain":0.0,"event_name":"Living Wall","player_choice":"Grow","floor":3.0,"gold_loss":0.0,"damage_taken":0.0,"cards_upgraded":["Shockwave"]}],"is_beta":false,"boss_relics":[],"items_purged_floors":[],"is_endless":false,"potions_floor_spawned":[8,10,13,14],"killed_by":"Hexaghost","ascension_level":20}