{"gold_per_floor":[112,127,144,159,159,159,192,192,219,230,247,281,300,300,300,300],"floor_reached":16,"playtime":507,"items_purged":[],"score":228,"play_id":"e317457a-5a2d-4c83-a9e0-89893463e7d7","local_time":"20190916085154","is_ascension_mode":true,"campfire_choices":[{"data":"Bash","floor":6.0,"key":"SMITH"},{"data":"Armaments","floor":8.0,"key":"SMITH"},{"floor":15.0,"key":"REST"}],"neow_cost":"NONE","seed_source_timestamp":348461227909700,"circlet_count":0,"master_deck":["AscendersBane","Strike_R","Strike_R","Strike_R","Strike_R","Defend_R","Defend_R","Defend_R","Defend_R","Bash+1","Cleave","Pommel Strike","Armaments+1","Corruption","Rampage","True Grit","Brutality","Anger"],"special_seed":0,"relics":["Burning Blood","Art of War","Centennial Puzzle","Lantern","Smiling Mask"],"potions_floor_usage":[16],"damage_taken":[{"damage":8.0,"enemies":"2 Louse","floor":1.0,"turns":4.0},{"damage":9.0,"enemies":"Jaw Worm","floor":2.0,"turns":3.0},{"damage":3.0,"enemies":"Small Slimes","floor":3.0,"turns":4.0},{"damage":10.0,"enemies":"Exordium Wildlife","floor":4.0,"turns":4.0},{"damage":19.0,"enemies":"Lagavulin","floor":7.0,"turns":7.0},{"damage":4.0,"enemies":"2 Fungi Beasts","floor":10.0,"turns":3.0},{"damage":1.0,"enemies":"Looter","floor":11.0,"turns":3.0},{"damage":37.0,"enemies":"3 Sentries","floor":12.0,"turns":10.0},{"damage":5.0,"enemies":"3 Louse","floor":13.0,"turns":4.0},{"damage":46,"enemies":"Slime Boss","floor":16,"turns":6}],"seed_played":"7967689315040175845","potions_obtained":[{"floor":2.0,"key":"Poison Potion"},{"floor":4.0,"key":"Swift Potion"},{"floor":13.0,"key":"GamblersBrew"}],"is_trial":false,"path_per_floor":["M","M","M","M","?","R","E","R","T","M","M","E","M","?","R","B"],"character_chosen":"IRONCLAD","items_purchased":[],"campfire_rested":1,"item_purchase_floors":[],"current_hp_per_floor":[73,70,73,69,64,64,51,51,51,53,58,27,28,21,45,0],"gold":300,"neow_bonus":"TEN_PERCENT_HP_BONUS","is_prod":false,"is_daily":false,"chose_seed":false,"campfire_upgraded":2,"win_rate":0,"timestamp":1568649114,"path_taken":["M","M","M","M","?","R","E","R","T","M","M","E","M","?","R","BOSS"],"build_version":"2019-07-17","purchased_purges":0,"victory":false,"max_hp_per_floor":[82,82,82,82,82,82,82,82,82,82,82,82,82,82,82,82],"card_choices":[{"not_picked":["True Grit","Havoc"],"picked":"Cleave","floor":1.0},{"not_picked":["Twin Strike","Heavy Blade","Body Slam"],"picked":"SKIP","floor":2.0},{"not_picked":["Dropkick","Iron Wave"],"picked":"Pommel Strike","floor":3.0},{"not_picked":["Rampage","Pommel Strike"],"picked":"Armaments","floor":4.0},{"not_picked":["Sentinel","Armaments"],"picked":"Corruption","floor":7.0},{"not_picked":["Dropkick","Heavy Blade"],"picked":"Rampage","floor":10.0},{"not_picked":["Clash","Searing Blow"],"picked":"True Grit","floor":11.0},{"not_picked":["Reckless Charge","Spot Weakness"],"picked":"Brutality","floor":12.0},{"not_picked":["Second Wind","Wild Strike"],"picked":"Anger","floor":13.0}],"player_experience":761990,"relics_obtained":[{"floor":7.0,"key":"Centennial Puzzle"},{"floor":9.0,"key":"Lantern"},{"floor":12.0,"key":"Smiling Mask"}],"event_choices":[{"damage_healed":0.0,"max_hp_gain":0.0,"max_hp_loss":0.0,"gold_gain":0.0,"event_name":"Scrap Ooze","player_choice":"Success","floor":5.0,"gold_loss":0.0,"damage_taken":5.0,"relics_obtained":["Art of War"]},{"cards_removed":["Strike_R"],"damage_healed":0.0,"max_hp_gain":0.0,"max_hp_loss":0.0,"gold_gain":0.0,"event_name":"Golden Wing","player_choice":"Card Removal","floor":14.0,"gold_loss":0.0,"damage_taken":7.0}],"is_beta":false,"boss_relics":[],"items_purged_floors":[],"is_endless":false,"potions_floor_spawned":[2,4,13],"killed_by":"Slime Boss","ascension_level":20}