{"path_per_floor":["M","?","M","M","M","R","M","$","T","E","T","E","?","$","R"],"character_chosen":"THE_SILENT","items_purchased":["Happy Flower","Deflect","Bandage Up"],"gold_per_floor":[118,118,139,155,179,179,199,29,29,67,67,102,102,4,4,4],"floor_reached":16,"campfire_rested":2,"playtime":1510,"item_purchase_floors":[8,8,14],"current_hp_per_floor":[66,66,66,64,30,51,44,44,44,16,16,16,16,16,41,0],"items_purged":[],"gold":4,"score":116,"play_id":"f5d29674-006e-4c57-aba8-e1bc1eec3564","local_time":"20180606200041","is_prod":false,"is_daily":false,"chose_seed":false,"is_ascension_mode":true,"campfire_upgraded":0,"win_rate":0,"timestamp":1528329641,"campfire_choices":[{"floor":6,"key":"REST"},{"floor":15,"key":"REST"}],"path_taken":["M","?","M","M","M","R","?","?","T","E","?","E","?","$","R","BOSS"],"build_version":"2018-05-31","seed_source_timestamp":102976683682647,"purchased_purges":0,"victory":false,"master_deck":["Defend_G","Defend_G","Defend_G","Defend_G","Defend_G","Strike_G","Strike_G","Strike_G","Strike_G","Strike_G","Survivor","Neutralize","Cloak And Dagger","Injury","Dodge and Roll","Eviscerate","All Out Attack","Caltrops","Deflect","Adrenaline","Deflect","Regret","Bandage Up"],"max_hp_per_floor":[70,70,70,70,70,70,70,70,70,70,70,84,84,84,84,84],"relics":["Ring of the Snake","Golden Idol","Happy Flower","Blue Candle","Juzu Bracelet","Pantograph","Mango","Singing Bowl"],"card_choices":[{"not_picked":["Expertise","PiercingWail"],"picked":"Cloak And Dagger","floor":1},{"not_picked":["Slice","PiercingWail"],"picked":"Dodge and Roll","floor":3},{"not_picked":["Leg Sweep","Deflect"],"picked":"Eviscerate","floor":4},{"not_picked":["Eviscerate","Acrobatics"],"picked":"All Out Attack","floor":5},{"not_picked":["Underhanded Strike","Reflex"],"picked":"Caltrops","floor":7},{"not_picked":["Infinite Blades","Dagger Spray"],"picked":"Adrenaline","floor":10},{"not_picked":["Choke","Bouncing Flask"],"picked":"Deflect","floor":12}],"player_experience":173080,"potions_floor_usage":[10,10,10],"damage_taken":[{"damage":4,"enemies":"Small Slimes","floor":1,"turns":5},{"damage":0,"enemies":"2 Louse","floor":3,"turns":3},{"damage":2,"enemies":"Jaw Worm","floor":4,"turns":5},{"damage":34,"enemies":"Gremlin Gang","floor":5,"turns":10},{"damage":7,"enemies":"Red Slaver","floor":7,"turns":4},{"damage":28,"enemies":"Lagavulin","floor":10,"turns":8},{"damage":14,"enemies":"3 Sentries","floor":12,"turns":9},{"damage":70,"enemies":"Hexaghost","floor":16,"turns":16}],"relics_obtained":[{"floor":9,"key":"Blue Candle"},{"floor":10,"key":"Juzu Bracelet"},{"floor":11,"key":"Pantograph"},{"floor":12,"key":"Mango"}],"event_choices":[{"event_name":"Golden Idol","player_choice":"Take Wound","floor":2,"damage_taken":0},{"event_name":"Big Fish","player_choice":"Box","floor":13,"damage_taken":0}],"boss_relics":[],"items_purged_floors":[],"potions_floor_spawned":[1,4,5],"seed_played":"-7843717508556749461","killed_by":"Hexaghost","ascension_level":1,"potions_obtained":[{"floor":1,"key":"EssenceOfSteel"},{"floor":4,"key":"GamblersBrew"},{"floor":5,"key":"LiquidBronze"}],"is_trial":false}