{"path_per_floor":["M","$","?","M","?","R","M","R","T","E","$","?","M","M","R","B",null,"M"],"character_chosen":"DEFECT","items_purchased":["Noxious Fumes","Cleave","Reinforced Body"],"gold_per_floor":[114,9,9,24,24,24,39,39,39,69,35,35,50,65,65,165,165,180,90],"floor_reached":19,"campfire_rested":0,"playtime":1191,"item_purchase_floors":[2,2,11],"current_hp_per_floor":[65,65,65,65,65,65,62,62,62,45,45,63,63,63,63,23,75,36,0],"items_purged":[],"gold":90,"score":167,"play_id":"8e45c73e-45a4-4d2a-afe3-42a8cf795c82","local_time":"20180602011204","daily_mods":["Diverse","Elite Swarm","Night Terrors"],"is_prod":false,"is_daily":true,"chose_seed":false,"is_ascension_mode":false,"campfire_upgraded":3,"win_rate":0.0,"timestamp":1527916324,"campfire_choices":[{"data":"Cleave","floor":6,"key":"SMITH"},{"data":"Zap","floor":8,"key":"SMITH"},{"data":"Envenom","floor":15,"key":"SMITH"}],"path_taken":["M","$","?","M","?","R","M","R","T","E","$","?","M","M","R","BOSS","M","M"],"build_version":"2018-05-31","seed_source_timestamp":0,"purchased_purges":0,"victory":false,"master_deck":["Strike_B","Strike_B","Strike_B","Strike_B","Defend_B","Defend_B","Defend_B","Defend_B","Zap+1","Dualcast","Hologram","Noxious Fumes+1","Cleave+1","Prepared","Sucker Punch","Envenom+1","Reinforced Body","Parasite","Blur","Gash","Multi-Cast","Parasite","Clumsy","Normality","Doom and Gloom"],"max_hp_per_floor":[75,75,75,75,75,75,75,75,75,75,75,75,75,75,75,75,75,75,75],"relics":["Cracked Core","Question Card","Bag of Marbles","Calling Bell","Regal Pillow","Pantograph","Calipers"],"card_choices":[{"not_picked":["Headbutt","Combust"],"picked":"Hologram","floor":1},{"not_picked":["Bloodletting","Body Slam"],"picked":"Prepared","floor":4},{"not_picked":["Underhanded Strike","Exhume"],"picked":"Sucker Punch","floor":7},{"not_picked":["Feed","Barricade","Grand Finale"],"picked":"Envenom","floor":10},{"not_picked":["Backstab","Thunderclap","Stack"],"picked":"Blur","floor":13},{"not_picked":["Ball Lightning","Distraction","Calculated Gamble"],"picked":"Gash","floor":14},{"not_picked":["Buffer","Storm of Steel","Unload"],"picked":"Multi-Cast","floor":16},{"not_picked":["Tempest+1","Power Through","Dodge and Roll"],"picked":"Doom and Gloom","floor":18}],"player_experience":154283,"potions_floor_usage":[18,18],"damage_taken":[{"damage":10,"enemies":"Small Slimes","floor":1,"turns":3},{"damage":0,"enemies":"2 Louse","floor":4,"turns":2},{"damage":3,"enemies":"Cultist","floor":7,"turns":3},{"damage":17,"enemies":"Gremlin Nob","floor":10,"turns":4},{"damage":0,"enemies":"3 Louse","floor":13,"turns":1},{"damage":0,"enemies":"2 Fungi Beasts","floor":14,"turns":3},{"damage":40,"enemies":"The Guardian","floor":16,"turns":12},{"damage":39,"enemies":"Chosen","floor":18,"turns":7},{"damage":50,"enemies":"2 Thieves","floor":19,"turns":3}],"relics_obtained":[{"floor":9,"key":"Question Card"},{"floor":10,"key":"Bag of Marbles"},{"floor":17,"key":"Regal Pillow"},{"floor":17,"key":"Pantograph"},{"floor":17,"key":"Calipers"}],"event_choices":[{"event_name":"Living Wall","player_choice":"Grow","floor":3,"damage_taken":0},{"event_name":"The Cleric","player_choice":"Leave","floor":5,"damage_taken":0},{"event_name":"Mushrooms","player_choice":"Healed and dodged fight","floor":12,"damage_taken":0}],"boss_relics":[{"not_picked":["Sozu","Tiny House"],"picked":"Calling Bell"}],"items_purged_floors":[],"potions_floor_spawned":[7,10,16,18],"seed_played":"8928587464129514231","killed_by":"2 Thieves","ascension_level":0,"potions_obtained":[{"floor":7,"key":"SpeedPotion"},{"floor":10,"key":"GamblersBrew"},{"floor":16,"key":"AttackPotion"},{"floor":18,"key":"Strength Potion"}],"is_trial":false}