{"gold_per_floor":[115,115,133,133,153,153,182,182,206,206,225,242,276,276,276,352,352,362,332,352,15,15,15,15],"floor_reached":24,"playtime":1451,"items_purged":["Strike_R"],"score":412,"play_id":"4edce3d5-6f08-44dc-9961-8769fc3e67ad","local_time":"20190923104552","is_ascension_mode":true,"campfire_choices":[{"data":"Bash","floor":6,"key":"SMITH"},{"data":"Evolve","floor":8,"key":"SMITH"},{"data":"Pommel Strike","floor":10,"key":"SMITH"},{"data":"Carnage","floor":15,"key":"SMITH"},{"floor":23,"key":"REST"}],"neow_cost":"NONE","seed_source_timestamp":555293164493400,"circlet_count":0,"master_deck":["AscendersBane","Strike_R+1","Strike_R+1","Strike_R+1","Defend_R+1","Defend_R+1","Defend_R+1","Defend_R+1","Bash+1","Ghostly Armor","Pommel Strike+1","Armaments+1","Evolve+1","Carnage+1","Berserk","Feel No Pain","Battle Trance","True Grit"],"relics":["Burning Blood","MealTicket","Strawberry","Oddly Smooth Stone","Sozu","Molten Egg 2"],"potions_floor_usage":[13,13],"damage_taken":[{"damage":0,"enemies":"Small Slimes","floor":1,"turns":4},{"damage":4,"enemies":"Jaw Worm","floor":3,"turns":6},{"damage":11,"enemies":"2 Louse","floor":5,"turns":4},{"damage":32,"enemies":"Gremlin Nob","floor":7,"turns":4},{"damage":7,"enemies":"2 Fungi Beasts","floor":11,"turns":4},{"damage":0,"enemies":"Blue Slaver","floor":12,"turns":7},{"damage":33,"enemies":"Lagavulin","floor":13,"turns":7},{"damage":14,"enemies":"Slime Boss","floor":16,"turns":10},{"damage":24,"enemies":"3 Byrds","floor":18,"turns":7},{"damage":7,"enemies":"2 Thieves","floor":19,"turns":4},{"damage":30,"enemies":"Cultist and Chosen","floor":20,"turns":6},{"damage":73,"enemies":"Slavers","floor":24,"turns":7}],"seed_played":"-3945037272605709152","potions_obtained":[{"floor":5,"key":"Explosive Potion"},{"floor":7,"key":"GamblersBrew"},{"floor":11,"key":"Block Potion"}],"is_trial":false,"path_per_floor":["M","?","M","?","M","R","E","R","T","R","M","M","E","?","R","B",null,"M","M","M","$","?","R","E"],"character_chosen":"IRONCLAD","items_purchased":["Molten Egg 2"],"campfire_rested":1,"item_purchase_floors":[21],"current_hp_per_floor":[74,67,69,69,64,64,38,38,45,45,44,50,23,50,50,42,72,54,53,29,44,44,68,0],"gold":15,"neow_bonus":"THREE_CARDS","is_prod":false,"is_daily":false,"chose_seed":false,"campfire_upgraded":4,"win_rate":0,"timestamp":1569260752,"path_taken":["M","?","M","?","M","R","E","R","T","R","M","M","E","?","R","BOSS","M","M","M","$","?","R","E"],"build_version":"2019-09-20","purchased_purges":1,"victory":false,"max_hp_per_floor":[75,75,75,75,75,75,75,75,82,82,82,82,82,82,82,82,82,82,82,82,82,82,82,82],"card_choices":[{"not_picked":["Twin Strike","Sword Boomerang"],"picked":"Ghostly Armor","floor":0},{"not_picked":["Havoc","Thunderclap"],"picked":"Pommel Strike","floor":1},{"not_picked":["Heavy Blade","Warcry"],"picked":"Armaments","floor":3},{"not_picked":["Iron Wave","Searing Blow","True Grit"],"picked":"SKIP","floor":5},{"not_picked":["Intimidate","Warcry"],"picked":"Evolve","floor":7},{"not_picked":["Rupture","Heavy Blade","Perfected Strike"],"picked":"SKIP","floor":11},{"not_picked":["Headbutt","Thunderclap"],"picked":"Carnage","floor":12},{"not_picked":["Havoc","Entrench","Sentinel"],"picked":"SKIP","floor":13},{"not_picked":["Double Tap","Brutality"],"picked":"Berserk","floor":16},{"not_picked":["Iron Wave","Hemokinesis"],"picked":"Feel No Pain","floor":18},{"not_picked":["Cleave","Blood for Blood"],"picked":"Battle Trance","floor":19},{"not_picked":["Twin Strike","Sword Boomerang"],"picked":"True Grit","floor":20}],"player_experience":981783,"relics_obtained":[{"floor":7,"key":"MealTicket"},{"floor":9,"key":"Strawberry"},{"floor":13,"key":"Oddly Smooth Stone"}],"event_choices":[{"cards_removed":["Strike_R"],"damage_healed":0,"gold_gain":0,"player_choice":"Card Removal","damage_taken":7,"max_hp_gain":0,"max_hp_loss":0,"event_name":"Golden Wing","floor":2,"gold_loss":0},{"damage_healed":0,"gold_gain":0,"player_choice":"Grow","damage_taken":0,"max_hp_gain":0,"max_hp_loss":0,"event_name":"Living Wall","floor":4,"gold_loss":0,"cards_upgraded":["Armaments"]},{"damage_healed":27,"gold_gain":0,"player_choice":"Banana","damage_taken":0,"max_hp_gain":0,"max_hp_loss":0,"event_name":"Big Fish","floor":14,"gold_loss":0},{"damage_healed":0,"gold_gain":0,"player_choice":"Simplicity","damage_taken":0,"max_hp_gain":0,"max_hp_loss":0,"event_name":"Back to Basics","floor":22,"gold_loss":0,"cards_upgraded":["Strike_R","Strike_R","Strike_R","Defend_R","Defend_R","Defend_R","Defend_R"]}],"is_beta":true,"boss_relics":[{"not_picked":["Cursed Key","Empty Cage"],"picked":"Sozu"}],"items_purged_floors":[21],"is_endless":false,"potions_floor_spawned":[5,7,11,20],"killed_by":"Slavers","ascension_level":20}