{"gold_per_floor":[10,10,85,104,104,120,148,163,212,241,331,343,369,400,412,495,507,533,298,298,311,311],"floor_reached":22,"playtime":600,"items_purged":["Strike_R"],"score":492,"play_id":"a9316359-eac2-4c2a-9213-bb53091f74f4","local_time":"20190923161908","is_ascension_mode":true,"campfire_choices":[{"floor":12,"key":"REST"},{"data":"Anger","floor":15,"key":"SMITH"}],"neow_cost":"NO_GOLD","seed_source_timestamp":576033538087800,"circlet_count":0,"master_deck":["AscendersBane","Strike_R","Strike_R","Strike_R","Defend_R","Defend_R","Defend_R","Defend_R","Anger+1","Clash","Flex","Anger+1","Second Wind","Anger+1","Intimidate"],"special_seed":0,"relics":["Black Blood","Unceasing Top","Molten Egg 2","Red Skull","MawBank","Matryoshka","Medical Kit"],"potions_floor_usage":[7,16],"damage_taken":[{"damage":4.0,"enemies":"Small Slimes","floor":1.0,"turns":4.0},{"damage":0.0,"enemies":"2 Louse","floor":4.0,"turns":4.0},{"damage":7.0,"enemies":"Jaw Worm","floor":6.0,"turns":3.0},{"damage":30,"enemies":"3 Sentries","floor":7,"turns":8},{"damage":9,"enemies":"Exordium Wildlife","floor":8,"turns":4},{"damage":37,"enemies":"Gremlin Nob","floor":10,"turns":4},{"damage":8,"enemies":"Blue Slaver","floor":13,"turns":2},{"damage":4,"enemies":"Large Slime","floor":14,"turns":5},{"damage":0,"enemies":"Slime Boss","floor":16,"turns":6},{"damage":45,"enemies":"3 Byrds","floor":18,"turns":6},{"damage":28,"enemies":"Shell Parasite","floor":21,"turns":4},{"damage":16,"enemies":"Shelled Parasite and Fungi","floor":22,"turns":1}],"seed_played":"4566950863438399505","potions_obtained":[{"floor":4.0,"key":"Regen Potion"},{"floor":6.0,"key":"PowerPotion"},{"floor":10,"key":"Fire Potion"},{"floor":16,"key":"Explosive Potion"},{"floor":21,"key":"Explosive Potion"}],"is_trial":false,"path_per_floor":["M","?","?","M","?","M","E","M","T","E","T","R","M","M","R","B",null,"M","$","?","M","M"],"character_chosen":"IRONCLAD","items_purchased":["Medical Kit"],"campfire_rested":1,"item_purchase_floors":[19],"current_hp_per_floor":[70,70,59,65,58,66,42,39,39,8,8,30,28,30,30,36,65,32,32,32,16,0],"gold":311,"neow_bonus":"ONE_RARE_RELIC","is_prod":false,"is_daily":false,"chose_seed":false,"campfire_upgraded":1,"win_rate":0,"timestamp":1569280748,"path_taken":["M","?","?","M","?","M","E","M","T","E","?","R","M","M","R","BOSS","M","$","?","M","M"],"build_version":"2019-09-23","purchased_purges":1,"victory":false,"max_hp_per_floor":[75,75,75,75,75,75,75,75,75,75,75,75,75,75,75,75,75,75,75,75,75,75],"card_choices":[{"not_picked":["Cleave","Pummel"],"picked":"Anger","floor":1.0},{"not_picked":["Warcry","Entrench"],"picked":"Clash","floor":4.0},{"not_picked":["Carnage","Headbutt"],"picked":"Flex","floor":6.0},{"not_picked":["Heavy Blade","Fire Breathing"],"picked":"Anger","floor":7},{"not_picked":["Carnage+1","Metallicize","Perfected Strike+1"],"picked":"SKIP","floor":8},{"not_picked":["Entrench","Warcry","Perfected Strike+1"],"picked":"SKIP","floor":10},{"not_picked":["Perfected Strike+1","Spot Weakness"],"picked":"Second Wind","floor":13},{"not_picked":["Bloodletting","Brutality","Thunderclap+1"],"picked":"SKIP","floor":14},{"not_picked":["Carnage+1","Sword Boomerang+1"],"picked":"Anger+1","floor":18},{"not_picked":["Armaments","Cleave+1"],"picked":"Intimidate","floor":21}],"player_experience":991070,"relics_obtained":[{"floor":7,"key":"Molten Egg 2"},{"floor":9,"key":"Red Skull"},{"floor":10,"key":"MawBank"},{"floor":11,"key":"Matryoshka"}],"event_choices":[{"cards_removed":["Strike_R"],"damage_healed":0.0,"max_hp_gain":0.0,"max_hp_loss":0.0,"gold_gain":0.0,"event_name":"Living Wall","player_choice":"Forget","floor":2.0,"gold_loss":0.0,"damage_taken":0.0},{"damage_healed":0.0,"max_hp_gain":0.0,"max_hp_loss":0.0,"gold_gain":75.0,"event_name":"World of Goop","player_choice":"Gather Gold","floor":3.0,"gold_loss":0.0,"damage_taken":11.0},{"cards_removed":["Bash"],"damage_healed":0.0,"max_hp_gain":0.0,"max_hp_loss":0.0,"gold_gain":0.0,"event_name":"Golden Wing","player_choice":"Card Removal","floor":5.0,"gold_loss":0.0,"damage_taken":7.0},{"damage_healed":0,"gold_gain":0,"player_choice":"Ignored","damage_taken":0,"max_hp_gain":0,"max_hp_loss":0,"event_name":"Vampires","floor":20,"gold_loss":0}],"is_beta":true,"boss_relics":[{"not_picked":["Snecko Eye","Runic Cube"],"picked":"Black Blood"}],"items_purged_floors":[19],"is_endless":false,"potions_floor_spawned":[4,6,10,16,21],"killed_by":"Shelled Parasite and Fungi","ascension_level":20}