{"gold_per_floor":[116,136,136,152,163,163,177,209,209,227,257,182,196,35,35,109,109,124,124,40,55,74,74,274,274,274,143,143,143],"floor_reached":29,"playtime":881,"items_purged":["Strike_R"],"score":470,"play_id":"ef8cd0aa-3326-420e-831c-f691d93ee299","local_time":"20190922111238","is_ascension_mode":true,"campfire_choices":[{"data":"Rage","floor":6.0,"key":"SMITH"},{"data":"Rampage","floor":15,"key":"SMITH"},{"floor":23,"key":"REST"},{"floor":25,"key":"REST"},{"data":"Immolate","floor":28,"key":"SMITH"}],"neow_cost":"NONE","seed_source_timestamp":471037162173200,"circlet_count":0,"master_deck":["AscendersBane","Strike_R","Defend_R","Defend_R","Defend_R","Defend_R","Bash","Carnage","Rage+1","Rampage+1","Anger","Clothesline","Barricade","Immolate+1","Entrench","Corruption","Evolve","Shrug It Off","Shrug It Off"],"special_seed":0,"relics":["Burning Blood","Art of War","CaptainsWheel","Orichalcum","Juzu Bracelet","Medical Kit","Empty Cage","Omamori"],"potions_floor_usage":[16,21,29],"damage_taken":[{"damage":7.0,"enemies":"Cultist","floor":1.0,"turns":4.0},{"damage":8.0,"enemies":"2 Louse","floor":2.0,"turns":3.0},{"damage":4.0,"enemies":"Jaw Worm","floor":4.0,"turns":3.0},{"damage":8.0,"enemies":"Gremlin Gang","floor":5.0,"turns":5.0},{"damage":10.0,"enemies":"Large Slime","floor":7.0,"turns":6.0},{"damage":10.0,"enemies":"Lagavulin","floor":8.0,"turns":6.0},{"damage":19.0,"enemies":"Exordium Thugs","floor":10.0,"turns":6.0},{"damage":8.0,"enemies":"3 Sentries","floor":11.0,"turns":8.0},{"damage":7,"enemies":"Looter","floor":13,"turns":3},{"damage":23,"enemies":"The Guardian","floor":16,"turns":8},{"damage":36,"enemies":"3 Byrds","floor":18,"turns":6},{"damage":18,"enemies":"Shell Parasite","floor":21,"turns":7},{"damage":17,"enemies":"Centurion and Healer","floor":22,"turns":9},{"damage":59,"enemies":"Book of Stabbing","floor":29,"turns":5}],"seed_played":"-1630697898511067081","potions_obtained":[{"floor":5.0,"key":"PowerPotion"},{"floor":7.0,"key":"BloodPotion"},{"floor":11,"key":"FearPotion"},{"floor":16,"key":"FearPotion"},{"floor":18,"key":"Block Potion"}],"is_trial":false,"path_per_floor":["M","M","?","M","M","R","M","E","T","M","E","?","M","$","R","B",null,"M","?","$","M","M","R","?","R","T","$","R","E"],"character_chosen":"IRONCLAD","items_purchased":["Medical Kit","Corruption","Shrug It Off"],"campfire_rested":2,"item_purchase_floors":[14,20,27],"current_hp_per_floor":[67,65,47,49,47,47,43,54,54,41,39,39,38,38,38,21,62,32,32,32,20,9,31,31,53,53,53,53,0],"gold":143,"neow_bonus":"RANDOM_COMMON_RELIC","is_prod":false,"is_daily":false,"chose_seed":false,"campfire_upgraded":3,"win_rate":0,"timestamp":1569175958,"path_taken":["M","M","?","M","M","R","M","E","T","M","E","?","M","?","R","BOSS","M","?","$","M","M","R","?","R","T","?","R","E"],"build_version":"2019-09-20","purchased_purges":1,"victory":false,"max_hp_per_floor":[75,75,75,75,75,75,75,75,75,75,75,75,75,75,75,75,75,75,75,75,75,75,75,75,75,75,75,75,75],"card_choices":[{"not_picked":["True Grit","Cleave"],"picked":"Carnage","floor":1.0},{"not_picked":["Clothesline","Entrench","Armaments"],"picked":"SKIP","floor":2.0},{"not_picked":["Cleave","Ghostly Armor"],"picked":"Rage","floor":4.0},{"not_picked":["Armaments","Twin Strike","Rupture"],"picked":"SKIP","floor":5.0},{"not_picked":["Sever Soul","Iron Wave"],"picked":"Rampage","floor":7.0},{"not_picked":["Heavy Blade","Warcry"],"picked":"Anger","floor":8.0},{"not_picked":["Armaments","Bloodletting","Intimidate"],"picked":"SKIP","floor":10.0},{"not_picked":["Seeing Red","Armaments"],"picked":"Clothesline","floor":11},{"not_picked":["Entrench","Rage"],"picked":"Barricade","floor":13},{"not_picked":["Exhume","Berserk"],"picked":"Immolate","floor":16},{"not_picked":["Body Slam","Clash"],"picked":"Entrench","floor":18},{"not_picked":["Carnage","Clothesline"],"picked":"Evolve","floor":21},{"not_picked":["Shockwave","Havoc"],"picked":"Shrug It Off","floor":22}],"player_experience":957115,"relics_obtained":[{"floor":8.0,"key":"Orichalcum"},{"floor":9.0,"key":"Juzu Bracelet"},{"floor":26,"key":"Omamori"}],"event_choices":[{"damage_healed":0.0,"max_hp_gain":0.0,"max_hp_loss":0.0,"gold_gain":0.0,"event_name":"Scrap Ooze","player_choice":"Success","floor":3.0,"gold_loss":0.0,"damage_taken":18.0,"relics_obtained":["CaptainsWheel"]},{"cards_removed":["Strike_R"],"damage_healed":0,"gold_gain":0,"player_choice":"Card Removal","damage_taken":0,"max_hp_gain":0,"max_hp_loss":0,"event_name":"The Cleric","floor":12,"gold_loss":75},{"damage_healed":0,"gold_gain":0,"player_choice":"Ignored","damage_taken":0,"max_hp_gain":0,"max_hp_loss":0,"event_name":"Ghosts","floor":19,"gold_loss":0},{"damage_healed":0,"gold_gain":250,"player_choice":"Bet on Owner","damage_taken":0,"max_hp_gain":0,"max_hp_loss":0,"event_name":"The Joust","floor":24,"gold_loss":50}],"is_beta":true,"boss_relics":[{"not_picked":["Coffee Dripper","Tiny House"],"picked":"Empty Cage"}],"items_purged_floors":[27],"is_endless":false,"potions_floor_spawned":[5,7,11,16,18],"killed_by":"Book of Stabbing","ascension_level":20}