{"gold_per_floor":[112,122,122,139,139,157,157,188,188,200,200,220,231,264,264,338,338,356,356,368,380,394,394,242,242,323,74,90,100,100,130,130,208,208,220,237,256,268,321,321,321],"floor_reached":41,"playtime":2067,"items_purged":["Strike_R","Strike_R"],"score":1008,"play_id":"a888fae8-3994-4245-921d-824142ef7651","local_time":"20190921215736","is_ascension_mode":true,"campfire_choices":[{"data":"Uppercut","floor":7.0,"key":"SMITH"},{"floor":11.0,"key":"REST"},{"data":"Spot Weakness","floor":15.0,"key":"SMITH"},{"floor":23.0,"key":"REST"},{"floor":25.0,"key":"REST"},{"data":"Limit Break","floor":32.0,"key":"SMITH"},{"data":"Evolve","floor":40.0,"key":"SMITH"}],"neow_cost":"NONE","seed_source_timestamp":421998023784900,"circlet_count":0,"master_deck":["AscendersBane","Strike_R","Strike_R","Defend_R","Defend_R","Defend_R","Defend_R","Bash","Feed","Spot Weakness+1","Metallicize","Battle Trance","Uppercut+1","Sword Boomerang+1","Power Through","Disarm","Limit Break+1","Power Through","Shrug It Off","Evolve+1","Reaper+1","Heavy Blade+1","Offering","Shrug It Off","Heavy Blade+1"],"special_seed":0,"relics":["Burning Blood","Ornamental Fan","Molten Egg 2","HornCleat","Sundial","Sozu","Eternal Feather","PreservedInsect","Black Star","Happy Flower"],"potions_floor_usage":[],"damage_taken":[{"damage":18.0,"enemies":"Jaw Worm","floor":1.0,"turns":9.0},{"damage":2.0,"enemies":"Cultist","floor":2.0,"turns":4.0},{"damage":12.0,"enemies":"2 Louse","floor":4.0,"turns":6.0},{"damage":14.0,"enemies":"Red Slaver","floor":6.0,"turns":6.0},{"damage":30.0,"enemies":"3 Sentries","floor":8.0,"turns":9.0},{"damage":23.0,"enemies":"Gremlin Gang","floor":10.0,"turns":6.0},{"damage":7.0,"enemies":"Lots of Slimes","floor":12.0,"turns":5.0},{"damage":7.0,"enemies":"Red Slaver","floor":13.0,"turns":3.0},{"damage":0.0,"enemies":"Gremlin Nob","floor":14.0,"turns":3.0},{"damage":52.0,"enemies":"Slime Boss","floor":16.0,"turns":14.0},{"damage":16.0,"enemies":"Spheric Guardian","floor":18.0,"turns":4.0},{"damage":23.0,"enemies":"3 Byrds","floor":20.0,"turns":5.0},{"damage":38.0,"enemies":"Cultist and Chosen","floor":21.0,"turns":7.0},{"damage":19.0,"enemies":"Snake Plant","floor":22.0,"turns":3.0},{"damage":21.0,"enemies":"Shelled Parasite and Fungi","floor":28.0,"turns":16.0},{"damage":9.0,"enemies":"Centurion and Healer","floor":29.0,"turns":15.0},{"damage":41.0,"enemies":"Gremlin Leader","floor":31.0,"turns":9.0},{"damage":89.0,"enemies":"Automaton","floor":33.0,"turns":10.0},{"damage":6.0,"enemies":"Orb Walker","floor":35.0,"turns":3.0},{"damage":63.0,"enemies":"3 Darklings","floor":36.0,"turns":10.0},{"damage":91.0,"enemies":"Spire Growth","floor":37.0,"turns":9.0},{"damage":36.0,"enemies":"Maw","floor":38.0,"turns":8.0},{"damage":102,"enemies":"Reptomancer","floor":41,"turns":5}],"seed_played":"-254216356041733649","potions_obtained":[{"floor":2.0,"key":"Explosive Potion"},{"floor":4.0,"key":"Explosive Potion"},{"floor":8.0,"key":"PowerPotion"},{"floor":10.0,"key":"DuplicationPotion"}],"is_trial":false,"path_per_floor":["M","M","?","M","?","M","R","E","T","M","R","M","M","E","R","B",null,"M","?","M","M","M","R","$","R","T","$","M","M","$","E","R","B",null,"M","M","M","M","T","R","E"],"character_chosen":"IRONCLAD","items_purchased":["Evolve","Reaper+1"],"campfire_rested":3,"item_purchase_floors":[24,27],"current_hp_per_floor":[59,66,59,56,56,48,48,27,27,13,40,42,44,53,53,7,76,69,69,55,26,16,49,49,82,82,82,87,99,99,90,102,22,96,118,123,75,82,82,97,0],"gold":321,"neow_bonus":"ONE_RANDOM_RARE_CARD","is_prod":false,"is_daily":false,"chose_seed":false,"campfire_upgraded":4,"win_rate":0,"timestamp":1569128256,"path_taken":["M","M","?","M","?","?","R","E","T","M","R","M","M","E","R","BOSS","M","?","?","M","M","R","$","R","T","$","?","M","?","E","R","BOSS","M","M","?","M","?","R","E"],"build_version":"2019-09-20","purchased_purges":2,"victory":false,"max_hp_per_floor":[78,81,81,84,84,84,84,87,87,90,90,93,96,99,99,99,99,102,102,105,108,111,111,111,111,111,111,114,117,117,117,117,120,120,123,123,123,123,123,123,123],"card_choices":[{"not_picked":["Clothesline","Pommel Strike"],"picked":"Spot Weakness","floor":1.0},{"not_picked":["Rampage","Shrug It Off"],"picked":"Metallicize","floor":2.0},{"not_picked":["Headbutt","Ghostly Armor"],"picked":"Battle Trance","floor":4.0},{"not_picked":["Armaments","Perfected Strike"],"picked":"Uppercut","floor":6.0},{"not_picked":["Twin Strike","Dropkick"],"picked":"Sword Boomerang","floor":8.0},{"not_picked":["Sentinel","Pommel Strike+1","Twin Strike+1"],"picked":"SKIP","floor":10.0},{"not_picked":["Whirlwind+1","True Grit"],"picked":"Power Through","floor":12.0},{"not_picked":["Dark Embrace","Warcry"],"picked":"Disarm","floor":13.0},{"not_picked":["Blood for Blood+1","True Grit","Body Slam+1"],"picked":"SKIP","floor":14.0},{"not_picked":["Bludgeon+1","Berserk"],"picked":"Limit Break","floor":16.0},{"not_picked":["Twin Strike+1","Wild Strike+1","Body Slam+1"],"picked":"SKIP","floor":18.0},{"not_picked":["True Grit","Uppercut+1","Sever Soul+1"],"picked":"SKIP","floor":20.0},{"not_picked":["Intimidate","Blood for Blood+1"],"picked":"Power Through","floor":21.0},{"not_picked":["Wild Strike+1","Anger+1"],"picked":"Shrug It Off","floor":22.0},{"not_picked":["True Grit","Cleave+1","Clothesline+1"],"picked":"SKIP","floor":28.0},{"not_picked":["Twin Strike+1","Entrench","Blood for Blood+1"],"picked":"SKIP","floor":29.0},{"not_picked":["Perfected Strike+1","Iron Wave+1"],"picked":"Heavy Blade+1","floor":31.0},{"not_picked":["Double Tap","Exhume"],"picked":"Offering","floor":33.0},{"not_picked":["Flex","Pommel Strike+1"],"picked":"Shrug It Off","floor":35.0},{"not_picked":["Headbutt+1","Iron Wave+1"],"picked":"Heavy Blade+1","floor":36.0},{"not_picked":["Sever Soul+1","Shockwave","Iron Wave+1"],"picked":"SKIP","floor":37.0},{"not_picked":["Iron Wave+1","Ghostly Armor","Pommel Strike+1"],"picked":"SKIP","floor":38.0}],"player_experience":946237,"relics_obtained":[{"floor":8.0,"key":"Molten Egg 2"},{"floor":9.0,"key":"HornCleat"},{"floor":14.0,"key":"Sundial"},{"floor":26.0,"key":"Eternal Feather"},{"floor":31.0,"key":"PreservedInsect"},{"floor":39.0,"key":"Happy Flower"}],"event_choices":[{"cards_removed":["Strike_R"],"damage_healed":0.0,"max_hp_gain":0.0,"max_hp_loss":0.0,"gold_gain":0.0,"event_name":"Golden Wing","player_choice":"Card Removal","floor":3.0,"gold_loss":0.0,"damage_taken":7.0},{"damage_healed":0.0,"max_hp_gain":0.0,"max_hp_loss":0.0,"gold_gain":0.0,"event_name":"WeMeetAgain","player_choice":"Gave Potion","floor":5.0,"gold_loss":0.0,"damage_taken":0.0,"relics_obtained":["Ornamental Fan"]},{"damage_healed":0.0,"max_hp_gain":0.0,"max_hp_loss":0.0,"gold_gain":0.0,"event_name":"Lab","player_choice":"Got Potions","floor":19.0,"gold_loss":0.0,"damage_taken":0.0}],"is_beta":true,"boss_relics":[{"not_picked":["Runic Dome","SlaversCollar"],"picked":"Sozu"},{"not_picked":["Runic Cube","Busted Crown"],"picked":"Black Star"}],"items_purged_floors":[24,27],"is_endless":false,"potions_floor_spawned":[2,4,8,10,20,29,31,35,37],"killed_by":"Reptomancer","ascension_level":20}