{"path_per_floor":["M","M","?","$","$","R","E","R","T","T","R","E","?","M","R","B",null,"M","M","?","M"],"character_chosen":"DEFECT","items_purchased":["Hello World","Bandage Up"],"gold_per_floor":[144,189,189,10,10,10,108,108,183,183,183,281,281,330,330,655,655,704,753,668,717,717],"floor_reached":22,"campfire_rested":4,"playtime":1161,"item_purchase_floors":[4,4],"current_hp_per_floor":[71,71,71,71,71,75,56,75,75,75,75,53,53,51,73,40,75,27,27,27,5,0],"items_purged":[],"gold":717,"score":217,"play_id":"fbcd8f18-a3b4-408c-8ed0-a59697ebaaa8","local_time":"20180607212900","daily_mods":["Specialized","Midas","Time Dilation"],"is_prod":false,"is_daily":true,"chose_seed":false,"is_ascension_mode":false,"campfire_upgraded":0,"win_rate":0.0,"timestamp":1528421340,"campfire_choices":[{"floor":6,"key":"REST"},{"floor":8,"key":"REST"},{"floor":11,"key":"REST"},{"floor":15,"key":"REST"}],"path_taken":["M","M","?","?","$","R","E","R","T","?","R","E","?","M","R","BOSS","M","M","?","M","M"],"build_version":"2018-05-31","seed_source_timestamp":0,"purchased_purges":0,"victory":false,"master_deck":["Strike_B","Strike_B","Strike_B","Strike_B","Defend_B","Defend_B","Defend_B","Defend_B","Zap","Dualcast","Electrodynamics","Electrodynamics","Electrodynamics","Electrodynamics","Electrodynamics","Melter","Storm","Injury","Hello World","Bandage Up","Force Field","Gash","Regret","BootSequence+1","Creative AI","Cold Snap","Turbo+1","Leap+1"],"max_hp_per_floor":[75,75,75,75,75,75,75,75,75,75,75,75,75,75,75,75,75,75,75,75,75,75],"relics":["Cracked Core","Golden Idol","Pantograph","Toxic Egg 2","Shuriken","Art of War","Ginger","Black Star","Orichalcum"],"card_choices":[{"not_picked":["Compile Driver","Cold Snap"],"picked":"Melter","floor":1},{"not_picked":["Beam Cell","Compile Driver"],"picked":"Storm","floor":2},{"not_picked":["Steam Power","Rebound"],"picked":"Force Field","floor":7},{"not_picked":["Melter","Cold Snap"],"picked":"Gash","floor":12},{"not_picked":["Coolheaded+1","Redo+1"],"picked":"BootSequence+1","floor":14},{"not_picked":["Rainbow+1","Machine Learning"],"picked":"Creative AI","floor":16},{"not_picked":["Hologram+1","Leap+1"],"picked":"Cold Snap","floor":18},{"not_picked":["Beam Cell","Chill+1"],"picked":"Turbo+1","floor":19},{"not_picked":["Gash+1","Streamline"],"picked":"Leap+1","floor":21}],"player_experience":180482,"potions_floor_usage":[12,12,19,21],"damage_taken":[{"damage":4,"enemies":"Cultist","floor":1,"turns":4},{"damage":0,"enemies":"2 Louse","floor":2,"turns":1},{"damage":23,"enemies":"Lagavulin","floor":7,"turns":7},{"damage":25,"enemies":"Gremlin Nob","floor":12,"turns":4},{"damage":6,"enemies":"Small Slimes","floor":14,"turns":2},{"damage":39,"enemies":"The Guardian","floor":16,"turns":9},{"damage":48,"enemies":"Chosen","floor":18,"turns":5},{"damage":0,"enemies":"3 Byrds","floor":19,"turns":2},{"damage":26,"enemies":"Snake Plant","floor":21,"turns":4},{"damage":11,"enemies":"Slaver and Parasite","floor":22,"turns":1}],"relics_obtained":[{"floor":7,"key":"Pantograph"},{"floor":9,"key":"Toxic Egg 2"},{"floor":10,"key":"Shuriken"},{"floor":12,"key":"Art of War"}],"event_choices":[{"event_name":"Golden Idol","player_choice":"Take Wound","floor":3,"damage_taken":0},{"event_name":"Big Fish","player_choice":"Box","floor":13,"damage_taken":0},{"event_name":"Addict","player_choice":"Obtained Relic","floor":20,"damage_taken":0}],"boss_relics":[{"not_picked":["White Beast Statue","Tiny House"],"picked":"Black Star"}],"items_purged_floors":[],"potions_floor_spawned":[2,7,18,19],"seed_played":"-2409088256210812940","killed_by":"Slaver and Parasite","ascension_level":0,"potions_obtained":[{"floor":2,"key":"Regen Potion"},{"floor":7,"key":"SkillPotion"},{"floor":18,"key":"Energy Potion"},{"floor":19,"key":"LiquidBronze"}],"is_trial":false}