{"gold_per_floor":[213,127,127,140,160,160,183,203,203,203,236,236,251,284,284,380,380,395,395,414,75,96,96,21,21],"floor_reached":25,"playtime":799,"items_purged":["Writhe"],"score":422,"play_id":"8efcc7b9-dd4e-4ee2-a3c9-db6b22125a42","local_time":"20190916135650","is_ascension_mode":true,"campfire_choices":[{"data":"Flame Barrier","floor":6,"key":"SMITH"},{"data":"Bash","floor":10,"key":"SMITH"},{"floor":15,"key":"REST"},{"data":"Demon Form","floor":23,"key":"SMITH"}],"neow_cost":"NONE","seed_source_timestamp":366541439608800,"circlet_count":0,"master_deck":["AscendersBane","Strike_R","Strike_R","Strike_R","Strike_R","Defend_R","Defend_R","Defend_R","Defend_R","Bash+1","Perfected Strike","Flame Barrier+1","Metallicize","Battle Trance","Limit Break","Demon Form+1","Twin Strike","Twin Strike","Reaper","Seeing Red","Rage"],"relics":["Burning Blood","Odd Mushroom","Pear","Gambling Chip","Golden Idol","Ornamental Fan","Mark of Pain","Strawberry","Molten Egg 2"],"potions_floor_usage":[4,7,14,16,22],"damage_taken":[{"damage":19,"enemies":"Cultist","floor":1,"turns":6},{"damage":19,"enemies":"Jaw Worm","floor":4,"turns":4},{"damage":5,"enemies":"2 Louse","floor":5,"turns":3},{"damage":8,"enemies":"The Mushroom Lair","floor":7,"turns":5},{"damage":3,"enemies":"Looter","floor":8,"turns":4},{"damage":21,"enemies":"3 Sentries","floor":11,"turns":12},{"damage":15,"enemies":"Large Slime","floor":13,"turns":5},{"damage":37,"enemies":"Gremlin Nob","floor":14,"turns":5},{"damage":14,"enemies":"Slime Boss","floor":16,"turns":7},{"damage":14,"enemies":"3 Byrds","floor":18,"turns":6},{"damage":21,"enemies":"2 Thieves","floor":20,"turns":4},{"damage":40,"enemies":"3 Cultists","floor":22,"turns":6},{"damage":53,"enemies":"Slavers","floor":25,"turns":3}],"seed_played":"-475683394540482995","potions_obtained":[{"floor":3,"key":"Explosive Potion"},{"floor":3,"key":"Regen Potion"},{"floor":4,"key":"Strength Potion"},{"floor":7,"key":"Dexterity Potion"},{"floor":18,"key":"Weak Potion"}],"is_trial":false,"path_per_floor":["M","$","?","M","M","R","?","M","T","R","E","?","M","E","R","B",null,"M","?","M","$","M","R","?","E"],"character_chosen":"IRONCLAD","items_purchased":["Flame Barrier","Molten Egg 2"],"campfire_rested":1,"item_purchase_floors":[2,21],"current_hp_per_floor":[55,55,55,54,55,55,53,56,66,66,51,51,42,11,34,26,64,74,81,66,66,52,52,52,0],"gold":21,"neow_bonus":"HUNDRED_GOLD","is_prod":false,"is_daily":false,"chose_seed":false,"campfire_upgraded":3,"win_rate":0,"timestamp":1568667410,"path_taken":["M","$","?","M","?","R","?","M","T","R","E","?","M","E","R","BOSS","M","?","M","$","M","R","?","E"],"build_version":"2019-07-17","purchased_purges":1,"victory":false,"max_hp_per_floor":[75,75,75,75,75,75,75,75,85,85,85,77,77,77,77,77,77,77,84,84,84,84,84,84,84],"card_choices":[{"not_picked":["Thunderclap","Flex"],"picked":"Perfected Strike","floor":1},{"not_picked":["Hemokinesis","Armaments"],"picked":"Metallicize","floor":4},{"not_picked":["Sentinel","Pommel Strike"],"picked":"Battle Trance","floor":5},{"not_picked":["Twin Strike","Cleave"],"picked":"Limit Break","floor":7},{"not_picked":["Sword Boomerang","Havoc","Rampage"],"picked":"SKIP","floor":8},{"not_picked":["Combust","Sentinel"],"picked":"Demon Form","floor":11},{"not_picked":["Intimidate","Thunderclap"],"picked":"Twin Strike","floor":13},{"not_picked":["Clothesline","Shockwave"],"picked":"Twin Strike","floor":14},{"not_picked":["Immolate","Berserk"],"picked":"Reaper","floor":16},{"not_picked":["Sever Soul+1","Uppercut"],"picked":"Seeing Red","floor":18},{"not_picked":["Rupture","Thunderclap","Sword Boomerang"],"picked":"SKIP","floor":20},{"not_picked":["Armaments","Clash+1"],"picked":"Rage","floor":22}],"player_experience":779348,"relics_obtained":[{"floor":7,"key":"Odd Mushroom"},{"floor":9,"key":"Pear"},{"floor":11,"key":"Gambling Chip"},{"floor":14,"key":"Ornamental Fan"}],"event_choices":[{"damage_healed":0,"gold_gain":0,"player_choice":"Got Potions","damage_taken":0,"max_hp_gain":0,"max_hp_loss":0,"event_name":"Lab","floor":3,"gold_loss":0},{"damage_healed":0,"gold_gain":0,"player_choice":"Fought Mushrooms","damage_taken":0,"max_hp_gain":0,"max_hp_loss":0,"event_name":"Mushrooms","floor":7,"gold_loss":0},{"damage_healed":0,"gold_gain":0,"player_choice":"Lose Max HP","damage_taken":0,"relics_obtained":["Golden Idol"],"max_hp_gain":0,"max_hp_loss":8,"event_name":"Golden Idol","floor":12,"gold_loss":0},{"damage_healed":0,"gold_gain":0,"player_choice":"Opened","damage_taken":0,"relics_obtained":["Strawberry"],"max_hp_gain":0,"max_hp_loss":0,"event_name":"The Mausoleum","floor":19,"gold_loss":0,"cards_obtained":["Writhe"]},{"cards_removed":["Strike_R"],"damage_healed":0,"gold_gain":0,"player_choice":"Gave Gold","damage_taken":0,"max_hp_gain":0,"max_hp_loss":0,"event_name":"Beggar","floor":24,"gold_loss":75}],"is_beta":false,"boss_relics":[{"not_picked":["Coffee Dripper","Eternal Feather"],"picked":"Mark of Pain"}],"items_purged_floors":[21],"is_endless":false,"potions_floor_spawned":[4,5,7,11,13,18],"killed_by":"Slavers","ascension_level":20}