{"gold_per_floor":[118,130,150,150,166,166,204,204,204,222,256,256,280,296,296,389,389,407,447,39,53,67,67,83,83,107,140,153,184,54,74,74,169,169,185,185,9,30,30,30,46,62,88,88,88],"floor_reached":45,"playtime":1863,"items_purged":[],"score":988,"play_id":"31faa378-aa75-40a1-80d6-5d0a31b84638","local_time":"20190921182358","is_ascension_mode":true,"campfire_choices":[{"data":"Inflame","floor":6,"key":"SMITH"},{"data":"Bash","floor":8,"key":"SMITH"},{"data":"Metallicize","floor":12,"key":"SMITH"},{"data":"Rampage","floor":15,"key":"SMITH"},{"floor":23,"key":"REST"},{"floor":25,"key":"REST"},{"floor":32,"key":"REST"},{"floor":40,"key":"REST"}],"neow_cost":"NONE","seed_source_timestamp":409564068433100,"circlet_count":0,"master_deck":["AscendersBane","Strike_R","Strike_R","Strike_R","Strike_R","Defend_R","Defend_R","Defend_R","Defend_R","Bash+1","Headbutt","Anger","Inflame+1","Fire Breathing","Shrug It Off","Battle Trance","Metallicize+1","Rampage+1","Ghostly Armor","Demon Form","Metallicize","Flame Barrier+1","Limit Break","Battle Trance","Shrug It Off+1","Flame Barrier+1","Spot Weakness+1","Havoc+1","Flame Barrier+1","Evolve","Shrug It Off","Seeing Red","Barricade","Shrug It Off","Decay","Reaper","Power Through"],"relics":["Burning Blood","Blood Vial","Golden Idol","Question Card","Pantograph","Lantern","Mark of Pain","Red Mask","Bag of Preparation","DollysMirror","Juzu Bracelet","Anchor","MawBank","SlaversCollar","Toy Ornithopter"],"potions_floor_usage":[7,11,16,19,29,42],"damage_taken":[{"damage":4,"enemies":"Jaw Worm","floor":1,"turns":5},{"damage":7,"enemies":"Small Slimes","floor":2,"turns":3},{"damage":0,"enemies":"Cultist","floor":3,"turns":3},{"damage":7,"enemies":"Looter","floor":5,"turns":3},{"damage":15,"enemies":"3 Sentries","floor":7,"turns":5},{"damage":11,"enemies":"2 Fungi Beasts","floor":10,"turns":4},{"damage":11,"enemies":"Lagavulin","floor":11,"turns":4},{"damage":7,"enemies":"Exordium Thugs","floor":13,"turns":6},{"damage":7,"enemies":"Blue Slaver","floor":14,"turns":4},{"damage":15,"enemies":"The Guardian","floor":16,"turns":13},{"damage":29,"enemies":"Spheric Guardian","floor":18,"turns":5},{"damage":41,"enemies":"Masked Bandits","floor":19,"turns":6},{"damage":0,"enemies":"Shell Parasite","floor":21,"turns":4},{"damage":15,"enemies":"Cultist and Chosen","floor":22,"turns":7},{"damage":15,"enemies":"Centurion and Healer","floor":24,"turns":6},{"damage":48,"enemies":"Book of Stabbing","floor":27,"turns":7},{"damage":27,"enemies":"Snake Plant","floor":28,"turns":4},{"damage":1,"enemies":"Slavers","floor":29,"turns":5},{"damage":25,"enemies":"Snecko","floor":31,"turns":6},{"damage":45,"enemies":"Automaton","floor":33,"turns":10},{"damage":46,"enemies":"3 Darklings","floor":35,"turns":8},{"damage":18,"enemies":"Orb Walker","floor":38,"turns":6},{"damage":25,"enemies":"Maw","floor":41,"turns":10},{"damage":20,"enemies":"4 Shapes","floor":42,"turns":15},{"damage":77,"enemies":"Spire Growth","floor":45,"turns":5}],"seed_played":"-3623249741564935953","potions_obtained":[{"floor":2,"key":"FairyPotion"},{"floor":5,"key":"SpeedPotion"},{"floor":7,"key":"EssenceOfSteel"},{"floor":13,"key":"SkillPotion"},{"floor":18,"key":"Energy Potion"},{"floor":24,"key":"Strength Potion"},{"floor":29,"key":"Explosive Potion"},{"floor":35,"key":"LiquidBronze"},{"floor":42,"key":"HeartOfIron"}],"is_trial":false,"path_per_floor":["M","M","M","?","M","R","E","R","T","M","E","R","M","M","R","B",null,"M","?","$","M","M","R","M","R","T","E","M","E","$","M","R","B",null,"M","?","$","M","?","R","M","M","T","?","M"],"character_chosen":"IRONCLAD","items_purchased":["Bag of Preparation","Limit Break","DollysMirror","Evolve","Shrug It Off","Reaper"],"campfire_rested":4,"item_purchase_floors":[20,20,20,30,30,37],"current_hp_per_floor":[72,73,75,49,50,50,43,43,43,40,37,37,38,39,39,57,71,50,17,17,25,18,40,33,55,55,15,21,28,28,11,33,21,62,24,24,24,19,19,41,52,75,75,71,0],"gold":88,"neow_bonus":"RANDOM_COMMON_RELIC","is_prod":false,"is_daily":false,"chose_seed":false,"campfire_upgraded":4,"win_rate":0,"timestamp":1569115438,"path_taken":["M","M","M","?","M","R","E","R","T","M","E","R","M","M","R","BOSS","M","?","$","M","M","R","M","R","T","E","M","E","$","M","R","BOSS","M","?","$","M","?","R","M","M","T","?","M"],"build_version":"2019-09-20","purchased_purges":0,"victory":false,"max_hp_per_floor":[75,75,75,75,75,75,75,75,75,75,75,75,75,75,75,75,75,75,75,75,75,75,75,75,75,75,75,75,75,75,75,75,75,75,75,75,75,75,75,75,75,75,75,71,71],"card_choices":[{"not_picked":["Cleave","Heavy Blade"],"picked":"Headbutt","floor":1},{"not_picked":["Thunderclap","Twin Strike"],"picked":"Anger","floor":2},{"not_picked":["Clothesline","Blood for Blood"],"picked":"Inflame","floor":3},{"not_picked":["Infernal Blade","Twin Strike"],"picked":"Fire Breathing","floor":5},{"not_picked":["Twin Strike","Juggernaut"],"picked":"Shrug It Off","floor":7},{"not_picked":["Shrug It Off","Wild Strike","Combust"],"picked":"Battle Trance","floor":10},{"not_picked":["Dropkick","Headbutt","Shrug It Off"],"picked":"Metallicize","floor":11},{"not_picked":["Sword Boomerang","Anger","Clash"],"picked":"Rampage","floor":13},{"not_picked":["Bloodletting","Armaments","Perfected Strike"],"picked":"Ghostly Armor","floor":14},{"not_picked":["Berserk","Offering","Limit Break"],"picked":"Demon Form","floor":16},{"not_picked":["Pommel Strike","Clothesline","Warcry"],"picked":"Metallicize","floor":18},{"not_picked":["Spot Weakness","Shrug It Off","Blood for Blood"],"picked":"Flame Barrier+1","floor":19},{"not_picked":["Rage","Armaments+1","Pummel"],"picked":"Shrug It Off+1","floor":21},{"not_picked":["Warcry","Thunderclap+1","True Grit","Twin Strike"],"picked":"SKIP","floor":22},{"not_picked":["Headbutt","Shrug It Off","Clash"],"picked":"Flame Barrier+1","floor":24},{"not_picked":["Armaments","Flex","Rampage"],"picked":"Spot Weakness+1","floor":27},{"not_picked":["Inflame","Sentinel","Clothesline"],"picked":"Havoc+1","floor":28},{"not_picked":["Double Tap","Battle Trance","Rage"],"picked":"Flame Barrier+1","floor":29},{"not_picked":["Clash","True Grit","Reckless Charge"],"picked":"Seeing Red","floor":31},{"not_picked":["Demon Form","Juggernaut","Double Tap"],"picked":"Barricade","floor":33},{"not_picked":["Havoc","Pommel Strike","Sword Boomerang"],"picked":"Shrug It Off","floor":35},{"not_picked":["Body Slam+1","Warcry","Anger","Flex"],"picked":"SKIP","floor":38},{"not_picked":["Sword Boomerang","Armaments","Bloodletting"],"picked":"Power Through","floor":41},{"not_picked":["Thunderclap","Wild Strike","Seeing Red","Cleave+1"],"picked":"SKIP","floor":42}],"player_experience":934726,"relics_obtained":[{"floor":7,"key":"Question Card"},{"floor":9,"key":"Pantograph"},{"floor":11,"key":"Lantern"},{"floor":19,"key":"Red Mask"},{"floor":26,"key":"Juzu Bracelet"},{"floor":27,"key":"Anchor"},{"floor":29,"key":"MawBank"},{"floor":43,"key":"Toy Ornithopter"}],"event_choices":[{"damage_healed":0,"gold_gain":0,"player_choice":"Take Damage","damage_taken":26,"relics_obtained":["Golden Idol"],"max_hp_gain":0,"max_hp_loss":0,"event_name":"Golden Idol","floor":4,"gold_loss":0},{"damage_healed":0,"gold_gain":0,"player_choice":"Fought Bandits","damage_taken":0,"max_hp_gain":0,"max_hp_loss":0,"event_name":"Masked Bandits","floor":19,"gold_loss":0},{"damage_healed":0,"gold_gain":0,"player_choice":"Cursed","damage_taken":0,"max_hp_gain":0,"max_hp_loss":0,"event_name":"Wheel of Change","floor":36,"gold_loss":0,"cards_obtained":["Decay"]},{"cards_removed":["Strike_R"],"damage_healed":0,"gold_gain":0,"player_choice":"Removed Attack","damage_taken":0,"max_hp_gain":0,"max_hp_loss":0,"event_name":"Falling","floor":39,"gold_loss":0},{"damage_healed":0,"gold_gain":0,"player_choice":"Max HP","damage_taken":0,"max_hp_gain":0,"max_hp_loss":4,"event_name":"Winding Halls","floor":44,"gold_loss":0}],"is_beta":true,"boss_relics":[{"not_picked":["Black Blood","Runic Dome"],"picked":"Mark of Pain"},{"not_picked":["Black Star","SacredBark"],"picked":"SlaversCollar"}],"items_purged_floors":[],"is_endless":false,"potions_floor_spawned":[2,5,7,13,14,18,24,27,29,35,41,42],"killed_by":"Spire Growth","ascension_level":20}