{"gold_per_floor":[119,132,132,148,148,148,183,183,209,209,7,27,177,192,192,288,351,364,614,564,2,2,2,38,38,38,76,94,115,131,131,131,220,220,239,239,239,260,260,260,593,593,593,608,33,64,64,99,99,173,173,187,201,276,343,363,398,398,416,416,429,429,429,14,26,26,97,97,113,126,142,65,65,95,95,95,129,7,39,56,6,16,16,87,87,103,113,0,17,17,64,64,79,107,107,5,20,20,52,52,131,131,148,167,167,177,193,193,193,218,252,252,265,282,313,327,327,398,398,415,432,24,53,70,104,27,27,58,58,75,75,93,107,107,180,180,193,193],"floor_reached":138,"playtime":5584,"items_purged":[],"score":5461,"play_id":"4444c773-93e8-4d64-a407-2fc1fc6cd856","local_time":"20180724175022","daily_mods":["Diverse","Heirloom","Specialized","Allstar","Shiny","Time Dilation","Hoarder"],"is_ascension_mode":false,"campfire_choices":[{"data":"Barricade","floor":10,"key":"SMITH"},{"floor":15,"key":"REST"},{"data":"Fire Breathing","floor":23,"key":"SMITH"},{"data":"Offering","floor":32,"key":"SMITH"},{"data":"Juggernaut","floor":40,"key":"SMITH"},{"data":"Dark Embrace","floor":42,"key":"SMITH"},{"data":"Immolate","floor":47,"key":"SMITH"},{"data":"Bludgeon","floor":49,"key":"SMITH"},{"data":"After Image","floor":58,"key":"SMITH"},{"data":"Aggregate","floor":66,"key":"SMITH"},{"data":"Impervious","floor":75,"key":"SMITH"},{"data":"Limit Break","floor":83,"key":"SMITH"},{"data":"Feed","floor":92,"key":"SMITH"},{"data":"Exhume","floor":95,"key":"SMITH"},{"data":"Turbo","floor":100,"key":"SMITH"},{"data":"Fiend Fire","floor":108,"key":"SMITH"},{"data":"Turbo","floor":117,"key":"SMITH"},{"data":"Turbo","floor":129,"key":"SMITH"},{"data":"Reaper","floor":134,"key":"SMITH"}],"neow_cost":"","seed_source_timestamp":0,"circlet_count":1,"master_deck":["Double Tap+1","Demon Form","Bludgeon+1","Feed+1","Limit Break+1","Barricade+1","Fiend Fire+1","Berserk","Impervious+1","Juggernaut+1","Reaper+1","Exhume+1","Offering+1","Immolate+1","AscendersBane","All For One","All For One","All For One","All For One","All For One","All For One","All For One","All For One","All For One","All For One","All For One","All For One","All For One","All For One","Secret Technique","Secret Technique","Secret Technique","Mind Blast","Mind Blast","Mind Blast","Swift Strike+1","Swift Strike","Swift Strike","Purity","Purity","Purity","Jack Of All Trades","Jack Of All Trades","Jack Of All Trades","Beam Cell","Beam Cell","Beam Cell","Escape Plan","Escape Plan","Escape Plan","Normality","Normality","Normality","Rip and Tear","Rip and Tear","Rip and Tear","Seek","Seek","Seek","Sword Boomerang","Sword Boomerang","Sword Boomerang","Injury","Injury","Injury","Deadly Poison","Deadly Poison","Deadly Poison","Doubt","Doubt","Doubt","Fire Breathing","Fire Breathing","Fire Breathing+1","Grand Finale","Grand Finale","Grand Finale","Accuracy","Accuracy","Accuracy","All Out Attack","All Out Attack","All Out Attack","Regret","Regret","Regret","Feel No Pain","Feel No Pain","Feel No Pain","Bouncing Flask","Bouncing Flask","Bouncing Flask","Blind","Blind","Blind","Lockon","Lockon","Lockon","BootSequence","BootSequence","BootSequence","Bane","Bane","Bane","Power Through","Power Through","Power Through","PiercingWail","PiercingWail","PiercingWail","Blur","Blur","Blur","Bite","Bite","Bite","Bite","Bite","Bite+1","Bite","Bite","Bite","Bite","Bite","Bite","Bite+1","Bite","Bite","Reaper","Reaper","Reaper","Flex+1","Flex+1","Flex+1","Streamline","Streamline","Streamline","Madness","Madness","Madness","Madness","Madness","Madness","Sweeping Beam","Sweeping Beam","Sweeping Beam","Regret","Regret","Regret","Cloak And Dagger","Cloak And Dagger","Cloak And Dagger","Clumsy","Clumsy","Clumsy","Capacitor","Capacitor","Capacitor","Footwork","Footwork","Footwork","Rage","Rage","Rage","Warcry","Warcry","Warcry","Storm of Steel","Storm of Steel","Storm of Steel","After Image","After Image","After Image+1","Regret","Regret","Regret","Regret","Regret","Regret","Clumsy","Clumsy","Clumsy","Self Repair","Self Repair","Self Repair","Evolve","Evolve","Evolve","Gash","Gash","Gash","Masterful Stab","Masterful Stab","Masterful Stab","Crippling Poison","Crippling Poison","Crippling Poison","Thunder Strike","Thunder Strike","Thunder Strike","Turbo+1","Turbo+1","Turbo+1","Tactician","Tactician","Tactician","Riddle With Holes","Riddle With Holes","Riddle With Holes","Escape Plan","Escape Plan","Escape Plan","Slice","Slice","Slice","Normality","Normality","Normality","Aggregate","Aggregate","Aggregate+1","Deep Breath","Deep Breath","Deep Breath","Gash+1","Gash+1","Gash+1","Sucker Punch+1","Sucker Punch+1","Sucker Punch+1","Adrenaline","Adrenaline","Adrenaline","Ball Lightning+1","Ball Lightning+1","Ball Lightning+1","Scrape+1","Scrape+1","Scrape+1","Anger+1","Anger+1","Anger+1","Slice+1","Slice+1","Slice+1","Perfected Strike+1","Perfected Strike+1","Perfected Strike+1","FTL+1","FTL+1","FTL+1","J.A.X.","J.A.X.","J.A.X.","RitualDagger+1","RitualDagger+1","RitualDagger+1","Pommel Strike+1","Pommel Strike+1","Pommel Strike+1","Ghostly Armor","Ghostly Armor","Ghostly Armor","Storm","Storm","Storm","Bandage Up","Bandage Up","Bandage Up","Loop","Loop","Loop","Dagger Spray+1","Dagger Spray+1","Dagger Spray+1","Conserve Battery","Conserve Battery","Conserve Battery","Streamline+1","Streamline+1","Streamline+1","Gash+1","Gash+1","Gash+1","Hyperbeam+1","Hyperbeam+1","Hyperbeam+1","Steam Power+1","Steam Power+1","Steam Power+1","Poisoned Stab+1","Poisoned Stab+1","Poisoned Stab+1","Noxious Fumes","Noxious Fumes","Noxious Fumes","Inflame+1","Inflame+1","Inflame+1","Ball Lightning+1","Ball Lightning+1","Ball Lightning+1","Loop+1","Loop+1","Loop+1","Go for the Eyes+1","Go for the Eyes+1","Go for the Eyes+1","Endless Agony+1","Endless Agony+1","Endless Agony+1","Sentinel+1","Sentinel+1","Sentinel+1","Gash+1","Gash+1","Gash+1","Panacea","Panacea","Panacea","Perfected Strike+1","Perfected Strike+1","Perfected Strike+1","Deflect","Deflect","Deflect","Caltrops","Caltrops","Caltrops","Envenom","Envenom","Envenom","Thunderclap+1","Thunderclap+1","Thunderclap+1","Flying Knee+1","Flying Knee+1","Flying Knee+1","Infinite Blades","Infinite Blades","Infinite Blades","Bane+1","Bane+1","Bane+1","Melter+1","Melter+1","Melter+1","Perfected Strike+1","Perfected Strike+1","Perfected Strike+1","A Thousand Cuts","A Thousand Cuts","A Thousand Cuts","Wild Strike+1","Wild Strike+1","Wild Strike+1","Gash+1","Gash+1","Gash+1","Cleave+1","Cleave+1","Cleave+1","Ball Lightning+1","Ball Lightning+1","Ball Lightning+1","Flechettes+1","Flechettes+1","Flechettes+1","Go for the Eyes+1","Go for the Eyes+1","Go for the Eyes+1","Limit Break","Limit Break","Limit Break","Dagger Spray+1","Dagger Spray+1","Dagger Spray+1","Unload+1","Unload+1","Unload+1","Genetic Algorithm","Genetic Algorithm","Genetic Algorithm","Demon Form","Demon Form","Demon Form","Prepared","Prepared","Prepared","Twin Strike+1","Twin Strike+1","Twin Strike+1","Clash+1","Clash+1","Clash+1","Blade Dance","Blade Dance","Blade Dance","Conserve Battery","Conserve Battery","Conserve Battery","Self Repair","Self Repair","Self Repair","Gash+1","Gash+1","Gash+1","Creative AI","Creative AI","Creative AI","Acrobatics","Acrobatics","Acrobatics","Turbo+1","Turbo+1","Turbo+1","Force Field","Force Field","Force Field","Dodge and Roll","Dodge and Roll","Dodge and Roll","Steam","Steam","Steam","J.A.X.","J.A.X.","J.A.X.","Caltrops","Caltrops","Caltrops","FTL+1","FTL+1","FTL+1","Stack","Stack","Stack","Anger+1","Anger+1","Anger+1","Turbo","Turbo","Turbo","Go for the Eyes+1","Go for the Eyes+1","Go for the Eyes+1","Clash+1","Clash+1","Clash+1","Rage","Rage","Rage","Night Terror","Night Terror","Night Terror","Dodge and Roll+1","Dodge and Roll+1","Dodge and Roll+1","Steam Power","Steam Power","Steam Power"],"relics":["Unceasing Top","Sundial","Vajra","Du-Vu Doll","Oddly Smooth Stone","Happy Flower","Strange Spoon","Tiny House","Pen Nib","Lantern","Torii","Paper Frog","Blue Candle","Eternal Feather","Thread and Needle","Bottled Tornado","Anchor","Gambling Chip","Turnip","Prayer Wheel","Calling Bell","Orichalcum","Kunai","Mango","Pear","Omamori","Molten Egg 2","Coffee Dripper","Dead Branch","Runic Cube","Red Mask","Ginger","Black Star","Calipers","Orrery","Self Forming Clay","Ancient Tea Set","Circlet","Lizard Tail"],"potions_floor_usage":[16,24,24,44,50,74,77,77,97,120,120,132,132],"damage_taken":[{"damage":16,"enemies":"2 Louse","floor":1,"turns":3},{"damage":5,"enemies":"Cultist","floor":2,"turns":2},{"damage":0,"enemies":"Small Slimes","floor":4,"turns":2},{"damage":0,"enemies":"Gremlin Nob","floor":7,"turns":2},{"damage":9,"enemies":"2 Fungi Beasts","floor":12,"turns":3},{"damage":0,"enemies":"Large Slime","floor":14,"turns":1},{"damage":18,"enemies":"Slime Boss","floor":16,"turns":4},{"damage":0,"enemies":"Shell Parasite","floor":18,"turns":1},{"damage":10,"enemies":"Book of Stabbing","floor":24,"turns":2},{"damage":0,"enemies":"Gremlin Leader","floor":27,"turns":1},{"damage":18,"enemies":"3 Byrds","floor":28,"turns":4},{"damage":0,"enemies":"Snake Plant","floor":29,"turns":1},{"damage":0,"enemies":"Snecko","floor":30,"turns":1},{"damage":0,"enemies":"Champ","floor":33,"turns":3},{"damage":0,"enemies":"Orb Walker","floor":35,"turns":1},{"damage":0,"floor":36,"turns":1},{"damage":0,"enemies":"Flame Bruiser 1 Orb","floor":38,"turns":1},{"damage":0,"enemies":"4 Shapes","floor":44,"turns":4},{"damage":0,"enemies":"Nemesis","floor":46,"turns":1},{"damage":1,"enemies":"2 Orb Walkers","floor":48,"turns":3},{"damage":3,"enemies":"Time Eater","floor":50,"turns":8},{"damage":1,"enemies":"2 Louse","floor":52,"turns":2},{"damage":0,"enemies":"Jaw Worm","floor":53,"turns":1},{"damage":0,"enemies":"Cultist","floor":56,"turns":1},{"damage":0,"enemies":"Gremlin Nob","floor":57,"turns":1},{"damage":0,"enemies":"Exordium Wildlife","floor":59,"turns":2},{"damage":0,"enemies":"Exordium Thugs","floor":61,"turns":2},{"damage":0,"enemies":"3 Louse","floor":65,"turns":2},{"damage":0,"enemies":"Hexaghost","floor":67,"turns":1},{"damage":0,"enemies":"3 Byrds","floor":69,"turns":2},{"damage":0,"enemies":"Shell Parasite","floor":70,"turns":1},{"damage":0,"enemies":"Centurion and Healer","floor":71,"turns":2},{"damage":2,"enemies":"Slavers","floor":74,"turns":3},{"damage":0,"enemies":"Book of Stabbing","floor":77,"turns":1},{"damage":0,"enemies":"Slavers","floor":79,"turns":3},{"damage":0,"enemies":"Snecko","floor":80,"turns":1},{"damage":0,"enemies":"Sentry and Sphere","floor":82,"turns":1},{"damage":0,"enemies":"Collector","floor":84,"turns":1},{"damage":0,"enemies":"Flame Bruiser 1 Orb","floor":86,"turns":1},{"damage":0,"enemies":"Orb Walker","floor":87,"turns":1},{"damage":0,"enemies":"Spire Growth","floor":89,"turns":1},{"damage":5,"floor":91,"turns":2},{"damage":0,"enemies":"3 Darklings","floor":93,"turns":2},{"damage":0,"enemies":"2 Orb Walkers","floor":94,"turns":1},{"damage":0,"enemies":"4 Shapes","floor":97,"turns":4},{"damage":0,"enemies":"Giant Head","floor":99,"turns":2},{"damage":36,"enemies":"Awakened One","floor":101,"turns":4},{"damage":0,"enemies":"Small Slimes","floor":103,"turns":2},{"damage":0,"enemies":"2 Louse","floor":104,"turns":1},{"damage":0,"enemies":"Jaw Worm","floor":106,"turns":1},{"damage":0,"enemies":"2 Fungi Beasts","floor":107,"turns":1},{"damage":0,"enemies":"Gremlin Nob","floor":110,"turns":1},{"damage":0,"enemies":"3 Sentries","floor":111,"turns":2},{"damage":0,"enemies":"3 Louse","floor":113,"turns":2},{"damage":0,"enemies":"Large Slime","floor":114,"turns":1},{"damage":0,"enemies":"Gremlin Nob","floor":115,"turns":1},{"damage":0,"enemies":"Blue Slaver","floor":116,"turns":1},{"damage":0,"enemies":"Slime Boss","floor":118,"turns":1},{"damage":0,"enemies":"2 Thieves","floor":120,"turns":3},{"damage":0,"enemies":"3 Byrds","floor":121,"turns":3},{"damage":1,"floor":123,"turns":3},{"damage":0,"enemies":"Centurion and Healer","floor":124,"turns":3},{"damage":3,"enemies":"Slavers","floor":125,"turns":3},{"damage":0,"enemies":"Gremlin Leader","floor":128,"turns":1},{"damage":0,"enemies":"Slaver and Parasite","floor":130,"turns":2},{"damage":0,"enemies":"Cultist and Chosen","floor":132,"turns":3},{"damage":0,"enemies":"Sentry and Sphere","floor":133,"turns":2},{"damage":0,"enemies":"Automaton","floor":135,"turns":1},{"damage":0,"enemies":"Orb Walker","floor":137,"turns":1},{"damage":0,"enemies":"Flame Bruiser 1 Orb","floor":138,"turns":1}],"seed_played":"-7896477282322076096","potions_obtained":[{"floor":4,"key":"Fire Potion"},{"floor":12,"key":"AttackPotion"},{"floor":17,"key":"SkillPotion"},{"floor":24,"key":"Poison Potion"},{"floor":27,"key":"LiquidBronze"},{"floor":36,"key":"AttackPotion"},{"floor":50,"key":"Regen Potion"},{"floor":52,"key":"Explosive Potion"},{"floor":74,"key":"Explosive Potion"},{"floor":77,"key":"Ancient Potion"},{"floor":79,"key":"Explosive Potion"},{"floor":101,"key":"Poison Potion"},{"floor":120,"key":"Weak Potion"},{"floor":125,"key":"EssenceOfSteel"},{"floor":132,"key":"Dexterity Potion"},{"floor":137,"key":"SkillPotion"}],"is_trial":true,"path_per_floor":["M","M","?","M","?","?","E","?","T","R","$","M","?","M","R","B",null,"M","?","?","$","?","R","E","$","T","E","M","M","M","?","R","B",null,"M","?","?","M","?","R","?","R","T","M","$","E","R","E","R","B",null,"M","M","?","?","M","E","R","M","T","M","?","?","$","M","R","B",null,"M","M","M","?","?","E","R","?","E","$","E","M","?","M","R","B",null,"M","M","?","M","$","?","R","M","E","R","$","M","?","E","R","B",null,"M","M","?","M","M","R","?","E","E","?","M","M","E","M","R","B",null,"M","M","$","?","M","E","?","?","E","R","M","?","M","M","R","B",null,"M"],"character_chosen":"IRONCLAD","items_purchased":["Strange Spoon","Pen Nib","Lantern","Feel No Pain","Bouncing Flask","Blind","Lockon","Anchor","Gambling Chip","Footwork","Rage","Molten Egg 2","Aggregate","Deep Breath","Storm","Bandage Up","Panacea","Self Forming Clay","Ancient Tea Set"],"campfire_rested":1,"item_purchase_floors":[11,21,21,21,21,21,21,45,45,45,45,64,64,64,78,78,96,122,122],"current_hp_per_floor":[52,55,55,55,29,29,29,29,29,29,29,20,20,20,42,24,67,67,67,67,67,90,90,90,90,90,90,72,72,72,63,63,63,63,63,63,52,52,52,63,63,63,63,63,63,63,63,62,63,60,76,75,75,64,64,64,64,77,77,87,87,87,87,87,87,87,87,87,90,90,90,90,84,84,90,90,90,90,90,90,90,90,90,90,90,90,90,90,90,90,89,90,90,90,90,90,90,90,90,90,54,81,81,81,54,54,54,90,90,90,90,90,90,90,90,90,90,90,90,90,90,90,89,90,87,87,87,87,90,90,90,90,90,90,90,90,90,90],"gold":193,"neow_bonus":"","is_prod":false,"is_daily":false,"chose_seed":false,"campfire_upgraded":18,"win_rate":0,"timestamp":1532469022,"path_taken":["M","M","?","M","?","?","E","?","T","R","$","?","?","?","R","BOSS","M","?","?","?","?","R","E","$","T","E","?","M","M","?","R","BOSS","M","?","?","M","?","R","?","R","T","M","$","E","R","E","R","BOSS","M","M","?","?","?","E","R","M","T","M","?","?","$","M","R","BOSS","M","M","M","?","?","E","R","?","E","$","E","M","?","?","R","BOSS","M","M","?","M","?","?","R","M","E","R","?","?","?","E","R","BOSS","M","?","?","M","M","R","?","E","E","?","M","?","E","M","R","BOSS","M","M","$","?","?","E","?","?","E","R","M","?","?","M","R","BOSS","M","?"],"build_version":"2018-07-19v2","purchased_purges":0,"victory":false,"max_hp_per_floor":[75,75,75,75,75,75,75,75,75,75,75,75,75,75,75,75,80,80,80,80,80,90,90,90,90,90,90,90,90,90,63,63,63,63,63,63,63,63,63,63,63,63,63,63,63,63,63,63,63,63,77,77,77,77,77,77,77,77,77,87,87,87,87,87,87,87,87,87,90,90,90,90,90,90,90,90,90,90,90,90,90,90,90,90,90,90,90,90,90,90,90,90,90,90,90,90,90,90,90,90,90,90,90,90,90,90,90,90,90,90,90,90,90,90,90,90,90,90,90,90,90,90,90,90,90,90,90,90,90,90,90,90,90,90,90,90,90,90],"card_choices":[{"not_picked":["Intimidate","Stack"],"picked":"Beam Cell","floor":1},{"not_picked":["Headbutt","Clash"],"picked":"Escape Plan","floor":2},{"not_picked":["Compile Driver","Chill"],"picked":"Rip and Tear","floor":4},{"not_picked":["Undo","Leg Sweep"],"picked":"Sword Boomerang","floor":7},{"not_picked":["Well Laid Plans","Sentinel"],"picked":"Deadly Poison","floor":12},{"not_picked":["Iron Wave","Gash"],"picked":"Fire Breathing","floor":14},{"not_picked":["Meteor Strike","Seek"],"picked":"Grand Finale","floor":16},{"not_picked":["Sentinel","Rebound"],"picked":"Accuracy","floor":17},{"not_picked":["Dual Wield","Fusion"],"picked":"All Out Attack","floor":18},{"not_picked":["Dagger Spray","Slice"],"picked":"BootSequence","floor":24},{"not_picked":["Coolheaded","Heel Hook"],"picked":"Bane","floor":27},{"not_picked":["Rampage","Headbutt"],"picked":"Power Through","floor":28},{"not_picked":["Skewer","Uppercut"],"picked":"PiercingWail","floor":29},{"not_picked":["True Grit","Inflame"],"picked":"Blur","floor":30},{"not_picked":["Venomology","Biased Cognition"],"picked":"Reaper","floor":33},{"not_picked":["Second Wind","Bloodletting"],"picked":"Flex+1","floor":35},{"not_picked":["Backflip","Headbutt"],"picked":"Streamline","floor":36},{"not_picked":["Bouncing Flask","Rebound"],"picked":"Sweeping Beam","floor":38},{"not_picked":["Body Slam+1","Slice"],"picked":"Capacitor","floor":44},{"not_picked":["Recycle","Leap"],"picked":"Warcry","floor":46},{"not_picked":["Prepared","Consume"],"picked":"Storm of Steel","floor":48},{"not_picked":["Immolate","Grand Finale"],"picked":"After Image","floor":50},{"not_picked":["Twin Strike","Compile Driver"],"picked":"Self Repair","floor":52},{"not_picked":["Deadly Poison","Setup"],"picked":"Evolve","floor":52},{"not_picked":["Reaper","Underhanded Strike"],"picked":"Gash","floor":53},{"not_picked":["Havoc","Auto Shields"],"picked":"Masterful Stab","floor":53},{"not_picked":["Shrug It Off","Leap"],"picked":"Crippling Poison","floor":56},{"not_picked":["Flex","Anger"],"picked":"Thunder Strike","floor":56},{"not_picked":["Warcry","Headbutt"],"picked":"Turbo","floor":57},{"not_picked":["Steam Power","Barrage"],"picked":"Tactician","floor":59},{"not_picked":["Armaments","Cold Snap"],"picked":"Riddle With Holes","floor":59},{"not_picked":["Leap","Coolheaded"],"picked":"Escape Plan","floor":61},{"not_picked":["Gash","Skim"],"picked":"Slice","floor":61},{"not_picked":["Coolheaded","Underhanded Strike+1"],"picked":"Gash+1","floor":65},{"not_picked":["Well Laid Plans","Reaper+1"],"picked":"Sucker Punch+1","floor":65},{"not_picked":["Hyperbeam+1","Malaise"],"picked":"Adrenaline","floor":67},{"not_picked":["Glacier","Dagger Throw+1"],"picked":"Ball Lightning+1","floor":69},{"not_picked":["PiercingWail","Cold Snap+1"],"picked":"Scrape+1","floor":69},{"not_picked":["PiercingWail","Sweeping Beam+1"],"picked":"Anger+1","floor":70},{"not_picked":["Acrobatics","Underhanded Strike+1"],"picked":"Slice+1","floor":70},{"not_picked":["Underhanded Strike+1","Spot Weakness"],"picked":"Perfected Strike+1","floor":71},{"not_picked":["Dual Wield+1","Setup+1"],"picked":"FTL+1","floor":71},{"not_picked":["Cold Snap+1","Sword Boomerang+1"],"picked":"Pommel Strike+1","floor":74},{"not_picked":["Offering","Tactician"],"picked":"Ghostly Armor","floor":77},{"not_picked":["Bane+1","Masterful Stab+1"],"picked":"Loop","floor":79},{"not_picked":["Disarm","Cold Snap+1"],"picked":"Dagger Spray+1","floor":80},{"not_picked":["Ghostly Armor","Iron Wave+1"],"picked":"Conserve Battery","floor":80},{"not_picked":["Iron Wave+1","Recycle+1"],"picked":"Streamline+1","floor":82},{"not_picked":["Iron Wave+1","Blur"],"picked":"Gash+1","floor":82},{"not_picked":["Core Surge+1","Malaise"],"picked":"Hyperbeam+1","floor":84},{"not_picked":["Steam","Iron Wave+1"],"picked":"Steam Power+1","floor":86},{"not_picked":["Rebound+1","Intimidate"],"picked":"Poisoned Stab+1","floor":86},{"not_picked":["Combust","Chaos"],"picked":"Noxious Fumes","floor":87},{"not_picked":["Feel No Pain","Corruption"],"picked":"Inflame+1","floor":87},{"not_picked":["Poisoned Stab+1","Redo"],"picked":"Ball Lightning+1","floor":89},{"not_picked":["Force Field","Cleave+1"],"picked":"Loop+1","floor":89},{"not_picked":["Eviscerate+1","Finisher+1"],"picked":"Go for the Eyes+1","floor":91},{"not_picked":["Battle Trance","Go for the Eyes+1"],"picked":"Endless Agony+1","floor":93},{"not_picked":["Deflect+1","Cloak And Dagger"],"picked":"Sentinel+1","floor":93},{"not_picked":["Capacitor","Blood for Blood+1"],"picked":"Gash+1","floor":94},{"not_picked":["Headbutt+1","Reflex"],"picked":"Perfected Strike+1","floor":97},{"not_picked":["Footwork","Flex+1"],"picked":"Deflect","floor":97},{"not_picked":["Infernal Blade","Masterful Stab+1"],"picked":"Caltrops","floor":99},{"not_picked":["Biased Cognition","Tools of the Trade"],"picked":"Envenom","floor":101},{"not_picked":["Backflip","Expertise"],"picked":"Thunderclap+1","floor":103},{"not_picked":["Acrobatics","Sucker Punch+1"],"picked":"Flying Knee+1","floor":103},{"not_picked":["Ghostly Armor","Well Laid Plans"],"picked":"Infinite Blades","floor":104},{"not_picked":["Leg Sweep","Rage"],"picked":"Bane+1","floor":104},{"not_picked":["Flying Knee+1","Quick Slash+1"],"picked":"Melter+1","floor":106},{"not_picked":["Redo","Cold Snap+1"],"picked":"Perfected Strike+1","floor":106},{"not_picked":["Backflip","True Grit"],"picked":"A Thousand Cuts","floor":107},{"not_picked":["PiercingWail","Undo"],"picked":"Wild Strike+1","floor":107},{"not_picked":["Battle Trance","Hologram"],"picked":"Gash+1","floor":110},{"not_picked":["Leap","Reflex"],"picked":"Cleave+1","floor":111},{"not_picked":["Pommel Strike+1","Iron Wave+1"],"picked":"Ball Lightning+1","floor":113},{"not_picked":["Acrobatics","Havoc"],"picked":"Flechettes+1","floor":113},{"not_picked":["Ghostly Armor","Havoc"],"picked":"Go for the Eyes+1","floor":114},{"not_picked":["Quick Slash+1","Chaos"],"picked":"Limit Break","floor":114},{"not_picked":["Deflect","Hologram"],"picked":"Dagger Spray+1","floor":115},{"not_picked":["Skim","Warcry"],"picked":"Unload+1","floor":116},{"not_picked":["Blizzard+1","Redo"],"picked":"Genetic Algorithm","floor":116},{"not_picked":["Unload+1","Brutality"],"picked":"Demon Form","floor":118},{"not_picked":["Thunderclap+1","Chaos"],"picked":"Prepared","floor":119},{"not_picked":["Pommel Strike+1","Intimidate"],"picked":"Twin Strike+1","floor":119},{"not_picked":["Cold Snap+1","Rebound+1"],"picked":"Clash+1","floor":119},{"not_picked":["Shrug It Off","Cold Snap+1"],"picked":"Blade Dance","floor":119},{"not_picked":["Catalyst","Sweeping Beam+1"],"picked":"Conserve Battery","floor":119},{"not_picked":["Seeing Red","Hologram"],"picked":"Self Repair","floor":120},{"not_picked":["Streamline+1","Burning Pact"],"picked":"Gash+1","floor":120},{"not_picked":["Seeing Red","Acrobatics"],"picked":"Creative AI","floor":121},{"not_picked":["Armaments","Havoc"],"picked":"Acrobatics","floor":121},{"not_picked":["Chill+1","Heavy Blade+1"],"picked":"Turbo+1","floor":123},{"not_picked":["Iron Wave+1","Prepared"],"picked":"Force Field","floor":124},{"not_picked":["Carnage+1","Coolheaded"],"picked":"Dodge and Roll","floor":124},{"not_picked":["Heavy Blade+1","Stack"],"picked":"Steam","floor":125},{"not_picked":["Sweeping Beam+1","Whirlwind+1"],"picked":"FTL+1","floor":128},{"not_picked":["Outmaneuver","Dropkick+1"],"picked":"Stack","floor":130},{"not_picked":["Auto Shields+1","Thunderclap+1"],"picked":"Anger+1","floor":130},{"not_picked":["Compile Driver+1","BootSequence"],"picked":"Turbo","floor":132},{"not_picked":["Limit Break","Entrench+1"],"picked":"Go for the Eyes+1","floor":132},{"not_picked":["Bane+1","Redo"],"picked":"Clash+1","floor":133},{"not_picked":["Iron Wave+1","Shrug It Off"],"picked":"Rage","floor":133},{"not_picked":["Grand Finale+1","Immolate+1"],"picked":"Night Terror","floor":135},{"not_picked":["Twin Strike+1","Iron Wave+1"],"picked":"Dodge and Roll+1","floor":137},{"not_picked":["Sucker Punch+1","True Grit"],"picked":"Steam Power","floor":137}],"player_experience":326929,"relics_obtained":[{"floor":7,"key":"Oddly Smooth Stone"},{"floor":9,"key":"Happy Flower"},{"floor":24,"key":"Torii"},{"floor":26,"key":"Paper Frog"},{"floor":27,"key":"Blue Candle"},{"floor":36,"key":"Thread and Needle"},{"floor":43,"key":"Bottled Tornado"},{"floor":46,"key":"Turnip"},{"floor":48,"key":"Prayer Wheel"},{"floor":51,"key":"Orichalcum"},{"floor":51,"key":"Kunai"},{"floor":51,"key":"Mango"},{"floor":60,"key":"Pear"},{"floor":91,"key":"Ginger"},{"floor":123,"key":"Circlet"}],"event_choices":[{"event_name":"Accursed Blacksmith","player_choice":"Rummage","floor":3,"damage_taken":0},{"event_name":"Scrap Ooze","player_choice":"success","floor":5,"damage_taken":26},{"event_name":"Transmorgrifier","player_choice":"Transform","floor":6,"damage_taken":0},{"event_name":"Golden Idol","player_choice":"Take Wound","floor":8,"damage_taken":0},{"event_name":"Liars Game","player_choice":"agreed","floor":13,"damage_taken":0},{"event_name":"Golden Shrine","player_choice":"Desecrate","floor":19,"damage_taken":0},{"event_name":"The Joust","player_choice":"Bet on Owner","floor":20,"damage_taken":0},{"event_name":"Bonfire Elementals","player_choice":"RARE","floor":22,"damage_taken":0},{"event_name":"Vampires","player_choice":"Became a vampire","floor":31,"damage_taken":0},{"event_name":"MindBloom","player_choice":"Fight","floor":36,"damage_taken":0},{"event_name":"Winding Halls","player_choice":"Embrace Madness","floor":37,"damage_taken":0},{"event_name":"Match and Keep!","player_choice":"3 cards matched","floor":39,"damage_taken":0},{"event_name":"The Moai Head","player_choice":"Gave Idol","floor":41,"damage_taken":0},{"event_name":"World of Goop","player_choice":"Gather Gold","floor":54,"damage_taken":0},{"event_name":"Golden Wing","player_choice":"Gained Gold","floor":55,"damage_taken":0},{"event_name":"The Cleric","player_choice":"Leave","floor":62,"damage_taken":0},{"event_name":"Accursed Blacksmith","player_choice":"Rummage","floor":63,"damage_taken":0},{"event_name":"Drug Dealer","player_choice":"Got JAXXED","floor":72,"damage_taken":0},{"event_name":"Nest","player_choice":"Joined the Cult","floor":73,"damage_taken":0},{"event_name":"The Mausoleum","player_choice":"Yes","floor":76,"damage_taken":0},{"event_name":"The Joust","player_choice":"Bet on Owner","floor":81,"damage_taken":0},{"event_name":"Tomb of Lord Red Mask","player_choice":"Paid","floor":88,"damage_taken":0},{"event_name":"Mysterious Sphere","player_choice":"Fight","floor":91,"damage_taken":0},{"event_name":"Falling","player_choice":"Removed Power","floor":98,"damage_taken":0},{"event_name":"Shining Light","player_choice":"Entered Light","floor":105,"damage_taken":0},{"event_name":"Big Fish","player_choice":"Box","floor":109,"damage_taken":0},{"event_name":"Upgrade Shrine","player_choice":"Upgraded","floor":112,"damage_taken":0},{"event_name":"Masked Bandits","player_choice":"Fought over 24 gold","floor":123,"damage_taken":0},{"event_name":"Drug Dealer","player_choice":"Got JAXXED","floor":126,"damage_taken":0},{"event_name":"The Library","player_choice":"Read","floor":127,"damage_taken":0},{"event_name":"Duplicator","player_choice":"Ignored","floor":131,"damage_taken":0}],"is_beta":false,"boss_relics":[{"not_picked":["Orrery","Ectoplasm"],"picked":"Tiny House"},{"not_picked":["Runic Dome","Coffee Dripper"],"picked":"Eternal Feather"},{"not_picked":["Sozu","Empty Cage"],"picked":"Calling Bell"},{"not_picked":["Orrery","Runic Pyramid"],"picked":"Coffee Dripper"},{"not_picked":["White Beast Statue","Velvet Choker"],"picked":"Runic Cube"},{"not_picked":["Astrolabe","Runic Dome"],"picked":"Black Star"},{"not_picked":["Ectoplasm","White Beast Statue"],"picked":"Orrery"},{"not_picked":["Empty Cage","Velvet Choker"],"picked":"Lizard Tail"}],"items_purged_floors":[],"is_endless":true,"potions_floor_spawned":[4,12,24,27,33,36,38,50,52,56,57,65,74,77,79,84,87,93,101,104,111,115,116,118,120,121,125,128,132,137],"killed_by":"Flame Bruiser 1 Orb","ascension_level":15}