{"gold_per_floor":[144,189,189,243,418,463,463,553,553,64,109,109,109,154,154,454,454,499,699,744,744,789,789,789,834,834,5,50,95,4,49,49,349,349,394,439,484,484,23,23,113,113,138,138,12,12,57,57,57,57],"floor_reached":50,"playtime":2822,"items_purged":["Regret"],"score":547,"play_id":"57d72724-0d50-4ec0-ace8-c54f37e9b7dd","local_time":"20190521222955","daily_mods":["Heirloom","Time Dilation","Midas"],"is_ascension_mode":false,"campfire_choices":[{"floor":7,"key":"REST"},{"floor":15,"key":"REST"},{"floor":23,"key":"REST"},{"floor":32,"key":"REST"},{"floor":40,"key":"DIG"},{"floor":44,"key":"REST"},{"floor":49,"key":"REST"}],"neow_cost":"","seed_source_timestamp":0,"circlet_count":0,"master_deck":["Strike_R+1","Strike_R+1","Strike_R+1","Strike_R+1","Defend_R+1","Defend_R+1","Defend_R+1","Defend_R+1","Bash","Uppercut","Cleave+1","Doubt","Rage","Pommel Strike","Pummel","Perfected Strike","Wild Strike","Parasite","Anger","Juggernaut","Clothesline+1","Flex","Warcry","Rupture","Headbutt","Shockwave","Immolate","Twin Strike","Flash of Steel","Sword Boomerang","Impervious","Battle Trance+1","Anger","Headbutt+1","Pommel Strike","Perfected Strike","Reaper","Shrug It Off","Madness","Madness","Flame Barrier"],"special_seed":18038,"relics":["Burning Blood","Gambling Chip","Whetstone","Anchor","Pantograph","PreservedInsect","Happy Flower","Mark of Pain","Blue Candle","Shovel","Mercury Hourglass","HandDrill","Runic Pyramid","Mango","FossilizedHelix","Orichalcum","Centennial Puzzle"],"potions_floor_usage":[16,16,16,29,33,33,33,50,50],"damage_taken":[{"damage":15,"enemies":"Jaw Worm","floor":1,"turns":5},{"damage":0,"enemies":"Small Slimes","floor":2,"turns":3},{"damage":9,"enemies":"Cultist","floor":6,"turns":4},{"damage":27,"enemies":"Gremlin Nob","floor":8,"turns":4},{"damage":6,"enemies":"Large Slime","floor":11,"turns":5},{"damage":3,"enemies":"3 Louse","floor":14,"turns":3},{"damage":56,"enemies":"Hexaghost","floor":16,"turns":9},{"damage":47,"enemies":"Shell Parasite","floor":18,"turns":6},{"damage":16,"enemies":"2 Thieves","floor":20,"turns":3},{"damage":20,"enemies":"Shelled Parasite and Fungi","floor":22,"turns":5},{"damage":7,"enemies":"3 Cultists","floor":25,"turns":4},{"damage":14,"enemies":"Snecko","floor":28,"turns":4},{"damage":13,"enemies":"Shelled Parasite and Fungi","floor":29,"turns":5},{"damage":0,"enemies":"Snake Plant","floor":31,"turns":3},{"damage":84,"enemies":"Automaton","floor":33,"turns":9},{"damage":29,"enemies":"3 Shapes","floor":35,"turns":3},{"damage":15,"enemies":"3 Darklings","floor":36,"turns":3},{"damage":13,"enemies":"Transient","floor":37,"turns":5},{"damage":45,"enemies":"Reptomancer","floor":41,"turns":5},{"damage":15,"enemies":"Maw","floor":47,"turns":8},{"damage":100,"enemies":"Donu and Deca","floor":50,"turns":7}],"seed_played":"7337043475493984283","potions_obtained":[{"floor":1,"key":"Poison Potion"},{"floor":8,"key":"BloodPotion"},{"floor":14,"key":"Weak Potion"},{"floor":16,"key":"EssenceOfSteel"},{"floor":22,"key":"Explosive Potion"},{"floor":28,"key":"BloodPotion"},{"floor":31,"key":"BloodPotion"},{"floor":36,"key":"SteroidPotion"},{"floor":37,"key":"Explosive Potion"}],"is_trial":false,"path_per_floor":["M","M","?","?","?","M","R","E","T","$","M","?","?","M","R","B",null,"M","?","M","?","M","R","?","M","T","$","M","M","$","M","R","B",null,"M","M","M","?","$","R","E","?","T","R","$","?","M","?","R","B"],"character_chosen":"IRONCLAD","items_purchased":["Pantograph","PreservedInsect","Pummel","Perfected Strike","Shovel","Mercury Hourglass","HandDrill","Shockwave","Flash of Steel","Mango","Feel No Pain","Pommel Strike","Perfected Strike","Shrug It Off"],"campfire_rested":6,"item_purchase_floors":[10,10,10,10,27,27,27,27,30,39,39,39,39,45],"current_hp_per_floor":[71,77,77,77,77,74,80,59,59,59,59,59,79,80,80,38,80,39,39,29,29,15,39,39,38,38,38,30,31,31,37,61,10,80,57,48,41,41,55,55,16,16,16,44,44,32,29,29,57,0],"gold":57,"neow_bonus":"","is_prod":false,"is_daily":true,"chose_seed":false,"campfire_upgraded":0,"win_rate":0,"timestamp":1558492195,"path_taken":["M","M","?","?","?","M","R","E","T","$","M","?","?","M","R","BOSS","M","?","?","?","M","R","?","M","T","$","?","M","?","M","R","BOSS","M","M","M","?","$","R","E","?","T","R","$","?","M","?","R","BOSS"],"build_version":"2019-01-23","purchased_purges":1,"victory":false,"max_hp_per_floor":[80,80,80,80,80,80,80,80,80,80,80,80,80,80,80,80,80,80,80,80,80,80,80,80,80,80,80,80,80,80,80,80,80,80,80,80,80,80,94,94,94,94,94,94,94,94,94,94,94,94],"card_choices":[{"not_picked":["Dual Wield","Blood for Blood"],"picked":"Uppercut","floor":1},{"not_picked":["Perfected Strike","Body Slam"],"picked":"Cleave","floor":2},{"not_picked":["Seeing Red","Clothesline"],"picked":"Rage","floor":6},{"not_picked":["Warcry","Fiend Fire"],"picked":"Pommel Strike","floor":8},{"not_picked":["Searing Blow","Heavy Blade"],"picked":"Wild Strike","floor":11},{"not_picked":["Wild Strike","Body Slam"],"picked":"Anger","floor":14},{"not_picked":["Fiend Fire","Offering"],"picked":"Juggernaut","floor":16},{"not_picked":["Second Wind","Feel No Pain"],"picked":"Clothesline+1","floor":18},{"not_picked":["Iron Wave","Disarm"],"picked":"Flex","floor":20},{"not_picked":["Heavy Blade","True Grit"],"picked":"Warcry","floor":22},{"not_picked":["Heavy Blade","Bloodletting"],"picked":"Headbutt","floor":25},{"not_picked":["Headbutt","Battle Trance"],"picked":"Immolate","floor":28},{"not_picked":["Searing Blow","True Grit"],"picked":"Twin Strike","floor":29},{"not_picked":["Ghostly Armor+1","Blood for Blood+1"],"picked":"Sword Boomerang","floor":31},{"not_picked":["Fiend Fire","Double Tap"],"picked":"Impervious","floor":33},{"not_picked":["Clothesline+1","Rampage"],"picked":"Battle Trance+1","floor":35},{"not_picked":["Ghostly Armor","Twin Strike+1"],"picked":"Anger","floor":36},{"not_picked":["Dual Wield","Heavy Blade"],"picked":"Headbutt+1","floor":37},{"not_picked":["Disarm","Fire Breathing"],"picked":"Reaper","floor":41},{"not_picked":["Headbutt","Sword Boomerang"],"picked":"Flame Barrier","floor":47}],"player_experience":693480,"relics_obtained":[{"floor":8,"key":"Whetstone"},{"floor":9,"key":"Anchor"},{"floor":26,"key":"Blue Candle"},{"floor":40,"key":"FossilizedHelix"},{"floor":41,"key":"Orichalcum"},{"floor":43,"key":"Centennial Puzzle"}],"event_choices":[{"damage_healed":0,"gold_gain":0,"player_choice":"Leave","damage_taken":0,"max_hp_gain":0,"max_hp_loss":0,"event_name":"The Cleric","floor":3,"gold_loss":0},{"damage_healed":0,"gold_gain":54,"player_choice":"Gained Gold","damage_taken":0,"max_hp_gain":0,"max_hp_loss":0,"event_name":"Golden Wing","floor":4,"gold_loss":0},{"damage_healed":0,"gold_gain":175,"player_choice":"AGREE","damage_taken":0,"max_hp_gain":0,"max_hp_loss":0,"event_name":"Liars Game","floor":5,"gold_loss":0,"cards_obtained":["Doubt"]},{"damage_healed":0,"gold_gain":0,"player_choice":"Box","damage_taken":0,"relics_obtained":["Happy Flower"],"max_hp_gain":0,"max_hp_loss":0,"event_name":"Big Fish","floor":12,"gold_loss":0,"cards_obtained":["Regret"]},{"damage_healed":20,"gold_gain":0,"player_choice":"Healed and dodged fight","damage_taken":0,"max_hp_gain":0,"max_hp_loss":0,"event_name":"Mushrooms","floor":13,"gold_loss":0,"cards_obtained":["Parasite"]},{"damage_healed":0,"gold_gain":200,"player_choice":"Gold","damage_taken":0,"max_hp_gain":0,"max_hp_loss":0,"event_name":"Wheel of Change","floor":19,"gold_loss":0},{"damage_healed":0,"gold_gain":0,"player_choice":"Simplicity","damage_taken":0,"max_hp_gain":0,"max_hp_loss":0,"event_name":"Back to Basics","floor":21,"gold_loss":0,"cards_upgraded":["Strike_R","Strike_R","Strike_R","Strike_R","Defend_R","Defend_R","Defend_R","Defend_R"]},{"damage_healed":0,"gold_gain":0,"cards_transformed":["Strike_R"],"player_choice":"Transformed","damage_taken":0,"max_hp_gain":0,"max_hp_loss":0,"event_name":"Transmorgrifier","floor":24,"gold_loss":0,"cards_obtained":["Rupture"]},{"damage_healed":0,"gold_gain":0,"player_choice":"Ignored","damage_taken":0,"max_hp_gain":0,"max_hp_loss":0,"event_name":"Tomb of Lord Red Mask","floor":38,"gold_loss":0},{"damage_healed":0,"gold_gain":0,"player_choice":"Ignored","damage_taken":0,"max_hp_gain":0,"max_hp_loss":0,"event_name":"Mysterious Sphere","floor":42,"gold_loss":0},{"damage_healed":0,"gold_gain":0,"player_choice":"Embrace Madness","damage_taken":12,"max_hp_gain":0,"max_hp_loss":0,"event_name":"Winding Halls","floor":46,"gold_loss":0,"cards_obtained":["Madness","Madness"]},{"cards_removed":["Feel No Pain"],"damage_healed":0,"gold_gain":0,"player_choice":"Removed Power","damage_taken":0,"max_hp_gain":0,"max_hp_loss":0,"event_name":"Falling","floor":48,"gold_loss":0}],"is_beta":false,"boss_relics":[{"not_picked":["White Beast Statue","Coffee Dripper"],"picked":"Mark of Pain"},{"not_picked":["Astrolabe","Sozu"],"picked":"Runic Pyramid"}],"items_purged_floors":[45],"is_endless":false,"potions_floor_spawned":[1,8,14,16,22,28,31,36,37],"killed_by":"Donu and Deca","ascension_level":0}