{"gold_per_floor":[113,123,142,92,92,92,127,141,194,219,219,249,267,283,283,385,385,402,417,417,429,443,443,478,478,478,505,515,515,515,542,542,640,640,651,651,83,121,121,121,159,159,208,265,265,328,52,94,94,119],"floor_reached":51,"playtime":8656,"items_purged":["Scrape+1","Defend_B"],"score":1516,"play_id":"e06f10e1-6b05-44ef-9f74-a42ee42ee0c0","local_time":"20190923014640","is_ascension_mode":true,"campfire_choices":[{"data":"Buffer","floor":6.0,"key":"SMITH"},{"floor":11.0,"key":"REST"},{"data":"Hologram","floor":15.0,"key":"SMITH"},{"data":"Skim","floor":23.0,"key":"SMITH"},{"data":"White Noise","floor":25.0,"key":"SMITH"},{"floor":30.0,"key":"REST"},{"floor":32.0,"key":"REST"},{"data":"Melter","floor":40.0,"key":"SMITH"},{"floor":42.0,"key":"REST"},{"data":"Defend_B","floor":49.0,"key":"SMITH"}],"neow_cost":"NONE","seed_source_timestamp":1211213751385100,"circlet_count":0,"master_deck":["AscendersBane","Defend_B+1","Defend_B+1","Zap","Dualcast","White Noise+1","Undo+1","Buffer+1","Hologram+1","Loop+1","Skim+1","Buffer+1","Leap+1","Melter+1","Self Repair+1","Rip and Tear+1","Creative AI+1","Sweeping Beam+1","Core Surge+1","Redo+1","Flash of Steel+1","HandOfGreed+1","Conserve Battery+1","Core Surge+1","Streamline+1"],"special_seed":0,"relics":["Nuclear Battery","Frozen Egg 2","DataDisk","Bronze Scales","Kunai","Sozu","Strawberry","Sundial","Happy Flower","Bottled Flame","Astrolabe","Membership Card","Oddly Smooth Stone","Molten Egg 2","Pen Nib","Ancient Tea Set","Mercury Hourglass","Boot"],"potions_floor_usage":[],"damage_taken":[{"damage":4.0,"enemies":"2 Louse","floor":1.0,"turns":3.0},{"damage":6.0,"enemies":"Cultist","floor":2.0,"turns":4.0},{"damage":0.0,"enemies":"Jaw Worm","floor":3.0,"turns":5.0},{"damage":0.0,"enemies":"Lagavulin","floor":7.0,"turns":7.0},{"damage":0.0,"enemies":"3 Louse","floor":8.0,"turns":5.0},{"damage":19.0,"enemies":"3 Sentries","floor":10.0,"turns":8.0},{"damage":0.0,"enemies":"Lagavulin","floor":12.0,"turns":8.0},{"damage":0.0,"enemies":"Looter","floor":13.0,"turns":3.0},{"damage":3.0,"enemies":"Exordium Thugs","floor":14.0,"turns":4.0},{"damage":0.0,"enemies":"The Guardian","floor":16.0,"turns":10.0},{"damage":17.0,"enemies":"2 Thieves","floor":18.0,"turns":5.0},{"damage":13.0,"enemies":"Chosen","floor":19.0,"turns":7.0},{"damage":4.0,"enemies":"Snake Plant","floor":21.0,"turns":6.0},{"damage":0.0,"enemies":"Centurion and Healer","floor":22.0,"turns":10.0},{"damage":0.0,"enemies":"Book of Stabbing","floor":24.0,"turns":7.0},{"damage":28.0,"enemies":"Gremlin Leader","floor":27.0,"turns":11.0},{"damage":0.0,"enemies":"Cultist and Chosen","floor":28.0,"turns":8.0},{"damage":0.0,"enemies":"Slavers","floor":31.0,"turns":7.0},{"damage":0.0,"enemies":"Collector","floor":33.0,"turns":18.0},{"damage":1.0,"enemies":"Orb Walker","floor":35.0,"turns":5.0},{"damage":0.0,"enemies":"3 Darklings","floor":38.0,"turns":6.0},{"damage":29.0,"enemies":"Spire Growth","floor":41.0,"turns":6.0},{"damage":0.0,"enemies":"Nemesis","floor":44.0,"turns":7.0},{"damage":3.0,"enemies":"Sphere and 2 Shapes","floor":46.0,"turns":5.0},{"damage":0.0,"enemies":"Maw","floor":48.0,"turns":6.0},{"damage":49,"enemies":"Time Eater","floor":50,"turns":12}],"seed_played":"8349835712671097894","potions_obtained":[{"floor":1.0,"key":"Poison Potion"},{"floor":2.0,"key":"Explosive Potion"},{"floor":8.0,"key":"Energy Potion"},{"floor":13.0,"key":"LiquidBronze"},{"floor":14.0,"key":"Strength Potion"}],"is_trial":false,"path_per_floor":["M","M","M","?","?","R","E","M","T","E","R","E","M","M","R","B",null,"M","M","?","M","M","R","E","R","T","E","M","?","R","E","R","B",null,"M","?","$","M","?","R","M","R","T","E","?","M","$","M","R","B",null],"character_chosen":"DEFECT","items_purchased":["Membership Card","Oddly Smooth Stone","Molten Egg 2","Flash of Steel+1","HandOfGreed+1","Streamline+1","Mercury Hourglass","Boot"],"campfire_rested":4,"item_purchase_floors":[37,37,37,37,37,47,47,47],"current_hp_per_floor":[64,58,58,58,43,43,43,43,43,24,46,46,46,43,43,43,67,50,37,37,33,33,33,40,40,40,12,12,12,36,46,70,80,82,82,82,82,82,82,82,63,82,82,82,82,82,82,82,82,43],"gold":119,"neow_bonus":"BOSS_RELIC","is_prod":false,"is_daily":false,"chose_seed":false,"campfire_upgraded":6,"win_rate":0,"timestamp":1569217600,"path_taken":["M","M","M","?","?","R","E","M","T","E","R","E","M","M","R","BOSS","M","M","?","?","?","R","E","R","T","E","M","?","R","E","R","BOSS","M","?","$","M","?","R","M","R","T","E","?","M","$","?","R","BOSS"],"build_version":"2019-07-17","purchased_purges":2,"victory":true,"max_hp_per_floor":[75,75,75,75,75,75,75,75,75,75,75,75,75,75,75,75,75,75,75,75,75,75,75,82,82,82,82,82,82,82,82,82,82,82,82,82,82,82,82,82,82,82,82,82,82,82,82,82,82,82],"card_choices":[{"not_picked":["Self Repair","Coolheaded"],"picked":"White Noise","floor":1.0},{"not_picked":["Loop","Barrage"],"picked":"Undo","floor":2.0},{"not_picked":["Stack","Scrape"],"picked":"Buffer","floor":3.0},{"not_picked":["Coolheaded","Streamline"],"picked":"Hologram","floor":7.0},{"not_picked":["Hologram","Redo"],"picked":"Loop+1","floor":8.0},{"not_picked":["BootSequence","Turbo","Consume"],"picked":"SKIP","floor":10.0},{"not_picked":["Leap","Ball Lightning"],"picked":"Skim","floor":12.0},{"not_picked":["Redo","Cold Snap","Biased Cognition+1"],"picked":"SKIP","floor":13.0},{"not_picked":["Scrape","White Noise","Tempest"],"picked":"SKIP","floor":14.0},{"not_picked":["Ball Lightning+1","Force Field","Beam Cell"],"picked":"SKIP","floor":18.0},{"not_picked":["Rip and Tear","Stack","Coolheaded"],"picked":"SKIP","floor":19.0},{"not_picked":["Steam","Ball Lightning"],"picked":"Leap+1","floor":21.0},{"not_picked":["Ball Lightning","Leap+1","Hello World+1"],"picked":"SKIP","floor":22.0},{"not_picked":["Tempest","Steam","All For One"],"picked":"SKIP","floor":24.0},{"not_picked":["Turbo","Tempest"],"picked":"Melter","floor":27.0},{"not_picked":["Barrage","Rebound"],"picked":"Self Repair+1","floor":28.0},{"not_picked":["Rebound","Heatsinks+1"],"picked":"Rip and Tear+1","floor":31.0},{"not_picked":["Biased Cognition+1","Reboot"],"picked":"Creative AI+1","floor":33.0},{"not_picked":["Sweeping Beam","Gash"],"picked":"Redo+1","floor":35.0},{"not_picked":["Go for the Eyes+1","Static Discharge+1","Skim"],"picked":"SKIP","floor":38.0},{"not_picked":["Barrage+1","Storm+1"],"picked":"Conserve Battery+1","floor":41.0},{"not_picked":["Storm+1","Consume","Auto Shields+1"],"picked":"SKIP","floor":44.0},{"not_picked":["Static Discharge+1","Hologram","Steam Power"],"picked":"SKIP","floor":46.0},{"not_picked":["Conserve Battery","Cold Snap+1","Double Energy+1"],"picked":"SKIP","floor":48.0}],"player_experience":348859,"relics_obtained":[{"floor":7.0,"key":"Frozen Egg 2"},{"floor":9.0,"key":"DataDisk"},{"floor":10.0,"key":"Bronze Scales"},{"floor":12.0,"key":"Kunai"},{"floor":24.0,"key":"Strawberry"},{"floor":26.0,"key":"Sundial"},{"floor":27.0,"key":"Happy Flower"},{"floor":31.0,"key":"Bottled Flame"},{"floor":43.0,"key":"Pen Nib"},{"floor":44.0,"key":"Ancient Tea Set"}],"event_choices":[{"cards_removed":["Defend_B"],"damage_healed":0.0,"max_hp_gain":0.0,"max_hp_loss":0.0,"gold_gain":0.0,"event_name":"The Cleric","player_choice":"Card Removal","floor":4.0,"gold_loss":50.0,"damage_taken":0.0},{"damage_healed":0.0,"max_hp_gain":0.0,"max_hp_loss":0.0,"gold_gain":0.0,"event_name":"Shining Light","player_choice":"Entered Light","floor":5.0,"gold_loss":0.0,"damage_taken":15.0,"cards_upgraded":["Defend_B","Undo"]},{"damage_healed":0.0,"max_hp_gain":0.0,"max_hp_loss":0.0,"gold_gain":0.0,"event_name":"Duplicator","player_choice":"Copied","floor":20.0,"gold_loss":0.0,"damage_taken":0.0,"cards_obtained":["Buffer"]},{"damage_healed":0.0,"max_hp_gain":0.0,"max_hp_loss":0.0,"gold_gain":0.0,"event_name":"The Mausoleum","player_choice":"Ignored","floor":29.0,"gold_loss":0.0,"damage_taken":0.0},{"damage_healed":0.0,"max_hp_gain":0.0,"max_hp_loss":0.0,"gold_gain":0.0,"event_name":"Tomb of Lord Red Mask","player_choice":"Ignored","floor":36.0,"gold_loss":0.0,"damage_taken":0.0},{"damage_healed":0.0,"max_hp_gain":0.0,"max_hp_loss":0.0,"gold_gain":0.0,"event_name":"SensoryStone","player_choice":"Memory 1","floor":39.0,"gold_loss":0.0,"damage_taken":0.0},{"damage_healed":0.0,"max_hp_gain":0.0,"max_hp_loss":0.0,"gold_gain":0.0,"cards_transformed":["Strike_B"],"event_name":"Transmorgrifier","player_choice":"Transformed","floor":45.0,"gold_loss":0.0,"damage_taken":0.0,"cards_obtained":["Core Surge"]}],"is_beta":false,"boss_relics":[{"not_picked":["Ectoplasm","Lizard Tail"],"picked":"Sozu"},{"not_picked":["White Beast Statue","Snecko Eye"],"picked":"Astrolabe"}],"items_purged_floors":[37,47],"is_endless":false,"potions_floor_spawned":[1,2,8,13,14,19,27,31,38,41,46,48],"ascension_level":12}