{"path_per_floor":["M","$","M","?","?","E","R","?","T","M","M","$","M","$","R"],"character_chosen":"THE_SILENT","items_purchased":["Caltrops","Choke","Toy Ornithopter","Deflect","Masterful Stab"],"gold_per_floor":[112,1,13,13,13,44,44,219,219,236,249,31,46,8,8,8],"floor_reached":16,"campfire_rested":2,"playtime":2320,"item_purchase_floors":[2,2,12,12,14],"current_hp_per_floor":[61,61,59,59,45,8,29,29,29,29,22,22,10,10,31,0],"items_purged":[],"gold":8,"score":100,"play_id":"e51cb476-0983-4f0c-b978-da58f6140fe1","local_time":"20180525195631","is_prod":false,"is_daily":false,"chose_seed":false,"is_ascension_mode":false,"campfire_upgraded":0,"win_rate":0,"timestamp":1527292591,"campfire_choices":[{"floor":7,"key":"REST"},{"floor":15,"key":"REST"}],"path_taken":["M","$","M","?","?","E","R","?","T","M","?","$","M","?","R","BOSS"],"build_version":"2018-05-24","seed_source_timestamp":24943204100759,"purchased_purges":0,"victory":false,"master_deck":["Defend_G","Defend_G","Defend_G","Defend_G","Defend_G","Strike_G","Strike_G","Strike_G","Strike_G+1","Survivor","Neutralize","Poisoned Stab+1","Caltrops","Choke","Dodge and Roll","Escape Plan","Doubt","Masterful Stab","Predator","Deflect","Prepared","Masterful Stab"],"max_hp_per_floor":[70,70,70,70,70,70,70,70,70,70,70,70,70,70,70,70],"relics":["Ring of the Snake","Ancient Tea Set","Paper Crane","Matryoshka","Toy Ornithopter"],"card_choices":[{"not_picked":["Backflip","Bane"],"picked":"Poisoned Stab","floor":1},{"not_picked":["Reflex","Acrobatics"],"picked":"Dodge and Roll","floor":3},{"not_picked":["Sucker Punch","Well Laid Plans"],"picked":"Escape Plan","floor":6},{"not_picked":["Slice","Catalyst"],"picked":"Masterful Stab","floor":10},{"not_picked":["Cloak And Dagger","Well Laid Plans"],"picked":"Predator","floor":11},{"not_picked":["Well Laid Plans","Dagger Throw"],"picked":"Prepared","floor":13}],"player_experience":87579,"potions_floor_usage":[16,16],"damage_taken":[{"damage":9,"enemies":"Jaw Worm","floor":1,"turns":4},{"damage":2,"enemies":"Cultist","floor":3,"turns":3},{"damage":37,"enemies":"3 Sentries","floor":6,"turns":9},{"damage":0,"enemies":"2 Louse","floor":10,"turns":2},{"damage":7,"enemies":"Large Slime","floor":11,"turns":6},{"damage":12,"enemies":"Exordium Wildlife","floor":13,"turns":4},{"damage":45,"enemies":"Slime Boss","floor":16,"turns":13}],"relics_obtained":[{"floor":6,"key":"Paper Crane"},{"floor":9,"key":"Matryoshka"}],"event_choices":[{"event_name":"Bonfire Elementals","player_choice":"BASIC","floor":4,"damage_taken":0},{"event_name":"Shining Light","player_choice":"Entered Light","floor":5,"damage_taken":0},{"event_name":"Liars Game","player_choice":"agreed","floor":8,"damage_taken":0}],"boss_relics":[],"items_purged_floors":[],"potions_floor_spawned":[6,11],"seed_played":"-8602022490955568775","killed_by":"Slime Boss","ascension_level":0,"potions_obtained":[{"floor":6,"key":"Block Potion"},{"floor":11,"key":"Strength Potion"}],"is_trial":false}