{"path_per_floor":["M","?","$","M","M","R","E","?","T","M","?","$","E","M","R","B",null,"M","M","?","?","M","R","$","R","T","R","E","?","M","$","R","B",null,"M","M","?","M","M","E","?","R","T","$","M","R","M","M","R","B"],"character_chosen":"THE_SILENT","items_purchased":["Recycle","Flying Knee","Self Repair","Storm","Beam Cell","Backflip","Madness","FTL","Metallicize","Sweeping Beam"],"gold_per_floor":[114,114,11,26,41,41,71,71,71,86,86,16,46,61,61,161,161,176,191,191,191,206,206,36,36,61,61,91,91,106,8,8,108,108,123,138,138,153,168,198,198,198,198,44,59,59,74,89,89,89],"floor_reached":51,"campfire_rested":0,"playtime":5549,"item_purchase_floors":[3,3,12,24,24,24,31,44,44,44],"current_hp_per_floor":[69,55,55,55,55,55,35,41,54,50,50,50,54,60,60,52,95,83,47,47,47,28,38,38,50,56,68,67,73,73,73,87,27,125,123,119,109,104,84,58,58,76,82,82,82,102,88,73,93,23],"items_purged":[],"gold":89,"score":857,"play_id":"ef2f5b6a-f522-43d7-aef0-2fdbdf2eaea4","local_time":"20180531215927","daily_mods":["Diverse","Cursed Run","Binary"],"is_prod":false,"is_daily":true,"chose_seed":false,"is_ascension_mode":false,"campfire_upgraded":1,"win_rate":0,"timestamp":1527818367,"campfire_choices":[{"data":"Blood for Blood","floor":6,"key":"SMITH"},{"floor":15,"key":"DIG"},{"floor":23,"key":"DIG"},{"floor":25,"key":"DIG"},{"floor":27,"key":"DIG"},{"floor":32,"key":"DIG"},{"floor":42,"key":"DIG"},{"floor":46,"key":"DIG"},{"floor":49,"key":"DIG"}],"path_taken":["M","?","$","M","M","R","E","?","T","M","?","$","E","M","R","BOSS","M","?","?","?","?","R","$","R","T","R","E","?","?","$","R","BOSS","M","?","?","M","M","E","?","R","T","$","M","R","M","M","R","BOSS"],"build_version":"2018-05-31","seed_source_timestamp":0,"purchased_purges":0,"victory":true,"master_deck":["Defend_G+1","Defend_G+1","Defend_G+1","Defend_G+1","Defend_G+1","Strike_G+1","Strike_G+1","Strike_G+1","Strike_G+1","Strike_G+1","Neutralize+1","Blood for Blood+1","Flying Knee","Crippling Poison","Go for the Eyes","Aggregate","Clumsy","Immolate","Self Repair","Creative AI","Steam","Doubt","Die Die Die","Twin Strike+1","Conserve Battery","Bane","Body Slam","Storm","Beam Cell","Backflip","Doubt","Chill","Body Slam","Madness","Clumsy","Envenom","Go for the Eyes+1","Pain","Doubt","Sweeping Beam","Mind Blast","Apotheosis","Thinking Ahead","Barrage+1","Caltrops","Auto Shields","Normality","FTL","Metallicize","Sweeping Beam","Coolheaded+1","Cleave+1","Pain"],"max_hp_per_floor":[70,70,70,70,70,70,70,76,89,89,89,89,89,89,89,95,95,95,95,95,95,95,95,95,95,101,101,101,107,107,107,107,113,125,127,127,127,127,127,127,127,127,133,133,133,133,133,135,135,141],"relics":["Cursed Key","Darkstone Periapt","Du-Vu Doll","Question Card","Torii","Strawberry","Shovel","Bag of Preparation","Eternal Feather","Ancient Tea Set","Oddly Smooth Stone","Orichalcum","Pen Nib","Thread and Needle","Singing Bowl","Astrolabe","Anchor","Ornamental Fan","Dream Catcher","Gremlin Horn","Boot"],"card_choices":[{"not_picked":["Skewer"],"picked":"Blood for Blood","floor":1},{"not_picked":["Havoc"],"picked":"Crippling Poison","floor":4},{"not_picked":["Predator"],"picked":"Go for the Eyes","floor":5},{"not_picked":["Skim"],"picked":"Aggregate","floor":7},{"not_picked":["Deadly Poison","Shrug It Off"],"picked":"Immolate","floor":10},{"not_picked":["Deadly Poison","Clothesline"],"picked":"Creative AI","floor":13},{"not_picked":["Thunderclap","Flechettes"],"picked":"Steam","floor":14},{"not_picked":["Unload","Double Tap"],"picked":"Die Die Die","floor":16},{"not_picked":["Anger","Accuracy"],"picked":"Twin Strike+1","floor":18},{"not_picked":["Infinite Blades","Second Wind+1"],"picked":"Conserve Battery","floor":19},{"not_picked":["Blood for Blood","Skewer"],"picked":"Body Slam","floor":22},{"not_picked":["Dodge and Roll","White Noise"],"picked":"Chill","floor":28},{"not_picked":["Conserve Battery","Twin Strike"],"picked":"Body Slam","floor":30},{"not_picked":["Tactician","Grand Finale"],"picked":"Envenom","floor":33},{"not_picked":["Crippling Poison+1","Deadly Poison+1","Clash+1"],"picked":"Singing Bowl","floor":35},{"not_picked":["Leap","Conserve Battery"],"picked":"Sweeping Beam","floor":36},{"not_picked":["Good Instincts","Flash of Steel"],"picked":"Mind Blast","floor":37},{"not_picked":["Transmutation","Thinking Ahead"],"picked":"Apotheosis","floor":37},{"not_picked":["Dark Shackles","Secret Weapon"],"picked":"Thinking Ahead","floor":37},{"not_picked":["Havoc+1","Underhanded Strike"],"picked":"Chill","floor":38},{"not_picked":["PiercingWail+1","Flechettes+1"],"picked":"Barrage+1","floor":39},{"not_picked":["Thunderclap+1","Shrug It Off+1"],"picked":"Caltrops","floor":40},{"not_picked":["Bloodletting+1","Conserve Battery"],"picked":"Coolheaded+1","floor":45},{"not_picked":["Flex+1","Reckless Charge"],"picked":"Cleave+1","floor":47},{"not_picked":["Iron Wave","Gash","Glass Knife"],"picked":"Singing Bowl","floor":48}],"player_experience":133141,"potions_floor_usage":[13,13,16,22,28,50],"damage_taken":[{"damage":1,"enemies":"Jaw Worm","floor":1,"turns":4},{"damage":0,"enemies":"2 Louse","floor":4,"turns":2},{"damage":0,"enemies":"Small Slimes","floor":5,"turns":4},{"damage":20,"enemies":"Gremlin Nob","floor":7,"turns":5},{"damage":4,"enemies":"Exordium Thugs","floor":10,"turns":4},{"damage":15,"enemies":"Lagavulin","floor":13,"turns":5},{"damage":1,"enemies":"Looter","floor":14,"turns":2},{"damage":21,"enemies":"Slime Boss","floor":16,"turns":9},{"damage":19,"enemies":"Shell Parasite","floor":18,"turns":5},{"damage":43,"enemies":"2 Thieves","floor":19,"turns":4},{"damage":26,"enemies":"Sentry and Sphere","floor":22,"turns":6},{"damage":1,"enemies":"Book of Stabbing","floor":28,"turns":5},{"damage":0,"enemies":"Centurion and Healer","floor":30,"turns":4},{"damage":73,"enemies":"Champ","floor":33,"turns":13},{"damage":4,"enemies":"Orb Walker","floor":35,"turns":3},{"damage":11,"enemies":"3 Shapes","floor":36,"turns":3},{"damage":5,"enemies":"3 Darklings","floor":38,"turns":4},{"damage":27,"enemies":"Maw","floor":39,"turns":9},{"damage":33,"enemies":"2 Orb Walkers","floor":40,"turns":5},{"damage":0,"enemies":"Sphere and 2 Shapes","floor":45,"turns":2},{"damage":21,"enemies":"4 Shapes","floor":47,"turns":3},{"damage":17,"enemies":"3 Darklings","floor":48,"turns":4},{"damage":86,"enemies":"Time Eater","floor":50,"turns":15}],"relics_obtained":[{"floor":7,"key":"Question Card"},{"floor":9,"key":"Strawberry"},{"floor":13,"key":"Shovel"},{"floor":15,"key":"Bag of Preparation"},{"floor":23,"key":"Ancient Tea Set"},{"floor":26,"key":"Oddly Smooth Stone"},{"floor":27,"key":"Orichalcum"},{"floor":28,"key":"Pen Nib"},{"floor":32,"key":"Singing Bowl"},{"floor":40,"key":"Anchor"},{"floor":42,"key":"Ornamental Fan"},{"floor":43,"key":"Dream Catcher"},{"floor":46,"key":"Gremlin Horn"},{"floor":49,"key":"Boot"}],"event_choices":[{"event_name":"Shining Light","player_choice":"Entered Light","floor":2,"damage_taken":0},{"event_name":"Big Fish","player_choice":"Box","floor":8,"damage_taken":0},{"event_name":"The Lab","player_choice":"Got Potions","floor":11,"damage_taken":0},{"event_name":"Transmorgrifier","player_choice":"Transform","floor":20,"damage_taken":0},{"event_name":"Back to Basics","player_choice":"Simplicity","floor":21,"damage_taken":0},{"event_name":"Accursed Blacksmith","player_choice":"Rummage","floor":29,"damage_taken":0},{"event_name":"SensoryStone","player_choice":"Memory 3","floor":37,"damage_taken":0},{"event_name":"Transmorgrifier","player_choice":"Transform","floor":41,"damage_taken":0}],"boss_relics":[{"not_picked":["Lizard Tail","Philosopher\u0027s Stone"],"picked":"Eternal Feather"},{"not_picked":["Snecko Eye","Runic Dome"],"picked":"Astrolabe"}],"items_purged_floors":[],"potions_floor_spawned":[1,4,7,19,22,38,47,48],"seed_played":"-2361439941801122152","ascension_level":0,"potions_obtained":[{"floor":1,"key":"Weak Potion"},{"floor":4,"key":"Dexterity Potion"},{"floor":7,"key":"Dexterity Potion"},{"floor":11,"key":"Regen Potion"},{"floor":11,"key":"GhostInAJar"},{"floor":19,"key":"Poison Potion"},{"floor":22,"key":"EssenceOfSteel"},{"floor":38,"key":"Swift Potion"},{"floor":47,"key":"SkillPotion"}],"is_trial":false}