{"gold_per_floor":[118,118,138,138,138,138,173,173,173,13,83,101,101,126,126,222,222,222,247,262,262,262],"floor_reached":22,"playtime":605,"items_purged":["Strike_R"],"score":438,"play_id":"31d2b5de-2ac4-46b3-9125-03176566ccc0","local_time":"20190916093014","is_ascension_mode":true,"campfire_choices":[{"data":"Bash","floor":6.0,"key":"SMITH"},{"data":"Inflame","floor":13.0,"key":"SMITH"},{"data":"Uppercut","floor":15.0,"key":"SMITH"}],"neow_cost":"NONE","seed_source_timestamp":350732566253300,"circlet_count":0,"master_deck":["AscendersBane","Strike_R","Strike_R","Strike_R","Strike_R","Defend_R","Defend_R","Defend_R","Defend_R","Bash+1","Headbutt","Inflame+1","Body Slam","Reaper","Feel No Pain","Exhume","Hemokinesis","Uppercut+1","Brutality","Shrug It Off+1","Feel No Pain+1"],"special_seed":0,"relics":["Burning Blood","Golden Idol","Juzu Bracelet","Self Forming Clay","Tiny Chest","Velvet Choker","Nloth\u0027s Gift"],"potions_floor_usage":[],"damage_taken":[{"damage":0.0,"enemies":"Jaw Worm","floor":1.0,"turns":1.0},{"damage":0.0,"enemies":"Cultist","floor":3.0,"turns":2.0},{"damage":0.0,"enemies":"Gremlin Nob","floor":7.0,"turns":1.0},{"damage":23.0,"enemies":"3 Sentries","floor":11.0,"turns":12.0},{"damage":7.0,"enemies":"2 Louse","floor":12.0,"turns":3.0},{"damage":21.0,"enemies":"2 Fungi Beasts","floor":14.0,"turns":4.0},{"damage":67.0,"enemies":"Hexaghost","floor":16.0,"turns":11.0},{"damage":0.0,"enemies":"Spheric Guardian","floor":18.0,"turns":2.0},{"damage":40.0,"enemies":"2 Thieves","floor":19.0,"turns":5.0},{"damage":31.0,"enemies":"Snake Plant","floor":20.0,"turns":4.0},{"damage":37,"enemies":"3 Cultists","floor":22,"turns":5}],"seed_played":"-8055457710618471662","potions_obtained":[{"floor":12.0,"key":"SmokeBomb"},{"floor":14.0,"key":"Regen Potion"}],"is_trial":false,"path_per_floor":["M","?","M","?","?","R","E","?","T","$","E","M","R","M","R","B",null,"M","M","M","?","M"],"character_chosen":"IRONCLAD","items_purchased":["Feel No Pain"],"campfire_rested":0,"item_purchase_floors":[10],"current_hp_per_floor":[74,74,75,68,68,68,68,61,61,61,57,60,60,45,45,9,53,59,42,24,24,15],"gold":262,"neow_bonus":"THREE_ENEMY_KILL","is_prod":false,"is_daily":false,"chose_seed":false,"campfire_upgraded":3,"win_rate":0,"timestamp":1568651414,"path_taken":["M","?","?","?","?","R","E","?","T","?","E","M","R","M","R","BOSS","M","M","M","?","M"],"build_version":"2019-07-17","purchased_purges":1,"victory":false,"max_hp_per_floor":[75,75,75,68,68,68,68,68,68,68,68,68,68,68,68,68,68,68,68,68,68,68],"card_choices":[{"not_picked":["Body Slam","Corruption"],"picked":"Headbutt","floor":1.0},{"not_picked":["Headbutt","Warcry"],"picked":"Body Slam","floor":3.0},{"not_picked":["Perfected Strike","Burning Pact"],"picked":"Reaper","floor":7.0},{"not_picked":["Searing Blow","Clash"],"picked":"Exhume","floor":11.0},{"not_picked":["Thunderclap","Wild Strike"],"picked":"Hemokinesis","floor":12.0},{"not_picked":["Entrench","Rampage"],"picked":"Uppercut","floor":14.0},{"not_picked":["Feed","Reaper"],"picked":"Brutality","floor":16.0},{"not_picked":["Flex","Headbutt"],"picked":"Shrug It Off+1","floor":19.0},{"not_picked":["Twin Strike+1","Shrug It Off"],"picked":"Feel No Pain+1","floor":20.0}],"player_experience":763974,"relics_obtained":[{"floor":7.0,"key":"Juzu Bracelet"},{"floor":9.0,"key":"Self Forming Clay"},{"floor":11.0,"key":"Tiny Chest"}],"event_choices":[{"damage_healed":0.0,"max_hp_gain":0.0,"max_hp_loss":0.0,"gold_gain":0.0,"event_name":"Match and Keep!","player_choice":"2 cards matched","floor":2.0,"gold_loss":0.0,"damage_taken":0.0,"cards_obtained":["Bash","Inflame"]},{"damage_healed":0.0,"max_hp_gain":0.0,"max_hp_loss":7.0,"gold_gain":0.0,"event_name":"Golden Idol","player_choice":"Lose Max HP","floor":4.0,"gold_loss":0.0,"damage_taken":0.0,"relics_obtained":["Golden Idol"]},{"damage_healed":0.0,"max_hp_gain":0.0,"max_hp_loss":0.0,"gold_gain":0.0,"event_name":"Liars Game","player_choice":"Ignored","floor":5.0,"gold_loss":0.0,"damage_taken":0.0},{"cards_removed":["Bash"],"damage_healed":0.0,"max_hp_gain":0.0,"max_hp_loss":0.0,"gold_gain":0.0,"event_name":"Golden Wing","player_choice":"Card Removal","floor":8.0,"gold_loss":0.0,"damage_taken":7.0},{"damage_healed":0,"gold_gain":0,"player_choice":"Traded Relic","damage_taken":0,"relics_obtained":["Nloth\u0027s Gift"],"max_hp_gain":0,"max_hp_loss":0,"event_name":"N\u0027loth","floor":21,"relics_lost":["NeowsBlessing"],"gold_loss":0}],"is_beta":false,"boss_relics":[{"not_picked":["Philosopher\u0027s Stone","Orrery"],"picked":"Velvet Choker"}],"items_purged_floors":[10],"is_endless":false,"potions_floor_spawned":[12,14,18],"killed_by":"3 Cultists","ascension_level":20}