{"gold_per_floor":[114,129,129,149,161,161,161,40,89,104,44,44,44,58,58,147,147,161,185,185,30,50,50,82,82,152,167,196,53,53,65,65,139,139,157,157,257,132,146,177,188,188,188,188,198,228,246,294,294,294,294],"floor_reached":51,"playtime":2106,"items_purged":["Strike_R","Strike_R","Strike_R"],"score":1574,"play_id":"72d97d6a-5457-42d4-8853-61e8f70880d6","local_time":"20190921161352","is_ascension_mode":true,"campfire_choices":[{"data":"Barricade","floor":6,"key":"SMITH"},{"data":"Metallicize","floor":12,"key":"SMITH"},{"data":"Metallicize","floor":15,"key":"SMITH"},{"data":"Offering","floor":23,"key":"SMITH"},{"data":"Power Through","floor":25,"key":"SMITH"},{"data":"Metallicize","floor":30,"key":"SMITH"},{"data":"Metallicize","floor":32,"key":"SMITH"},{"data":"Power Through","floor":42,"key":"SMITH"},{"data":"Power Through","floor":44,"key":"SMITH"},{"floor":49,"key":"REST"}],"neow_cost":"NONE","seed_source_timestamp":401514841077400,"circlet_count":0,"master_deck":["AscendersBane","Strike_R","Strike_R","Defend_R","Defend_R","Defend_R","Bash","Barricade+1","Power Through+1","Metallicize+1","Metallicize+1","Power Through+1","Metallicize+1","Power Through+1","Body Slam","Battle Trance","Body Slam","Offering+1","Headbutt+1","Evolve","Impervious","Metallicize+1","True Grit+1","Exhume","Seeing Red+1","Power Through","Body Slam"],"relics":["Burning Blood","Bloody Idol","Juzu Bracelet","Runic Dome","PreservedInsect","Paper Frog","Lantern","Runic Cube","Du-Vu Doll","Toy Ornithopter","Eternal Feather","Pocketwatch","FossilizedHelix"],"potions_floor_usage":[5,10,16,24,24,46,48,51,51],"damage_taken":[{"damage":2,"enemies":"2 Louse","floor":1,"turns":3},{"damage":17,"enemies":"Jaw Worm","floor":2,"turns":4},{"damage":8,"enemies":"Cultist","floor":4,"turns":5},{"damage":1,"enemies":"2 Fungi Beasts","floor":5,"turns":5},{"damage":10,"enemies":"Blue Slaver","floor":10,"turns":8},{"damage":3,"enemies":"Looter","floor":11,"turns":5},{"damage":16,"enemies":"Exordium Wildlife","floor":14,"turns":7},{"damage":32,"enemies":"The Guardian","floor":16,"turns":14},{"damage":18,"enemies":"Chosen","floor":18,"turns":7},{"damage":6,"enemies":"Shell Parasite","floor":19,"turns":6},{"damage":6,"enemies":"Cultist and Chosen","floor":22,"turns":4},{"damage":7,"enemies":"Slavers","floor":24,"turns":5},{"damage":6,"enemies":"Centurion and Healer","floor":27,"turns":6},{"damage":6,"enemies":"Gremlin Leader","floor":28,"turns":7},{"damage":10,"enemies":"Snake Plant","floor":31,"turns":6},{"damage":40,"enemies":"Collector","floor":33,"turns":10},{"damage":6,"enemies":"Orb Walker","floor":35,"turns":2},{"damage":8,"enemies":"Mind Bloom Boss Battle","floor":37,"turns":9},{"damage":24,"enemies":"3 Darklings","floor":39,"turns":7},{"damage":6,"enemies":"Giant Head","floor":40,"turns":7},{"damage":2,"enemies":"Jaw Worm Horde","floor":41,"turns":5},{"damage":10,"enemies":"Spire Growth","floor":45,"turns":7},{"damage":59,"enemies":"Reptomancer","floor":46,"turns":6},{"damage":4,"enemies":"4 Shapes","floor":47,"turns":9},{"damage":20,"enemies":"2 Orb Walkers","floor":48,"turns":7},{"damage":18,"enemies":"Donu and Deca","floor":50,"turns":13},{"damage":77,"enemies":"Awakened One","floor":51,"turns":8}],"seed_played":"-5955558018660586934","potions_obtained":[{"floor":1,"key":"BloodPotion"},{"floor":4,"key":"Dexterity Potion"},{"floor":5,"key":"Fruit Juice"},{"floor":14,"key":"Explosive Potion"},{"floor":18,"key":"Fire Potion"},{"floor":22,"key":"AttackPotion"},{"floor":28,"key":"Swift Potion"},{"floor":40,"key":"Ancient Potion"},{"floor":47,"key":"AttackPotion"},{"floor":48,"key":"SpeedPotion"}],"is_trial":false,"path_per_floor":["M","M","?","M","M","R","?","$","T","M","M","R","?","M","R","B",null,"M","M","?","$","M","R","E","R","T","M","E","$","R","M","R","B",null,"M","?","?","$","M","E","M","R","T","R","M","E","M","?","R","B","B"],"character_chosen":"IRONCLAD","items_purchased":["Metallicize","Power Through","Evolve","Metallicize"],"campfire_rested":1,"item_purchase_floors":[8,8,21,29],"current_hp_per_floor":[72,61,66,64,74,74,45,45,45,58,61,61,54,44,44,18,68,56,56,56,56,61,61,65,65,70,75,80,80,80,81,81,52,77,82,81,81,81,68,73,81,81,81,81,81,33,40,36,75,63,0],"gold":294,"neow_bonus":"ONE_RANDOM_RARE_CARD","is_prod":false,"is_daily":false,"chose_seed":false,"campfire_upgraded":9,"win_rate":0,"timestamp":1569107632,"path_taken":["M","M","?","M","M","R","?","?","T","M","M","R","?","M","R","BOSS","M","M","?","$","M","R","E","R","T","M","E","$","R","M","R","BOSS","M","?","?","$","M","E","M","R","T","R","M","E","M","?","R","BOSS","BOSS"],"build_version":"2019-09-20","purchased_purges":3,"victory":false,"max_hp_per_floor":[75,75,80,80,85,85,85,85,85,85,85,85,85,85,85,85,85,85,85,85,85,85,85,85,85,85,85,85,85,85,85,85,85,85,85,81,81,81,81,81,81,81,81,81,81,81,81,81,81,81,81],"card_choices":[{"not_picked":["Spot Weakness","Pommel Strike"],"picked":"Power Through","floor":1},{"not_picked":["Infernal Blade","Shrug It Off"],"picked":"Metallicize","floor":2},{"not_picked":["Disarm","Flex"],"picked":"Metallicize","floor":4},{"not_picked":["Pummel","Pommel Strike"],"picked":"Power Through","floor":5},{"not_picked":["Clothesline","Ghostly Armor"],"picked":"Body Slam","floor":10},{"not_picked":["Pummel","Wild Strike"],"picked":"Battle Trance","floor":11},{"not_picked":["Cleave","Shrug It Off"],"picked":"Body Slam","floor":14},{"not_picked":["Berserk","Brutality"],"picked":"Offering","floor":16},{"not_picked":["Perfected Strike","Armaments"],"picked":"Headbutt+1","floor":18},{"not_picked":["Ghostly Armor","Clothesline","Flex"],"picked":"SKIP","floor":19},{"not_picked":["Anger","Headbutt","Cleave"],"picked":"SKIP","floor":22},{"not_picked":["Rampage","Twin Strike"],"picked":"Impervious","floor":24},{"not_picked":["Clash","Heavy Blade+1","True Grit"],"picked":"SKIP","floor":27},{"not_picked":["Clash+1","Brutality","Wild Strike"],"picked":"SKIP","floor":28},{"not_picked":["Feel No Pain","Thunderclap"],"picked":"True Grit+1","floor":31},{"not_picked":["Barricade","Brutality"],"picked":"Exhume","floor":33},{"not_picked":["Flex","Infernal Blade"],"picked":"Seeing Red+1","floor":35},{"not_picked":["Iron Wave","Armaments","Dual Wield"],"picked":"SKIP","floor":39},{"not_picked":["Thunderclap+1","Spot Weakness","Uppercut"],"picked":"SKIP","floor":40},{"not_picked":["Headbutt","Cleave+1","Clothesline"],"picked":"SKIP","floor":41},{"not_picked":["Hemokinesis","Carnage"],"picked":"Power Through","floor":45},{"not_picked":["Havoc","Bloodletting","Brutality"],"picked":"SKIP","floor":46},{"not_picked":["Spot Weakness","Seeing Red"],"picked":"Body Slam","floor":47}],"player_experience":926954,"relics_obtained":[{"floor":9,"key":"Juzu Bracelet"},{"floor":24,"key":"PreservedInsect"},{"floor":26,"key":"Paper Frog"},{"floor":28,"key":"Lantern"},{"floor":37,"key":"Du-Vu Doll"},{"floor":40,"key":"Toy Ornithopter"},{"floor":43,"key":"Eternal Feather"},{"floor":46,"key":"Pocketwatch"},{"floor":48,"key":"FossilizedHelix"}],"event_choices":[{"damage_healed":0,"gold_gain":0,"player_choice":"Donut","damage_taken":0,"max_hp_gain":5,"max_hp_loss":0,"event_name":"Big Fish","floor":3,"gold_loss":0},{"damage_healed":0,"gold_gain":0,"player_choice":"Take Damage","damage_taken":29,"relics_obtained":["Golden Idol"],"max_hp_gain":0,"max_hp_loss":0,"event_name":"Golden Idol","floor":7,"gold_loss":0},{"cards_removed":["Defend_R"],"damage_healed":0,"gold_gain":0,"player_choice":"Card Removal","damage_taken":7,"max_hp_gain":0,"max_hp_loss":0,"event_name":"Golden Wing","floor":13,"gold_loss":0},{"damage_healed":0,"gold_gain":0,"player_choice":"Gave Idol","damage_taken":0,"relics_obtained":["Bloody Idol"],"max_hp_gain":0,"max_hp_loss":0,"event_name":"Forgotten Altar","floor":20,"relics_lost":["Golden Idol"],"gold_loss":0},{"damage_healed":0,"gold_gain":0,"player_choice":"Max HP","damage_taken":0,"max_hp_gain":0,"max_hp_loss":4,"event_name":"Winding Halls","floor":36,"gold_loss":0},{"damage_healed":0,"gold_gain":0,"player_choice":"Fight","damage_taken":0,"max_hp_gain":0,"max_hp_loss":0,"event_name":"MindBloom","floor":37,"gold_loss":0},{"damage_healed":0,"gold_gain":0,"player_choice":"Fight","damage_taken":0,"max_hp_gain":0,"max_hp_loss":0,"event_name":"Mysterious Sphere","floor":48,"gold_loss":0}],"is_beta":true,"boss_relics":[{"not_picked":["SacredBark","Black Blood"],"picked":"Runic Dome"},{"not_picked":["Tiny House","Busted Crown"],"picked":"Runic Cube"}],"items_purged_floors":[21,29,38],"is_endless":false,"potions_floor_spawned":[1,4,5,14,18,22,28,40,41,45,47,48],"killed_by":"Awakened One","ascension_level":20}