{"gold_per_floor":[114,127,127,146,221,221,238,269,269,249,249,269,279,45,45,122,122,135,154,154,172,184,184,9,24,49,76,91,91,122,47,47,124,124,140,140,160,160,173,203,203,238,263,263,296,54,54,80,80,80],"floor_reached":50,"playtime":1999,"items_purged":["Strike_R","Writhe"],"score":1190,"play_id":"a2c24f95-ad27-449e-bc22-aa2cd99a2f9e","local_time":"20190916220410","is_ascension_mode":true,"campfire_choices":[{"data":"Rampage","floor":6,"key":"SMITH"},{"data":"Bash","floor":11,"key":"SMITH"},{"data":"Uppercut","floor":15,"key":"SMITH"},{"data":"Juggernaut","floor":23,"key":"SMITH"},{"data":"Flame Barrier","floor":29,"key":"SMITH"},{"data":"Shockwave","floor":32,"key":"SMITH"},{"floor":41,"key":"REST"},{"floor":44,"key":"REST"},{"floor":47,"key":"REST"},{"floor":49,"key":"REST"}],"neow_cost":"NONE","seed_source_timestamp":394580759914900,"circlet_count":0,"master_deck":["AscendersBane","Strike_R","Strike_R","Strike_R","Strike_R","Defend_R","Defend_R","Defend_R","Defend_R","Bash+1","Impervious","Rampage+1","Power Through","Corruption","Sentinel","Battle Trance","Shockwave+1","Juggernaut+1","Metallicize","Feel No Pain+1","Headbutt","Flame Barrier+1","Armaments","Immolate","Body Slam","Immolate","Battle Trance","Entrench","Power Through","Headbutt+1","Headbutt","Evolve","Shrug It Off","Rampage"],"relics":["Burning Blood","Anchor","Pen Nib","Cursed Key","GremlinMask","Vajra","Mercury Hourglass","Dream Catcher","Fusion Hammer","Lantern","Magic Flower","Omamori","Oddly Smooth Stone","Blood Vial"],"potions_floor_usage":[8,16,19,21,25,28,30],"damage_taken":[{"damage":12,"enemies":"Small Slimes","floor":1,"turns":5},{"damage":3,"enemies":"2 Louse","floor":2,"turns":4},{"damage":1,"enemies":"Cultist","floor":4,"turns":3},{"damage":1,"enemies":"2 Fungi Beasts","floor":7,"turns":4},{"damage":15,"enemies":"Lagavulin","floor":8,"turns":7},{"damage":28,"enemies":"Exordium Thugs","floor":12,"turns":7},{"damage":8,"enemies":"Lots of Slimes","floor":13,"turns":5},{"damage":8,"enemies":"Hexaghost","floor":16,"turns":9},{"damage":15,"enemies":"3 Byrds","floor":18,"turns":7},{"damage":9,"enemies":"Chosen","floor":19,"turns":5},{"damage":4,"enemies":"Centurion and Healer","floor":21,"turns":8},{"damage":15,"enemies":"3 Cultists","floor":22,"turns":6},{"damage":1,"enemies":"Snecko","floor":25,"turns":4},{"damage":0,"enemies":"Book of Stabbing","floor":27,"turns":6},{"damage":12,"enemies":"Snake Plant","floor":28,"turns":4},{"damage":3,"enemies":"Gremlin Leader","floor":30,"turns":6},{"damage":65,"enemies":"Champ","floor":33,"turns":12},{"damage":0,"enemies":"3 Shapes","floor":35,"turns":4},{"damage":0,"enemies":"Orb Walker","floor":37,"turns":2},{"damage":8,"enemies":"3 Darklings","floor":39,"turns":3},{"damage":23,"enemies":"Giant Head","floor":40,"turns":8},{"damage":46,"enemies":"Nemesis","floor":42,"turns":7},{"damage":50,"enemies":"Reptomancer","floor":45,"turns":6},{"damage":76,"enemies":"Donu and Deca","floor":50,"turns":7}],"seed_played":"2486566126536354189","potions_obtained":[{"floor":1,"key":"Poison Potion"},{"floor":2,"key":"Energy Potion"},{"floor":10,"key":"SkillPotion"},{"floor":12,"key":"PowerPotion"},{"floor":16,"key":"Weak Potion"},{"floor":19,"key":"FearPotion"},{"floor":27,"key":"Swift Potion"},{"floor":28,"key":"AttackPotion"},{"floor":35,"key":"Ancient Potion"},{"floor":45,"key":"Poison Potion"}],"is_trial":false,"path_per_floor":["M","M","?","M","?","R","M","E","T","?","R","M","M","$","R","B",null,"M","M","?","M","M","R","$","M","T","E","M","R","E","?","R","B",null,"M","?","M","?","M","E","R","E","T","R","E","$","R","T","R","B"],"character_chosen":"IRONCLAD","items_purchased":["Uppercut","Shockwave","Flame Barrier","Regen Potion","Evolve","Shrug It Off"],"campfire_rested":4,"item_purchase_floors":[14,14,24,24,46,46],"current_hp_per_floor":[62,65,65,70,59,59,64,55,55,55,55,33,31,31,31,29,64,55,52,52,54,45,45,45,64,64,70,64,64,67,67,67,8,58,64,64,70,70,68,51,73,33,33,55,14,14,36,36,58,0],"gold":80,"neow_bonus":"ONE_RANDOM_RARE_CARD","is_prod":false,"is_daily":false,"chose_seed":false,"campfire_upgraded":6,"win_rate":0,"timestamp":1568696650,"path_taken":["M","M","?","M","?","R","M","E","T","?","R","?","M","$","R","BOSS","M","M","?","M","M","R","?","M","T","E","?","R","E","?","R","BOSS","M","?","?","?","M","E","R","E","T","R","E","$","R","?","R","BOSS"],"build_version":"2019-07-17","purchased_purges":2,"victory":false,"max_hp_per_floor":[75,75,75,75,75,75,75,75,75,75,75,75,75,75,75,75,75,75,75,75,75,75,75,75,75,75,75,75,75,75,75,75,75,75,75,75,75,75,75,75,75,75,75,75,75,75,75,75,75,75],"card_choices":[{"not_picked":["Sentinel","Pommel Strike"],"picked":"Rampage","floor":1},{"not_picked":["Cleave","True Grit","Heavy Blade"],"picked":"SKIP","floor":2},{"not_picked":["Entrench","Wild Strike"],"picked":"Power Through","floor":4},{"not_picked":["Armaments","Dual Wield"],"picked":"Corruption","floor":7},{"not_picked":["True Grit","Blood for Blood"],"picked":"Sentinel","floor":8},{"not_picked":["Thunderclap","Whirlwind","Combust"],"picked":"SKIP","floor":12},{"not_picked":["Sword Boomerang","Reaper"],"picked":"Battle Trance","floor":13},{"not_picked":["Brutality","Fiend Fire"],"picked":"Juggernaut","floor":16},{"not_picked":["Fire Breathing","True Grit"],"picked":"Metallicize","floor":18},{"not_picked":["Perfected Strike","Hemokinesis"],"picked":"Feel No Pain","floor":19},{"not_picked":["Twin Strike","Havoc","Blood for Blood"],"picked":"SKIP","floor":21},{"not_picked":["Flex","Sword Boomerang"],"picked":"Headbutt","floor":22},{"not_picked":["Clash","Havoc"],"picked":"Armaments","floor":25},{"not_picked":["Inflame+1","Sword Boomerang"],"picked":"Immolate","floor":27},{"not_picked":["Bloodletting","Anger","Heavy Blade"],"picked":"SKIP","floor":28},{"not_picked":["Thunderclap","Armaments"],"picked":"Body Slam","floor":30},{"not_picked":["Brutality","Berserk"],"picked":"Immolate","floor":33},{"not_picked":["Pummel","Clash"],"picked":"Battle Trance","floor":35},{"not_picked":["Twin Strike","Anger+1","Cleave"],"picked":"SKIP","floor":37},{"not_picked":["Wild Strike","Thunderclap"],"picked":"Entrench","floor":39},{"not_picked":["Sword Boomerang","Perfected Strike","Pommel Strike+1"],"picked":"SKIP","floor":40},{"not_picked":["Iron Wave","Feed"],"picked":"Power Through","floor":41},{"not_picked":["Perfected Strike+1","Inflame"],"picked":"Headbutt+1","floor":42},{"not_picked":["Clash","Pommel Strike"],"picked":"Headbutt","floor":44},{"not_picked":["Sword Boomerang","Flex","Burning Pact"],"picked":"SKIP","floor":45},{"not_picked":["Twin Strike","Havoc"],"picked":"Rampage","floor":47}],"player_experience":795140,"relics_obtained":[{"floor":8,"key":"Anchor"},{"floor":9,"key":"Pen Nib"},{"floor":26,"key":"Vajra"},{"floor":27,"key":"Mercury Hourglass"},{"floor":30,"key":"Dream Catcher"},{"floor":40,"key":"Lantern"},{"floor":42,"key":"Magic Flower"},{"floor":43,"key":"Omamori"},{"floor":45,"key":"Oddly Smooth Stone"},{"floor":48,"key":"Blood Vial"}],"event_choices":[{"damage_healed":0,"gold_gain":0,"player_choice":"Ignored","damage_taken":0,"max_hp_gain":0,"max_hp_loss":0,"event_name":"Liars Game","floor":3,"gold_loss":0},{"damage_healed":0,"gold_gain":75,"player_choice":"Gather Gold","damage_taken":11,"max_hp_gain":0,"max_hp_loss":0,"event_name":"World of Goop","floor":5,"gold_loss":0},{"damage_healed":0,"gold_gain":0,"player_choice":"Bought 1 Potion","damage_taken":0,"max_hp_gain":0,"max_hp_loss":0,"event_name":"The Woman in Blue","floor":10,"gold_loss":0},{"damage_healed":0,"gold_gain":0,"player_choice":"Trade","damage_taken":0,"relics_obtained":["GremlinMask"],"max_hp_gain":0,"max_hp_loss":0,"event_name":"FaceTrader","floor":20,"gold_loss":0},{"cards_removed":["Decay"],"damage_healed":0,"gold_gain":0,"player_choice":"Gave Gold","damage_taken":0,"max_hp_gain":0,"max_hp_loss":0,"event_name":"Beggar","floor":31,"gold_loss":75},{"damage_healed":0,"gold_gain":0,"player_choice":"Upgraded","damage_taken":0,"max_hp_gain":0,"max_hp_loss":0,"event_name":"Upgrade Shrine","floor":36,"gold_loss":0,"cards_upgraded":["Feel No Pain"]},{"cards_removed":["Uppercut"],"damage_healed":0,"gold_gain":0,"player_choice":"Removed Attack","damage_taken":0,"max_hp_gain":0,"max_hp_loss":0,"event_name":"Falling","floor":38,"gold_loss":0}],"is_beta":false,"boss_relics":[{"not_picked":["Orrery","Philosopher\u0027s Stone"],"picked":"Cursed Key"},{"not_picked":["Velvet Choker","White Beast Statue"],"picked":"Fusion Hammer"}],"items_purged_floors":[14,46],"is_endless":false,"potions_floor_spawned":[1,2,7,12,16,18,19,27,28,35,37,42,45],"killed_by":"Donu and Deca","ascension_level":20}