{"gold_per_floor":[119,137,137,155,168,197,216,216,216,216,241,269,284,297,297,368,368,388,101,114,133,33,62,62,121,121,121,149,160,160,177,177,252,252,262,274,149,169,113,140,140,174,174,188,221,221,82,98,98,98,98,98,98,98,132,132],"floor_reached":57,"playtime":2726,"items_purged":["Strike_R","Strike_R","Strike_R"],"score":3103,"play_id":"979e1c38-6877-43e1-b061-b103f6843841","local_time":"20190921153536","is_ascension_mode":true,"campfire_choices":[{"data":"Immolate","floor":8,"key":"SMITH"},{"data":"Flame Barrier","floor":10,"key":"SMITH"},{"data":"Corruption","floor":15,"key":"SMITH"},{"floor":27,"key":"REST"},{"data":"Corruption","floor":30,"key":"SMITH"},{"data":"Corruption","floor":32,"key":"SMITH"},{"data":"Barricade","floor":41,"key":"SMITH"},{"floor":46,"key":"RECALL"},{"data":"Juggernaut","floor":49,"key":"SMITH"},{"data":"Battle Trance","floor":53,"key":"SMITH"}],"neow_cost":"NONE","seed_source_timestamp":398575806561200,"circlet_count":0,"master_deck":["AscendersBane","Strike_R","Strike_R","Defend_R","Defend_R","Defend_R","Defend_R","Bash","Immolate+1","Shrug It Off","Anger+1","Flame Barrier+1","Limit Break","Evolve","Corruption+1","Second Wind","Shrug It Off","Fiend Fire","Armaments","Corruption+1","Second Wind","Discovery","Body Slam+1","Rage","Second Wind+1","Power Through+1","Corruption+1","Barricade+1","Seeing Red+1","Battle Trance+1","Juggernaut+1","True Grit+1","Entrench"],"relics":["Black Blood","Regal Pillow","Dead Branch","Charon\u0027s Ashes","Odd Mushroom","Black Star","TungstenRod","Whetstone","Oddly Smooth Stone","Tiny Chest","Mango","Ornamental Fan","Happy Flower","Pen Nib","Red Skull","Matryoshka","Ginger","Prayer Wheel","Toy Ornithopter","FossilizedHelix","Torii","Sundial","Blue Candle"],"potions_floor_usage":[11,16,21,56],"damage_taken":[{"damage":0,"enemies":"Cultist","floor":1,"turns":3},{"damage":0,"enemies":"2 Louse","floor":2,"turns":2},{"damage":4,"enemies":"Jaw Worm","floor":4,"turns":4},{"damage":0,"enemies":"3 Louse","floor":5,"turns":1},{"damage":14,"enemies":"3 Sentries","floor":6,"turns":7},{"damage":6,"enemies":"Exordium Wildlife","floor":7,"turns":3},{"damage":14,"enemies":"Lagavulin","floor":11,"turns":6},{"damage":0,"enemies":"The Mushroom Lair","floor":12,"turns":1},{"damage":0,"enemies":"Lots of Slimes","floor":13,"turns":2},{"damage":0,"enemies":"Looter","floor":14,"turns":2},{"damage":15,"enemies":"The Guardian","floor":16,"turns":10},{"damage":0,"enemies":"Spheric Guardian","floor":18,"turns":3},{"damage":0,"enemies":"2 Thieves","floor":20,"turns":2},{"damage":0,"enemies":"Snecko","floor":21,"turns":3},{"damage":52,"enemies":"Slavers","floor":23,"turns":4},{"damage":4,"enemies":"Book of Stabbing","floor":25,"turns":3},{"damage":2,"enemies":"Slavers","floor":28,"turns":2},{"damage":0,"enemies":"3 Cultists","floor":29,"turns":3},{"damage":0,"enemies":"Snake Plant","floor":31,"turns":1},{"damage":0,"enemies":"Collector","floor":33,"turns":5},{"damage":29,"enemies":"3 Darklings","floor":35,"turns":4},{"damage":0,"enemies":"Orb Walker","floor":36,"turns":3},{"damage":0,"enemies":"Writhing Mass","floor":38,"turns":3},{"damage":5,"enemies":"Giant Head","floor":40,"turns":4},{"damage":0,"enemies":"Nemesis","floor":42,"turns":5},{"damage":0,"enemies":"Transient","floor":44,"turns":6},{"damage":3,"enemies":"Reptomancer","floor":45,"turns":3},{"damage":0,"enemies":"Jaw Worm Horde","floor":48,"turns":2},{"damage":19,"enemies":"Donu and Deca","floor":50,"turns":5},{"damage":30,"enemies":"Time Eater","floor":51,"turns":7},{"damage":18,"enemies":"Shield and Spear","floor":55,"turns":4},{"damage":1,"enemies":"The Heart","floor":56,"turns":6}],"seed_played":"-8207904217219776319","potions_obtained":[{"floor":2,"key":"SteroidPotion"},{"floor":7,"key":"SteroidPotion"},{"floor":11,"key":"Block Potion"},{"floor":16,"key":"Swift Potion"},{"floor":28,"key":"LiquidBronze"},{"floor":33,"key":"Fire Potion"}],"is_trial":false,"path_per_floor":["M","M","?","M","M","E","M","R","T","R","E","?","M","M","R","B",null,"M","$","M","M","$","E","?","E","T","R","E","M","R","M","R","B",null,"M","M","$","M","?","E","R","E","T","M","E","R","$","M","R","B","B",null,"R","$","E","B",null],"character_chosen":"IRONCLAD","items_purchased":["Corruption","Second Wind","Discovery","Entrench","BloodPotion"],"campfire_rested":1,"item_purchase_floors":[19,19,19,47,47],"current_hp_per_floor":[74,75,80,80,80,72,72,72,72,72,64,70,76,80,80,71,78,80,80,80,80,80,34,34,36,50,93,94,94,94,94,94,94,94,77,89,89,94,94,94,94,94,94,94,94,94,94,94,94,87,69,88,88,88,82,94],"gold":132,"neow_bonus":"ONE_RANDOM_RARE_CARD","is_prod":false,"is_daily":false,"chose_seed":false,"campfire_upgraded":8,"win_rate":0,"timestamp":1569105336,"path_taken":["M","?","?","M","M","E","M","R","T","R","E","?","M","M","R","BOSS","M","$","M","M","$","E","?","E","T","R","E","M","R","M","R","BOSS","M","M","$","M","?","E","R","E","T","M","E","R","$","M","R","BOSS","BOSS","R","$","E","BOSS"],"build_version":"2019-09-20","purchased_purges":3,"victory":true,"max_hp_per_floor":[75,75,80,80,80,80,80,80,80,80,80,80,80,80,80,80,80,80,80,80,80,80,80,80,80,94,94,94,94,94,94,94,94,94,94,94,94,94,94,94,94,94,94,94,94,94,94,94,94,94,94,94,94,94,94,94],"card_choices":[{"not_picked":["Clash","Perfected Strike","Sentinel"],"picked":"SKIP","floor":1},{"not_picked":["Cleave","Intimidate"],"picked":"Shrug It Off","floor":2},{"not_picked":["Sentinel","Havoc"],"picked":"Anger","floor":4},{"not_picked":["Anger","Metallicize"],"picked":"Flame Barrier","floor":5},{"not_picked":["Iron Wave","Anger"],"picked":"Limit Break","floor":6},{"not_picked":["Combust","Burning Pact","Havoc"],"picked":"SKIP","floor":7},{"not_picked":["Heavy Blade","Infernal Blade"],"picked":"Evolve","floor":11},{"not_picked":["True Grit","Sword Boomerang"],"picked":"Corruption","floor":12},{"not_picked":["Bloodletting","Burning Pact"],"picked":"Second Wind","floor":13},{"not_picked":["Heavy Blade","Spot Weakness"],"picked":"Shrug It Off","floor":14},{"not_picked":["Reaper","Demon Form"],"picked":"Fiend Fire","floor":16},{"not_picked":["Anger","Inflame+1"],"picked":"Armaments","floor":18},{"not_picked":["Cleave","Iron Wave"],"picked":"Body Slam","floor":20},{"not_picked":["Anger","Armaments"],"picked":"Rage","floor":21},{"not_picked":["Carnage","Rupture","Whirlwind"],"picked":"SKIP","floor":23},{"not_picked":["Iron Wave","Anger+1","Clothesline"],"picked":"SKIP","floor":25},{"not_picked":["Wild Strike","Clothesline"],"picked":"Second Wind+1","floor":28},{"not_picked":["Thunderclap+1","Demon Form"],"picked":"Power Through+1","floor":29},{"not_picked":["Warcry","Rupture+1"],"picked":"Corruption","floor":31},{"not_picked":["Bludgeon","Offering"],"picked":"Barricade","floor":33},{"not_picked":["Iron Wave","Intimidate","Evolve"],"picked":"SKIP","floor":35},{"not_picked":["Sword Boomerang","Evolve","Twin Strike"],"picked":"SKIP","floor":36},{"not_picked":["Clothesline","Anger","Iron Wave"],"picked":"SKIP","floor":38},{"not_picked":["Heavy Blade","Rampage"],"picked":"Seeing Red+1","floor":40},{"not_picked":["Heavy Blade","Power Through"],"picked":"Battle Trance","floor":42},{"not_picked":["Iron Wave","Heavy Blade"],"picked":"Juggernaut","floor":44},{"not_picked":["Pommel Strike","Evolve","Thunderclap"],"picked":"SKIP","floor":44},{"not_picked":["Sword Boomerang","Infernal Blade+1"],"picked":"True Grit+1","floor":45},{"not_picked":["Cleave","Blood for Blood","Inflame"],"picked":"SKIP","floor":48},{"not_picked":["Rage","Pommel Strike","Sword Boomerang"],"picked":"SKIP","floor":48},{"not_picked":["Clash+1","Twin Strike","Clothesline"],"picked":"SKIP","floor":55}],"player_experience":924228,"relics_obtained":[{"floor":6,"key":"Regal Pillow"},{"floor":9,"key":"Dead Branch"},{"floor":11,"key":"Charon\u0027s Ashes"},{"floor":12,"key":"Odd Mushroom"},{"floor":23,"key":"TungstenRod"},{"floor":23,"key":"Whetstone"},{"floor":25,"key":"Oddly Smooth Stone"},{"floor":25,"key":"Tiny Chest"},{"floor":26,"key":"Mango"},{"floor":28,"key":"Ornamental Fan"},{"floor":28,"key":"Happy Flower"},{"floor":40,"key":"Red Skull"},{"floor":40,"key":"Matryoshka"},{"floor":42,"key":"Ginger"},{"floor":42,"key":"Prayer Wheel"},{"floor":43,"key":"Toy Ornithopter"},{"floor":45,"key":"FossilizedHelix"},{"floor":45,"key":"Torii"},{"floor":55,"key":"Sundial"},{"floor":55,"key":"Blue Candle"}],"event_choices":[{"damage_healed":0,"gold_gain":0,"player_choice":"Donut","damage_taken":0,"max_hp_gain":5,"max_hp_loss":0,"event_name":"Big Fish","floor":3,"gold_loss":0},{"damage_healed":0,"gold_gain":0,"player_choice":"Fought Mushrooms","damage_taken":0,"max_hp_gain":0,"max_hp_loss":0,"event_name":"Mushrooms","floor":12,"gold_loss":0},{"damage_healed":0,"gold_gain":0,"player_choice":"Ignored","damage_taken":0,"max_hp_gain":0,"max_hp_loss":0,"event_name":"The Mausoleum","floor":24,"gold_loss":0},{"damage_healed":0,"gold_gain":0,"player_choice":"Paid Gold","damage_taken":0,"relics_obtained":["Pen Nib"],"max_hp_gain":0,"max_hp_loss":0,"event_name":"WeMeetAgain","floor":39,"gold_loss":56}],"is_beta":true,"boss_relics":[{"not_picked":["Busted Crown","Mark of Pain"],"picked":"Black Star"},{"not_picked":["Calling Bell","Runic Pyramid"],"picked":"Black Blood"}],"items_purged_floors":[19,22,37],"is_endless":false,"potions_floor_spawned":[2,7,11,14,16,20,28,29,31,33,44,45,48],"ascension_level":20}