{"gold_per_floor":[109,124,124,135,285,312,312,347,347,347,29,84,84,103,103,181,181,196,246,264,275,116,116,132,132,132,132],"floor_reached":27,"playtime":986,"items_purged":["Strike_R"],"score":442,"play_id":"55f6efaa-ba0d-4ddc-9d87-6e34747617f5","local_time":"20190916191457","is_ascension_mode":true,"campfire_choices":[{"data":"Rage","floor":7.0,"key":"SMITH"},{"floor":13.0,"key":"REST"},{"floor":15.0,"key":"REST"},{"data":"Flame Barrier","floor":23,"key":"SMITH"},{"data":"Corruption","floor":25,"key":"SMITH"}],"neow_cost":"NONE","seed_source_timestamp":385428458360900,"circlet_count":0,"master_deck":["AscendersBane","Strike_R+1","Strike_R","Strike_R+1","Strike_R","Defend_R","Defend_R","Defend_R","Defend_R","Bash+1","Spot Weakness+1","Rage+1","Flame Barrier+1","Wild Strike","Body Slam","Ghostly Armor+1","Offering+1","Body Slam","Warcry+1","Corruption+1"],"special_seed":0,"relics":["Burning Blood","Omamori","Bottled Lightning","Matryoshka","Whetstone","Toxic Egg 2","Calipers","Vajra","Sozu","Bag of Preparation","Kunai"],"potions_floor_usage":[],"damage_taken":[{"damage":4.0,"enemies":"Small Slimes","floor":1.0,"turns":4.0},{"damage":7.0,"enemies":"Jaw Worm","floor":2.0,"turns":4.0},{"damage":0.0,"enemies":"2 Louse","floor":4.0,"turns":4.0},{"damage":25.0,"enemies":"Lagavulin","floor":6.0,"turns":6.0},{"damage":24.0,"enemies":"Gremlin Nob","floor":8.0,"turns":4.0},{"damage":32.0,"enemies":"Gremlin Nob","floor":12.0,"turns":4.0},{"damage":6.0,"enemies":"2 Fungi Beasts","floor":14.0,"turns":3.0},{"damage":24,"enemies":"The Guardian","floor":16,"turns":14},{"damage":12,"enemies":"Spheric Guardian","floor":18,"turns":3},{"damage":7,"enemies":"3 Byrds","floor":20,"turns":4},{"damage":6,"enemies":"Centurion and Healer","floor":21,"turns":5},{"damage":28,"enemies":"Shelled Parasite and Fungi","floor":24,"turns":4},{"damage":37,"enemies":"Cultist and Chosen","floor":27,"turns":5}],"seed_played":"-899902961666307444","potions_obtained":[{"floor":2.0,"key":"SkillPotion"},{"floor":4.0,"key":"Explosive Potion"},{"floor":8.0,"key":"PowerPotion"},{"floor":16,"key":"Strength Potion"}],"is_trial":false,"path_per_floor":["M","M","?","M","?","E","R","E","T","?","$","?","R","M","R","B",null,"M","?","M","M","$","R","M","R","T","M"],"character_chosen":"IRONCLAD","items_purchased":["Calipers","Corruption"],"campfire_rested":2,"item_purchase_floors":[11,22],"current_hp_per_floor":[70,69,46,52,52,33,33,15,15,40,40,14,36,36,58,40,66,60,60,59,59,59,59,37,37,37,0],"gold":132,"neow_bonus":"RANDOM_COMMON_RELIC","is_prod":false,"is_daily":false,"chose_seed":false,"campfire_upgraded":3,"win_rate":0,"timestamp":1568686497,"path_taken":["M","M","?","M","?","E","R","E","T","?","$","?","R","M","R","BOSS","M","?","M","M","$","R","M","R","T","M"],"build_version":"2019-07-17","purchased_purges":1,"victory":false,"max_hp_per_floor":[75,75,75,75,75,75,75,75,75,75,75,75,75,75,75,75,75,75,75,75,75,75,75,75,75,75,75],"card_choices":[{"not_picked":["Cleave","Combust"],"picked":"Spot Weakness","floor":1.0},{"not_picked":["True Grit","Flex"],"picked":"Rage","floor":2.0},{"not_picked":["Iron Wave","Clash"],"picked":"Flame Barrier","floor":4.0},{"not_picked":["Infernal Blade","Pommel Strike"],"picked":"Wild Strike","floor":6.0},{"not_picked":["Entrench","Intimidate","Havoc"],"picked":"SKIP","floor":8.0},{"not_picked":["Perfected Strike","Warcry+1"],"picked":"Body Slam","floor":12.0},{"not_picked":["Second Wind+1","Anger"],"picked":"Ghostly Armor+1","floor":14.0},{"not_picked":["Bludgeon","Exhume+1"],"picked":"Offering+1","floor":16},{"not_picked":["Hemokinesis","Iron Wave"],"picked":"Body Slam","floor":18},{"not_picked":["Body Slam","Pummel"],"picked":"Warcry+1","floor":20},{"not_picked":["Flex+1","Burning Pact+1","Twin Strike+1"],"picked":"SKIP","floor":21},{"not_picked":["Clash","Headbutt","Pummel"],"picked":"SKIP","floor":24}],"player_experience":794154,"relics_obtained":[{"floor":6.0,"key":"Bottled Lightning"},{"floor":8.0,"key":"Matryoshka"},{"floor":9.0,"key":"Whetstone"},{"floor":9.0,"key":"Toxic Egg 2"},{"floor":12.0,"key":"Vajra"},{"floor":26,"key":"Bag of Preparation"},{"floor":26,"key":"Kunai"}],"event_choices":[{"damage_healed":0.0,"max_hp_gain":0.0,"max_hp_loss":0.0,"gold_gain":0.0,"event_name":"Shining Light","player_choice":"Entered Light","floor":3.0,"gold_loss":0.0,"damage_taken":23.0,"cards_upgraded":["Bash","Spot Weakness"]},{"damage_healed":0.0,"max_hp_gain":0.0,"max_hp_loss":0.0,"gold_gain":150.0,"event_name":"Liars Game","player_choice":"AGREE","floor":5.0,"gold_loss":0.0,"damage_taken":0.0,"cards_obtained":["Doubt"]},{"damage_healed":25.0,"max_hp_gain":0.0,"max_hp_loss":0.0,"gold_gain":0.0,"event_name":"Big Fish","player_choice":"Banana","floor":10.0,"gold_loss":0.0,"damage_taken":0.0},{"damage_healed":0.0,"max_hp_gain":0.0,"max_hp_loss":0.0,"gold_gain":30.0,"event_name":"Dead Adventurer","player_choice":"Searched \u00273\u0027 times","floor":12.0,"gold_loss":0.0,"damage_taken":0.0},{"damage_healed":0,"gold_gain":50,"player_choice":"Stole From Cult","damage_taken":0,"max_hp_gain":0,"max_hp_loss":0,"event_name":"Nest","floor":19,"gold_loss":0}],"is_beta":false,"boss_relics":[{"not_picked":["White Beast Statue","Eternal Feather"],"picked":"Sozu"}],"items_purged_floors":[22],"is_endless":false,"potions_floor_spawned":[2,4,8,16,21],"killed_by":"Cultist and Chosen","ascension_level":20}