{"gold_per_floor":[364,380,380,380,35,35,71,94,174,174,209,232,232,232,232,232],"floor_reached":16,"playtime":509,"items_purged":[],"score":216,"play_id":"11d3288a-ee65-49b9-9de5-7371d6cfb169","local_time":"20190923125653","is_ascension_mode":true,"campfire_choices":[{"floor":6.0,"key":"REST"},{"floor":10,"key":"REST"},{"floor":13,"key":"REST"},{"floor":15,"key":"REST"}],"neow_cost":"TEN_PERCENT_HP_LOSS","seed_source_timestamp":564026117705800,"circlet_count":0,"master_deck":["AscendersBane","Strike_R","Strike_R","Strike_R","Strike_R","Defend_R","Defend_R","Defend_R","Defend_R","Bash","Anger","Metallicize","Rage","True Grit","True Grit","Ghostly Armor"],"special_seed":0,"relics":["Burning Blood","Golden Idol","Unceasing Top","Dream Catcher","Self Forming Clay","CaptainsWheel"],"potions_floor_usage":[16,16],"damage_taken":[{"damage":9.0,"enemies":"Jaw Worm","floor":1.0,"turns":6.0},{"damage":10.0,"enemies":"Small Slimes","floor":2.0,"turns":3.0},{"damage":50,"enemies":"Gremlin Nob","floor":7,"turns":5},{"damage":5,"enemies":"2 Louse","floor":8,"turns":4},{"damage":33,"enemies":"3 Sentries","floor":11,"turns":13},{"damage":2,"enemies":"2 Fungi Beasts","floor":12,"turns":4},{"damage":52,"enemies":"Hexaghost","floor":16,"turns":14}],"seed_played":"-539281499621792793","potions_obtained":[{"floor":2.0,"key":"Dexterity Potion"},{"floor":12,"key":"Swift Potion"}],"is_trial":false,"path_per_floor":["M","M","?","?","$","R","E","M","T","R","E","M","R","?","R","B"],"character_chosen":"IRONCLAD","items_purchased":["Unceasing Top"],"campfire_rested":4,"item_purchase_floors":[5],"current_hp_per_floor":[65,61,38,38,38,58,14,15,15,35,8,12,32,32,52,0],"gold":232,"neow_bonus":"TWO_FIFTY_GOLD","is_prod":false,"is_daily":false,"chose_seed":false,"campfire_upgraded":0,"win_rate":0,"timestamp":1569268613,"path_taken":["M","M","?","?","$","R","E","M","T","R","E","M","R","?","R","BOSS"],"build_version":"2019-09-23","purchased_purges":0,"victory":false,"max_hp_per_floor":[68,68,68,68,68,68,68,68,68,68,68,68,68,68,68,68],"card_choices":[{"not_picked":["Perfected Strike","Iron Wave"],"picked":"Anger","floor":1.0},{"not_picked":["Pummel","Inflame"],"picked":"Metallicize","floor":2.0},{"not_picked":["Clothesline","Searing Blow","Flame Barrier"],"picked":"SKIP","floor":7},{"not_picked":["Heavy Blade","Sword Boomerang","Cleave"],"picked":"SKIP","floor":8},{"not_picked":["Thunderclap","Rampage"],"picked":"Rage","floor":10},{"not_picked":["Clash","Blood for Blood","Reaper"],"picked":"SKIP","floor":11},{"not_picked":["Shrug It Off","Headbutt"],"picked":"True Grit","floor":12},{"not_picked":["Rage","Rampage"],"picked":"True Grit","floor":13},{"not_picked":["Iron Wave","Heavy Blade"],"picked":"Ghostly Armor","floor":15}],"player_experience":984221,"relics_obtained":[{"floor":7,"key":"Dream Catcher"},{"floor":9,"key":"Self Forming Clay"},{"floor":11,"key":"CaptainsWheel"}],"event_choices":[{"damage_healed":0.0,"max_hp_gain":0.0,"max_hp_loss":0.0,"gold_gain":0.0,"event_name":"Golden Idol","player_choice":"Take Damage","floor":3.0,"gold_loss":0.0,"damage_taken":23.0,"relics_obtained":["Golden Idol"]},{"damage_healed":0.0,"max_hp_gain":0.0,"max_hp_loss":0.0,"gold_gain":0.0,"event_name":"Liars Game","player_choice":"Ignored","floor":4.0,"gold_loss":0.0,"damage_taken":0.0},{"cards_removed":["Strike_R"],"damage_healed":0,"gold_gain":0,"player_choice":"Forget","damage_taken":0,"max_hp_gain":0,"max_hp_loss":0,"event_name":"Living Wall","floor":14,"gold_loss":0}],"is_beta":true,"boss_relics":[],"items_purged_floors":[],"is_endless":false,"potions_floor_spawned":[2,12],"killed_by":"Hexaghost","ascension_level":20}