{"gold_per_floor":[10,10,29,45,45,58,73,86,110,139,139,150,181,207,219,302,314,345,110,110,124,124],"floor_reached":22,"playtime":683,"items_purged":["Strike_R"],"score":475,"play_id":"9b583f2e-1b43-4854-97d4-32783ab63915","local_time":"20190923164558","is_ascension_mode":true,"campfire_choices":[{"data":"Anger","floor":11.0,"key":"SMITH"},{"data":"Havoc","floor":15.0,"key":"SMITH"}],"neow_cost":"NO_GOLD","seed_source_timestamp":576033538087800,"circlet_count":0,"master_deck":["AscendersBane","Strike_R","Strike_R","Strike_R","Strike_R","Defend_R","Defend_R","Defend_R","Defend_R","Anger","Clash","Flex","Anger+1","Warcry","Anger+1","Havoc+1","Anger+1","Intimidate"],"special_seed":0,"relics":["Black Blood","Unceasing Top","Red Skull","Molten Egg 2","MawBank","Medical Kit"],"potions_floor_usage":[22,22],"damage_taken":[{"damage":4.0,"enemies":"Small Slimes","floor":1.0,"turns":4.0},{"damage":4.0,"enemies":"2 Louse","floor":3.0,"turns":2.0},{"damage":4.0,"enemies":"Jaw Worm","floor":4.0,"turns":4.0},{"damage":31.0,"enemies":"Exordium Wildlife","floor":6.0,"turns":6.0},{"damage":9.0,"enemies":"Blue Slaver","floor":7.0,"turns":4.0},{"damage":0.0,"enemies":"Large Slime","floor":8.0,"turns":4.0},{"damage":11.0,"enemies":"3 Sentries","floor":10.0,"turns":5.0},{"damage":2.0,"enemies":"2 Fungi Beasts","floor":12.0,"turns":3.0},{"damage":0.0,"enemies":"Gremlin Nob","floor":13.0,"turns":2.0},{"damage":0.0,"enemies":"3 Louse","floor":14.0,"turns":2.0},{"damage":35.0,"enemies":"Slime Boss","floor":16.0,"turns":8.0},{"damage":40.0,"enemies":"3 Byrds","floor":18.0,"turns":5.0},{"damage":22.0,"enemies":"Shell Parasite","floor":21.0,"turns":3.0},{"damage":21,"enemies":"Shelled Parasite and Fungi","floor":22,"turns":2}],"seed_played":"4566950863438399505","potions_obtained":[{"floor":3.0,"key":"Regen Potion"},{"floor":4.0,"key":"PowerPotion"},{"floor":8.0,"key":"Fire Potion"},{"floor":13.0,"key":"Explosive Potion"},{"floor":21.0,"key":"Explosive Potion"}],"is_trial":false,"path_per_floor":["M","?","M","M","?","M","M","M","T","E","R","M","E","M","R","B",null,"M","$","?","M","M"],"character_chosen":"IRONCLAD","items_purchased":["Medical Kit"],"campfire_rested":0,"item_purchase_floors":[19],"current_hp_per_floor":[70,70,72,74,74,59,56,62,62,57,57,61,67,73,73,44,67,39,39,39,29,8],"gold":124,"neow_bonus":"ONE_RARE_RELIC","is_prod":false,"is_daily":false,"chose_seed":false,"campfire_upgraded":2,"win_rate":0,"timestamp":1569282358,"path_taken":["M","?","M","M","?","M","M","M","T","E","R","M","E","M","R","BOSS","M","$","?","M","M"],"build_version":"2019-09-23","purchased_purges":1,"victory":false,"max_hp_per_floor":[75,75,75,75,75,75,75,75,75,75,75,75,75,75,75,75,75,75,75,75,75,75],"card_choices":[{"not_picked":["Cleave","Pummel"],"picked":"Anger","floor":1.0},{"not_picked":["Warcry","Entrench"],"picked":"Clash","floor":3.0},{"not_picked":["Carnage","Headbutt"],"picked":"Flex","floor":4.0},{"not_picked":["Heavy Blade","Clash"],"picked":"Anger","floor":6.0},{"not_picked":["Carnage","Feed","Perfected Strike"],"picked":"SKIP","floor":7.0},{"not_picked":["Sword Boomerang","Perfected Strike"],"picked":"Warcry","floor":8.0},{"not_picked":["Twin Strike","Perfected Strike","Iron Wave"],"picked":"SKIP","floor":10.0},{"not_picked":["Perfected Strike+1","Thunderclap+1"],"picked":"Anger+1","floor":12.0},{"not_picked":["Twin Strike+1","Rampage+1","Immolate+1"],"picked":"SKIP","floor":13.0},{"not_picked":["Infernal Blade","Fire Breathing"],"picked":"Havoc","floor":14.0},{"not_picked":["Carnage+1","Sword Boomerang+1"],"picked":"Anger+1","floor":18.0},{"not_picked":["Armaments","Cleave+1"],"picked":"Intimidate","floor":21.0}],"player_experience":992398,"relics_obtained":[{"floor":9.0,"key":"Red Skull"},{"floor":10.0,"key":"Molten Egg 2"},{"floor":13.0,"key":"MawBank"}],"event_choices":[{"cards_removed":["Bash"],"damage_healed":0.0,"max_hp_gain":0.0,"max_hp_loss":0.0,"gold_gain":0.0,"event_name":"Living Wall","player_choice":"Forget","floor":2.0,"gold_loss":0.0,"damage_taken":0.0},{"damage_healed":0.0,"max_hp_gain":0.0,"max_hp_loss":0.0,"gold_gain":0.0,"event_name":"Liars Game","player_choice":"Ignored","floor":5.0,"gold_loss":0.0,"damage_taken":0.0},{"damage_healed":0.0,"max_hp_gain":0.0,"max_hp_loss":0.0,"gold_gain":0.0,"event_name":"The Mausoleum","player_choice":"Ignored","floor":20.0,"gold_loss":0.0,"damage_taken":0.0}],"is_beta":true,"boss_relics":[{"not_picked":["Snecko Eye","Runic Cube"],"picked":"Black Blood"}],"items_purged_floors":[19],"is_endless":false,"potions_floor_spawned":[3,4,8,13,21],"killed_by":"Shelled Parasite and Fungi","ascension_level":20}