{"gold_per_floor":[111,111,76,90,104,104,133,164,255,267,314,341,381,440,452,538,550,579,591,617,676,393,393,421,421,445,462,477,477,493,66,66,143,143,153,153,163,183,25,25,53,53,121,147,147,165,165,1,1,1,1],"floor_reached":52,"playtime":2880,"items_purged":["Strike_R","Strike_R"],"score":1871,"play_id":"bde09bba-3db7-4690-bb66-b268549937e8","local_time":"20190921124247","is_ascension_mode":true,"campfire_choices":[{"data":"Wild Strike","floor":6.0,"key":"SMITH"},{"data":"Bash","floor":10.0,"key":"SMITH"},{"floor":15.0,"key":"REST"},{"data":"Barricade","floor":23.0,"key":"SMITH"},{"floor":29,"key":"REST"},{"data":"Power Through","floor":32,"key":"SMITH"},{"data":"Power Through","floor":40,"key":"SMITH"},{"data":"Juggernaut","floor":42,"key":"SMITH"},{"data":"Corruption","floor":45,"key":"SMITH"},{"data":"Battle Trance","floor":49,"key":"SMITH"}],"neow_cost":"NONE","seed_source_timestamp":387961758653400,"circlet_count":0,"master_deck":["AscendersBane","Strike_R","Strike_R+1","Defend_R","Defend_R","Defend_R","Bash+1","Fire Breathing","Battle Trance","Bloodletting","Wild Strike+1","Battle Trance+1","Corruption+1","Wild Strike+1","Carnage","Barricade+1","Feel No Pain","Sentinel","Body Slam","Power Through+1","Necronomicurse","Clothesline","Ghostly Armor","Shockwave","Feel No Pain","Purity","Sentinel","Impervious","Power Through+1","Warcry+1","Juggernaut+1","Exhume"],"special_seed":0,"relics":["Black Blood","Magic Flower","MawBank","Sundial","Art of War","HornCleat","Toy Ornithopter","Runic Dome","InkBottle","Whetstone","Bottled Lightning","Necronomicon","Happy Flower","Strange Spoon","Blood Vial","Molten Egg 2","Gremlin Horn","Anchor"],"potions_floor_usage":[33],"damage_taken":[{"damage":11.0,"enemies":"Jaw Worm","floor":1.0,"turns":7.0},{"damage":4.0,"enemies":"Small Slimes","floor":4.0,"turns":4.0},{"damage":2.0,"enemies":"2 Louse","floor":5.0,"turns":2.0},{"damage":18.0,"enemies":"Lagavulin","floor":7.0,"turns":5.0},{"damage":11.0,"enemies":"2 Fungi Beasts","floor":8.0,"turns":3.0},{"damage":59.0,"enemies":"Gremlin Nob","floor":11.0,"turns":5.0},{"damage":12.0,"enemies":"Large Slime","floor":12.0,"turns":3.0},{"damage":30.0,"enemies":"3 Sentries","floor":13.0,"turns":5.0},{"damage":24.0,"enemies":"Slime Boss","floor":16.0,"turns":7.0},{"damage":18.0,"enemies":"Spheric Guardian","floor":18.0,"turns":5.0},{"damage":0.0,"enemies":"Chosen","floor":20.0,"turns":6.0},{"damage":53.0,"enemies":"Book of Stabbing","floor":24.0,"turns":5.0},{"damage":23,"enemies":"Sentry and Sphere","floor":27,"turns":6},{"damage":0,"enemies":"3 Cultists","floor":28,"turns":5},{"damage":3,"enemies":"Centurion and Healer","floor":30,"turns":6},{"damage":9,"enemies":"Champ","floor":33,"turns":11},{"damage":0,"enemies":"Orb Walker","floor":35,"turns":6},{"damage":0,"enemies":"3 Darklings","floor":37,"turns":7},{"damage":20,"enemies":"Sphere and 2 Shapes","floor":38,"turns":7},{"damage":3,"enemies":"Giant Head","floor":41,"turns":9},{"damage":25,"enemies":"Nemesis","floor":44,"turns":7},{"damage":9,"enemies":"4 Shapes","floor":46,"turns":4},{"damage":43,"enemies":"Donu and Deca","floor":50,"turns":12},{"damage":7,"enemies":"Time Eater","floor":51,"turns":7}],"seed_played":"4134965238338772296","potions_obtained":[{"floor":4.0,"key":"FearPotion"},{"floor":5.0,"key":"Strength Potion"},{"floor":8.0,"key":"BloodPotion"},{"floor":12.0,"key":"EssenceOfSteel"},{"floor":13.0,"key":"Fruit Juice"},{"floor":16.0,"key":"Block Potion"},{"floor":18.0,"key":"Regen Potion"},{"floor":24,"key":"PowerPotion"},{"floor":27,"key":"FearPotion"},{"floor":35,"key":"FearPotion"}],"is_trial":false,"path_per_floor":["M","?","?","M","M","R","E","M","T","R","E","M","E","T","R","B",null,"M","?","M","T","$","R","E","?","T","M","M","R","M","$","R","B",null,"M","?","M","M","$","R","E","R","T","E","R","M","?","$","R","B","B",null],"character_chosen":"IRONCLAD","items_purchased":["Body Slam","Whetstone","Feel No Pain","Purity","FairyPotion","Sentinel","Strange Spoon","Anchor"],"campfire_rested":2,"item_purchase_floors":[22,22,31,31,31,31,39,48],"current_hp_per_floor":[63,45,63,68,75,75,66,64,64,64,37,34,13,13,35,44,71,70,70,79,79,79,79,57,36,36,22,31,55,61,61,61,69,77,80,80,80,78,78,78,80,80,80,73,73,80,80,80,80,55,69],"gold":1,"neow_bonus":"TRANSFORM_CARD","is_prod":false,"is_daily":false,"chose_seed":false,"campfire_upgraded":8,"win_rate":0,"timestamp":1569094967,"path_taken":["M","?","?","M","M","R","E","M","T","R","E","M","E","?","R","BOSS","M","?","M","?","$","R","E","?","T","M","M","R","M","$","R","BOSS","M","?","M","M","$","R","E","R","T","E","R","M","?","$","R","BOSS","BOSS"],"build_version":"2019-09-20","purchased_purges":2,"victory":true,"max_hp_per_floor":[75,75,75,75,75,75,75,75,75,75,75,75,75,75,75,80,80,80,80,80,80,80,80,80,80,80,80,80,80,80,80,80,80,80,80,80,80,80,80,80,80,80,80,80,80,80,80,80,80,80,80],"card_choices":[{"not_picked":["Anger","Shrug It Off"],"picked":"Battle Trance","floor":1.0},{"not_picked":["Iron Wave","Thunderclap"],"picked":"Bloodletting","floor":4.0},{"not_picked":["Inflame","Shrug It Off"],"picked":"Wild Strike","floor":5.0},{"not_picked":["Sword Boomerang","Feed"],"picked":"Battle Trance","floor":7.0},{"not_picked":["Sentinel","Pommel Strike"],"picked":"Corruption","floor":8.0},{"not_picked":["True Grit","Iron Wave"],"picked":"Wild Strike","floor":11.0},{"not_picked":["Sever Soul","Heavy Blade"],"picked":"Carnage","floor":12.0},{"not_picked":["Sever Soul","Twin Strike","Cleave"],"picked":"SKIP","floor":13.0},{"not_picked":["Demon Form","Dark Embrace"],"picked":"Barricade","floor":16.0},{"not_picked":["Pommel Strike","Corruption"],"picked":"Feel No Pain","floor":18.0},{"not_picked":["Blood for Blood","Intimidate+1"],"picked":"Sentinel","floor":20.0},{"not_picked":["Thunderclap","Anger"],"picked":"Power Through","floor":24},{"not_picked":["Sword Boomerang","Warcry","Clothesline"],"picked":"SKIP","floor":27},{"not_picked":["Sword Boomerang","Warcry"],"picked":"Clothesline","floor":27},{"not_picked":["Anger","Clothesline"],"picked":"Ghostly Armor","floor":28},{"not_picked":["Havoc","Spot Weakness"],"picked":"Shockwave","floor":30},{"not_picked":["Feed","Fiend Fire"],"picked":"Impervious","floor":33},{"not_picked":["Headbutt","Heavy Blade"],"picked":"Power Through","floor":35},{"not_picked":["Havoc","Pommel Strike"],"picked":"Warcry+1","floor":37},{"not_picked":["Flex","Blood for Blood","Intimidate"],"picked":"SKIP","floor":38},{"not_picked":["Seeing Red","Warcry"],"picked":"Juggernaut","floor":41},{"not_picked":["Power Through","Havoc"],"picked":"Exhume","floor":44},{"not_picked":["Heavy Blade+1","Armaments","Anger+1"],"picked":"SKIP","floor":46}],"player_experience":915023,"relics_obtained":[{"floor":7.0,"key":"MawBank"},{"floor":9.0,"key":"Sundial"},{"floor":11.0,"key":"Art of War"},{"floor":13.0,"key":"HornCleat"},{"floor":14.0,"key":"Toy Ornithopter"},{"floor":21.0,"key":"InkBottle"},{"floor":24,"key":"Bottled Lightning"},{"floor":25,"key":"Necronomicon"},{"floor":26,"key":"Happy Flower"},{"floor":41,"key":"Blood Vial"},{"floor":43,"key":"Molten Egg 2"},{"floor":44,"key":"Gremlin Horn"}],"event_choices":[{"damage_healed":0.0,"max_hp_gain":0.0,"max_hp_loss":0.0,"gold_gain":0.0,"event_name":"Scrap Ooze","player_choice":"Success","floor":2.0,"gold_loss":0.0,"damage_taken":18.0,"relics_obtained":["Magic Flower"]},{"damage_healed":18.0,"max_hp_gain":0.0,"max_hp_loss":0.0,"gold_gain":0.0,"event_name":"The Cleric","player_choice":"Healed","floor":3.0,"gold_loss":35.0,"damage_taken":0.0},{"damage_healed":0.0,"max_hp_gain":0.0,"max_hp_loss":0.0,"gold_gain":0.0,"event_name":"Vampires","player_choice":"Ignored","floor":19.0,"gold_loss":0.0,"damage_taken":0.0},{"damage_healed":0,"gold_gain":0,"player_choice":"Obtained Book","damage_taken":21,"max_hp_gain":0,"max_hp_loss":0,"event_name":"Cursed Tome","floor":25,"gold_loss":0},{"cards_removed":["Defend_R"],"damage_healed":0,"gold_gain":0,"player_choice":"Removed Skill","damage_taken":0,"max_hp_gain":0,"max_hp_loss":0,"event_name":"Falling","floor":36,"gold_loss":0},{"damage_healed":0,"gold_gain":0,"player_choice":"Ignored","damage_taken":0,"max_hp_gain":0,"max_hp_loss":0,"event_name":"Tomb of Lord Red Mask","floor":47,"gold_loss":0}],"is_beta":true,"boss_relics":[{"not_picked":["Runic Pyramid","Astrolabe"],"picked":"Runic Dome"},{"not_picked":["Velvet Choker","Runic Cube"],"picked":"Black Blood"}],"items_purged_floors":[22,31],"is_endless":false,"potions_floor_spawned":[4,5,8,12,13,16,18,24,27,35,37,46],"ascension_level":20}