{"gold_per_floor":[119,30,30,30,46,46,76,92,92,112,112,146,163,190,190,190],"floor_reached":16,"playtime":313,"items_purged":[],"score":290,"play_id":"b22415b4-7576-4c33-b884-d8f46933f37b","local_time":"20190922132600","is_ascension_mode":true,"campfire_choices":[{"data":"Spot Weakness","floor":6.0,"key":"SMITH"},{"data":"Heavy Blade","floor":11.0,"key":"SMITH"},{"data":"Spot Weakness","floor":15,"key":"SMITH"}],"neow_cost":"NONE","seed_source_timestamp":479599921016200,"circlet_count":0,"master_deck":["AscendersBane","Strike_R","Strike_R","Strike_R","Strike_R","Strike_R","Defend_R","Defend_R","Defend_R","Defend_R","Bash","Perfected Strike+1","Evolve+1","Spot Weakness+1","Heavy Blade+1","Wild Strike","Battle Trance","Immolate","Spot Weakness+1","Battle Trance"],"special_seed":0,"relics":["Burning Blood","NeowsBlessing","Peace Pipe","Question Card","Toy Ornithopter","Sundial"],"potions_floor_usage":[14],"damage_taken":[{"damage":0.0,"enemies":"Jaw Worm","floor":1.0,"turns":1.0},{"damage":0.0,"enemies":"Small Slimes","floor":5.0,"turns":1.0},{"damage":0.0,"enemies":"3 Sentries","floor":7.0,"turns":2.0},{"damage":1.0,"enemies":"Cultist","floor":8.0,"turns":3.0},{"damage":29.0,"enemies":"Exordium Thugs","floor":10.0,"turns":4.0},{"damage":20.0,"enemies":"Gremlin Nob","floor":12.0,"turns":4.0},{"damage":11.0,"enemies":"2 Fungi Beasts","floor":13.0,"turns":3.0},{"damage":20,"enemies":"Lagavulin","floor":14,"turns":5},{"damage":22,"enemies":"Hexaghost","floor":16,"turns":7}],"seed_played":"-3959082548909048588","potions_obtained":[{"floor":7.0,"key":"Block Potion"},{"floor":8.0,"key":"Strength Potion"}],"is_trial":false,"path_per_floor":["M","$","?","?","M","R","E","M","T","M","R","E","M","E","R","B"],"character_chosen":"IRONCLAD","items_purchased":["Evolve"],"campfire_rested":0,"item_purchase_floors":[2],"current_hp_per_floor":[74,74,74,74,75,75,75,75,75,52,52,38,33,24,24,2],"gold":190,"neow_bonus":"THREE_ENEMY_KILL","is_prod":false,"is_daily":false,"chose_seed":false,"campfire_upgraded":3,"win_rate":0,"timestamp":1569183960,"path_taken":["M","$","?","?","M","R","E","?","T","M","R","E","M","E","R","BOSS"],"build_version":"2019-09-20","purchased_purges":0,"victory":false,"max_hp_per_floor":[75,75,75,75,75,75,75,75,75,75,75,75,75,75,75,75],"card_choices":[{"not_picked":["Flex","Shrug It Off"],"picked":"Perfected Strike","floor":1.0},{"not_picked":["Clothesline","True Grit"],"picked":"Spot Weakness","floor":5.0},{"not_picked":["Clash","Havoc"],"picked":"Heavy Blade","floor":7.0},{"not_picked":["Disarm","Sword Boomerang"],"picked":"Wild Strike","floor":8.0},{"not_picked":["Intimidate","Iron Wave","Bloodletting"],"picked":"Battle Trance","floor":10.0},{"not_picked":["Iron Wave","Entrench","Shrug It Off"],"picked":"Immolate","floor":12.0},{"not_picked":["Armaments","Warcry","Clothesline"],"picked":"Spot Weakness","floor":13.0},{"not_picked":["Reckless Charge","Warcry","Anger"],"picked":"Battle Trance","floor":14}],"player_experience":964991,"relics_obtained":[{"floor":7.0,"key":"Peace Pipe"},{"floor":9.0,"key":"Question Card"},{"floor":12.0,"key":"Toy Ornithopter"},{"floor":14,"key":"Sundial"}],"event_choices":[{"damage_healed":0.0,"max_hp_gain":0.0,"max_hp_loss":0.0,"gold_gain":0.0,"event_name":"Living Wall","player_choice":"Grow","floor":3.0,"gold_loss":0.0,"damage_taken":0.0,"cards_upgraded":["Perfected Strike"]},{"damage_healed":0.0,"max_hp_gain":0.0,"max_hp_loss":0.0,"gold_gain":0.0,"event_name":"Accursed Blacksmith","player_choice":"Forge","floor":4.0,"gold_loss":0.0,"damage_taken":0.0,"cards_upgraded":["Evolve"]}],"is_beta":true,"boss_relics":[],"items_purged_floors":[],"is_endless":false,"potions_floor_spawned":[7,8,10],"killed_by":"Hexaghost","ascension_level":20}