{"gold_per_floor":[109,125,125,144,154,188,208,208,208,237,237,113,125,144,144,144],"floor_reached":16,"playtime":1506,"items_purged":["Strike_B"],"score":194,"play_id":"f644665b-e010-4a22-8c99-7c3d178eebb6","local_time":"20190924001920","is_ascension_mode":true,"campfire_choices":[{"floor":8,"key":"REST"},{"floor":15,"key":"REST"}],"neow_cost":"TEN_PERCENT_HP_LOSS","seed_source_timestamp":1304301831964147,"circlet_count":0,"master_deck":["AscendersBane","Strike_B","Strike_B","Strike_B","Defend_B","Defend_B","Defend_B","Defend_B","Zap","Dualcast","Genetic Algorithm","Ball Lightning","White Noise","Blizzard","Conserve Battery","Genetic Algorithm"],"special_seed":0,"relics":["Cracked Core","Calipers","FaceOfCleric","Bag of Marbles","Torii","Dodecahedron","Ginger"],"potions_floor_usage":[7,16,16],"damage_taken":[{"damage":7.0,"enemies":"Small Slimes","floor":1.0,"turns":3.0},{"damage":0.0,"enemies":"Cultist","floor":2.0,"turns":3.0},{"damage":0.0,"enemies":"2 Louse","floor":4.0,"turns":3.0},{"damage":0.0,"enemies":"2 Fungi Beasts","floor":5.0,"turns":3.0},{"damage":31,"enemies":"Gremlin Nob","floor":6,"turns":4},{"damage":6,"enemies":"Blue Slaver","floor":7,"turns":4},{"damage":28,"enemies":"Lagavulin","floor":10,"turns":7},{"damage":6,"enemies":"Looter","floor":13,"turns":3},{"damage":1,"enemies":"3 Louse","floor":14,"turns":3},{"damage":37,"enemies":"Hexaghost","floor":16,"turns":11}],"seed_played":"5759370314527308101","potions_obtained":[{"floor":2.0,"key":"SkillPotion"},{"floor":4.0,"key":"Dexterity Potion"},{"floor":10,"key":"SmokeBomb"},{"floor":13,"key":"Ancient Potion"}],"is_trial":false,"path_per_floor":["M","M","?","M","M","E","M","R","T","E","?","$","M","M","R","B"],"character_chosen":"DEFECT","items_purchased":["Energy Potion"],"campfire_rested":2,"item_purchase_floors":[12],"current_hp_per_floor":[57,57,57,58,59,29,24,44,44,17,14,14,9,9,30,0],"gold":144,"neow_bonus":"ONE_RARE_RELIC","is_prod":false,"is_daily":false,"chose_seed":false,"campfire_upgraded":0,"win_rate":0,"timestamp":1569298760,"path_taken":["M","M","?","M","M","E","?","R","T","E","?","$","M","M","R","BOSS"],"build_version":"2019-07-17","purchased_purges":1,"victory":false,"max_hp_per_floor":[64,64,64,65,66,67,68,68,68,69,69,69,70,71,71,71],"card_choices":[{"not_picked":["Go for the Eyes","Sweeping Beam"],"picked":"Genetic Algorithm","floor":1.0},{"not_picked":["Compile Driver","Rebound"],"picked":"Ball Lightning","floor":2.0},{"not_picked":["Rainbow","Rip and Tear","Barrage"],"picked":"SKIP","floor":4.0},{"not_picked":["Barrage","Gash"],"picked":"White Noise","floor":5.0},{"not_picked":["Coolheaded","Fusion"],"picked":"Blizzard","floor":6},{"not_picked":["Melter","Turbo","Barrage"],"picked":"SKIP","floor":7},{"not_picked":["Reprogram","Compile Driver","Leap"],"picked":"SKIP","floor":10},{"not_picked":["Blizzard","Ball Lightning"],"picked":"Conserve Battery","floor":13},{"not_picked":["Hologram","Redo"],"picked":"Genetic Algorithm","floor":14}],"player_experience":366251,"relics_obtained":[{"floor":6,"key":"Bag of Marbles"},{"floor":9,"key":"Torii"},{"floor":10,"key":"Dodecahedron"}],"event_choices":[{"damage_healed":0.0,"max_hp_gain":0.0,"max_hp_loss":0.0,"gold_gain":0.0,"event_name":"FaceTrader","player_choice":"Trade","floor":3.0,"gold_loss":0.0,"damage_taken":0.0,"relics_obtained":["FaceOfCleric"]},{"damage_healed":0,"gold_gain":0,"player_choice":"Success","damage_taken":3,"relics_obtained":["Ginger"],"max_hp_gain":0,"max_hp_loss":0,"event_name":"Scrap Ooze","floor":11,"gold_loss":0}],"is_beta":false,"boss_relics":[],"items_purged_floors":[12],"is_endless":false,"potions_floor_spawned":[2,4,10,13],"killed_by":"Hexaghost","ascension_level":14}