{"gold_per_floor":[111,130,143,143,162,162,187,187,211,211,270,289,323,340,340,442,442,460,460,474,474,25,25,39,64,64,64,64,99,99,99,99,198,198,215,9,9,9,22,50,50,300,325,325,336,356,373,16,16,16],"floor_reached":51,"playtime":3344,"items_purged":[],"score":923,"play_id":"93f5372a-9876-49d7-9741-42aa217288a5","local_time":"20180718083939","is_ascension_mode":false,"campfire_choices":[{"data":"Sunder","floor":6,"key":"SMITH"},{"data":"Turbo","floor":8,"key":"SMITH"},{"floor":15,"key":"REST"},{"data":"All For One","floor":23,"key":"SMITH"},{"floor":27,"key":"REST"},{"floor":30,"key":"REST"},{"floor":32,"key":"REST"},{"floor":44,"key":"REST"},{"floor":49,"key":"REST"}],"neow_cost":"NONE","seed_source_timestamp":144718448131970,"circlet_count":0,"master_deck":["Defend_B","Defend_B","Defend_B+1","Defend_B","Zap","Dualcast+1","Auto Shields","Sweeping Beam","Sunder+1","Conserve Battery","Turbo+1","Glacier","FTL","Force Field+1","Loop","All For One+1","Self Repair","Turbo+1","Storm","Bite","Bite","Bite","Bite","Bite","Capacitor","Cold Snap","Reprogram","Defragment+1","Beam Cell+1","Writhe","Chaos+1","Redo","Streamline","Electrodynamics","Clumsy","Pain","Gash","Rip and Tear+1","Core Surge","Doubt","Regret","Capacitor+1","Go for the Eyes+1","Double Energy","FTL+1","Heatsinks","Barrage","Stack","Scrape+1"],"relics":["Cracked Core","Potion Belt","Regal Pillow","Strawberry","Anchor","Lizard Tail","Boot","Dream Catcher","DataDisk","Darkstone Periapt","Thread and Needle","Ancient Tea Set","Calling Bell","War Paint","Cables","Bird Faced Urn","OrangePellets","Oddly Smooth Stone","Juzu Bracelet","Toolbox"],"potions_floor_usage":[11,11,13,13,13,24,25,33,40,46,50,50],"damage_taken":[{"damage":1,"enemies":"Cultist","floor":1,"turns":4},{"damage":2,"enemies":"Small Slimes","floor":2,"turns":4},{"damage":0,"enemies":"2 Louse","floor":3,"turns":2},{"damage":13,"enemies":"Large Slime","floor":5,"turns":6},{"damage":9,"enemies":"3 Sentries","floor":7,"turns":5},{"damage":21,"enemies":"Lagavulin Event","floor":11,"turns":4},{"damage":5,"enemies":"Lots of Slimes","floor":12,"turns":4},{"damage":7,"enemies":"Gremlin Nob","floor":13,"turns":3},{"damage":0,"enemies":"3 Louse","floor":14,"turns":3},{"damage":54,"enemies":"Hexaghost","floor":16,"turns":14},{"damage":5,"enemies":"Spheric Guardian","floor":18,"turns":3},{"damage":6,"enemies":"3 Byrds","floor":20,"turns":7},{"damage":29,"enemies":"Centurion and Healer","floor":24,"turns":10},{"damage":46,"enemies":"Book of Stabbing","floor":25,"turns":7},{"damage":39,"enemies":"Slavers","floor":29,"turns":9},{"damage":40,"enemies":"Collector","floor":33,"turns":11},{"damage":12,"enemies":"3 Darklings","floor":35,"turns":5},{"damage":43,"enemies":"3 Shapes","floor":39,"turns":6},{"damage":157,"enemies":"Giant Head","floor":40,"turns":12},{"damage":73,"enemies":"Maw","floor":45,"turns":9},{"damage":42,"enemies":"Transient","floor":46,"turns":5},{"damage":46,"enemies":"4 Shapes","floor":47,"turns":4},{"damage":84,"enemies":"Time Eater","floor":50,"turns":15}],"seed_played":"-3659121316931784944","potions_obtained":[{"floor":3,"key":"FearPotion"},{"floor":5,"key":"Swift Potion"},{"floor":7,"key":"Regen Potion"},{"floor":11,"key":"Dexterity Potion"},{"floor":12,"key":"Fire Potion"},{"floor":20,"key":"Swift Potion"},{"floor":24,"key":"SteroidPotion"},{"floor":29,"key":"PowerPotion"},{"floor":33,"key":"Ancient Potion"},{"floor":40,"key":"Strength Potion"},{"floor":46,"key":"Dexterity Potion"},{"floor":47,"key":"PowerPotion"}],"is_trial":false,"path_per_floor":["M","M","M","?","M","R","E","R","T","?","?","M","E","M","R","B",null,"M","?","M","?","$","R","M","E","T","R","?","E","R","?","R","B",null,"M","$","?","?","M","E","?","?","T","R","M","M","M","$","R","B"],"character_chosen":"DEFECT","items_purchased":["Boot","Dream Catcher","Capacitor","Cold Snap","Turbo","OrangePellets","Toolbox","Heatsinks","Barrage","Stack"],"campfire_rested":6,"item_purchase_floors":[22,22,22,22,22,36,48,48,48,48],"current_hp_per_floor":[74,72,72,57,44,44,35,35,35,35,32,29,24,26,65,13,82,77,77,80,80,80,80,73,46,46,82,88,66,88,71,93,60,111,111,111,111,111,91,33,117,123,123,123,71,46,15,15,66,19],"gold":16,"neow_bonus":"RANDOM_COMMON_RELIC","is_prod":false,"is_daily":false,"chose_seed":false,"campfire_upgraded":3,"win_rate":0.0,"timestamp":1531917579,"path_taken":["M","?","M","?","?","R","E","R","T","?","?","M","E","M","R","BOSS","M","?","?","?","$","R","M","E","T","R","?","E","R","?","R","BOSS","M","$","?","?","M","E","?","?","T","R","M","M","M","$","R","BOSS"],"build_version":"2018-07-12","purchased_purges":0,"victory":true,"max_hp_per_floor":[75,75,75,75,75,75,75,75,75,75,82,82,82,82,82,82,82,82,82,82,82,82,82,82,82,82,82,88,88,88,93,93,93,111,111,111,111,111,111,111,117,123,123,123,123,123,123,123,123,123],"card_choices":[{"not_picked":["Stack","Doom and Gloom"],"picked":"Auto Shields","floor":1},{"not_picked":["Consume","Leap"],"picked":"Sweeping Beam","floor":2},{"not_picked":["Go for the Eyes","Darkness"],"picked":"Sunder","floor":3},{"not_picked":["Ball Lightning","Skim"],"picked":"Conserve Battery","floor":5},{"not_picked":["Undo","Beam Cell"],"picked":"Turbo","floor":7},{"not_picked":["Hologram","Sweeping Beam"],"picked":"Glacier","floor":11},{"not_picked":["Coolheaded","Force Field"],"picked":"FTL","floor":12},{"not_picked":["Reprogram","Coolheaded"],"picked":"Force Field","floor":13},{"not_picked":["Chaos","Blizzard"],"picked":"Loop","floor":14},{"not_picked":["Amplify","Thunder Strike"],"picked":"All For One","floor":16},{"not_picked":["Sunder+1","BootSequence"],"picked":"Self Repair","floor":18},{"not_picked":["Hologram","Barrage+1"],"picked":"Storm","floor":20},{"not_picked":["Coolheaded","Ball Lightning"],"picked":"Reprogram","floor":24},{"not_picked":["Compile Driver","Chaos"],"picked":"Defragment+1","floor":25},{"not_picked":["Force Field","Conserve Battery"],"picked":"Beam Cell+1","floor":27},{"not_picked":["Cold Snap","Steam"],"picked":"Chaos","floor":29},{"not_picked":["Compile Driver","Coolheaded"],"picked":"Redo","floor":30},{"not_picked":["Blizzard+1","Barrage"],"picked":"Streamline","floor":32},{"not_picked":["Hyperbeam","Machine Learning"],"picked":"Electrodynamics","floor":33},{"not_picked":["Compile Driver","Streamline"],"picked":"Gash","floor":35},{"not_picked":["Coolheaded","Leap+1"],"picked":"Rip and Tear+1","floor":39},{"not_picked":["Turbo","Hologram+1"],"picked":"Core Surge","floor":40},{"not_picked":["Barrage","Cold Snap"],"picked":"Capacitor+1","floor":44},{"not_picked":["Rebound+1","Sweeping Beam"],"picked":"Go for the Eyes+1","floor":45},{"not_picked":["Stack","Capacitor"],"picked":"Double Energy","floor":46},{"not_picked":["Tempest","Hologram"],"picked":"FTL+1","floor":47},{"not_picked":["Rip and Tear+1","Redo"],"picked":"Scrape+1","floor":49}],"player_experience":288755,"relics_obtained":[{"floor":7,"key":"Regal Pillow"},{"floor":9,"key":"Blood Vial"},{"floor":13,"key":"Anchor"},{"floor":25,"key":"DataDisk"},{"floor":26,"key":"Darkstone Periapt"},{"floor":29,"key":"Ancient Tea Set"},{"floor":34,"key":"War Paint"},{"floor":34,"key":"Cables"},{"floor":34,"key":"Bird Faced Urn"},{"floor":40,"key":"Oddly Smooth Stone"},{"floor":43,"key":"Juzu Bracelet"}],"event_choices":[{"event_name":"Shining Light","player_choice":"Entered Light","floor":4,"damage_taken":0},{"event_name":"Living Wall","player_choice":"Grow","floor":10,"damage_taken":0},{"event_name":"Dead Adventurer","player_choice":"Searched \u00273\u0027 times","floor":11,"damage_taken":0},{"event_name":"Duplicator","player_choice":"One dupe","floor":19,"damage_taken":0},{"event_name":"Vampires","player_choice":"Became a vampire (Vial)","floor":21,"damage_taken":0},{"event_name":"The Mausoleum","player_choice":"Yes","floor":28,"damage_taken":0},{"event_name":"Forgotten Altar","player_choice":"Shed Blood","floor":31,"damage_taken":0},{"event_name":"Bonfire Elementals","player_choice":"COMMON","floor":37,"damage_taken":0},{"event_name":"Purifier","player_choice":"One Purge","floor":38,"damage_taken":0},{"event_name":"MindBloom","player_choice":"Heal","floor":41,"damage_taken":0},{"event_name":"Golden Shrine","player_choice":"Desecrate","floor":42,"damage_taken":0}],"boss_relics":[{"not_picked":["Pandora\u0027s Box","Snecko Eye"],"picked":"Lizard Tail"},{"not_picked":["Philosopher\u0027s Stone","Astrolabe"],"picked":"Calling Bell"}],"items_purged_floors":[],"is_endless":false,"potions_floor_spawned":[3,5,7,11,12,20,24,29,33,40,46,47],"ascension_level":0}