{"gold_per_floor":[114,129,61,11,26,56,71,101,101,3,18,18,48,48,48,148,148,163,178,28,128,128,128,143,12,12,27,27,57,57,72,72,172,172,187,5,105,120,135,165,174,224,224,224,239,269,15,15,15,15],"floor_reached":51,"playtime":3976,"items_purged":[],"score":818,"play_id":"d1c1472d-d73c-455c-a73d-e9f6bed9e9f8","local_time":"20190609205042","daily_mods":["Allstar","Colorless Cards","Binary"],"is_ascension_mode":false,"campfire_choices":[{"data":"Panache","floor":12,"key":"SMITH"},{"data":"Storm","floor":15,"key":"SMITH"},{"floor":28,"key":"REST"},{"floor":30,"key":"REST"},{"floor":32,"key":"REST"},{"floor":49,"key":"REST"}],"neow_cost":"","seed_source_timestamp":0,"circlet_count":0,"master_deck":["Strike_B","Strike_B","Strike_B","Defend_B","Defend_B","Defend_B","Zap","Dualcast","Transmutation","Panache+1","Thinking Ahead","Madness","Dramatic Entrance","Enlightenment","BootSequence","Coolheaded","Conserve Battery","Conserve Battery","Go for the Eyes","Hello World","Coolheaded","Storm+1","Rainbow","Parasite","Creative AI","Blind+1","Core Surge+1","Master of Strategy+1","Finesse","Flash of Steel+1","Beam Cell","Sweeping Beam","Discovery","Stack","Ball Lightning","Go for the Eyes+1","Sunder+1","Apotheosis","Hologram+1","Mind Blast","Hello World","Hologram","Conserve Battery+1","Go for the Eyes+1","Dark Shackles+1","Blind+1","Heatsinks","Streamline+1","Mind Blast","Leap","Transmutation"],"special_seed":18056,"relics":["Cracked Core","Question Card","Gremlin Horn","Orichalcum","Ice Cream","Lantern","Astrolabe","Bronze Scales","StoneCalendar","Symbiotic Virus","Pocketwatch","MutagenicStrength","Matryoshka","Mummified Hand","Black Star","Thread and Needle","Bag of Preparation","Potion Belt","Turnip","Omamori","Whetstone","Juzu Bracelet","Vajra","Pear","Ancient Tea Set","Chemical X"],"potions_floor_usage":[6,16,21,21,33,33,41,50],"damage_taken":[{"damage":0,"enemies":"2 Louse","floor":1,"turns":2},{"damage":1,"enemies":"Cultist","floor":2,"turns":4},{"damage":0,"enemies":"Small Slimes","floor":5,"turns":2},{"damage":15,"enemies":"Gremlin Nob","floor":6,"turns":3},{"damage":8,"enemies":"Looter","floor":7,"turns":4},{"damage":8,"enemies":"3 Sentries","floor":8,"turns":5},{"damage":1,"enemies":"Exordium Thugs","floor":11,"turns":3},{"damage":9,"enemies":"Lagavulin","floor":13,"turns":4},{"damage":18,"enemies":"The Guardian","floor":16,"turns":11},{"damage":3,"enemies":"Chosen","floor":18,"turns":4},{"damage":16,"enemies":"2 Thieves","floor":19,"turns":4},{"damage":21,"enemies":"Colosseum Slavers","floor":21,"turns":4},{"damage":15,"enemies":"Colosseum Nobs","floor":21,"turns":3},{"damage":0,"enemies":"Cultist and Chosen","floor":24,"turns":3},{"damage":0,"enemies":"Centurion and Healer","floor":27,"turns":5},{"damage":28,"enemies":"Slavers","floor":29,"turns":4},{"damage":0,"enemies":"Snecko","floor":31,"turns":3},{"damage":38,"enemies":"Automaton","floor":33,"turns":7},{"damage":8,"enemies":"3 Darklings","floor":35,"turns":4},{"damage":1,"enemies":"Mind Bloom Boss Battle","floor":37,"turns":5},{"damage":0,"enemies":"Orb Walker","floor":38,"turns":2},{"damage":8,"enemies":"Maw","floor":39,"turns":6},{"damage":32,"enemies":"Nemesis","floor":40,"turns":5},{"damage":5,"enemies":"2 Orb Walkers","floor":41,"turns":4},{"damage":0,"enemies":"Transient","floor":45,"turns":5},{"damage":16,"enemies":"Reptomancer","floor":46,"turns":5},{"damage":51,"enemies":"Time Eater","floor":50,"turns":7}],"seed_played":"7782654409507782275","potions_obtained":[{"floor":5,"key":"AttackPotion"},{"floor":7,"key":"FairyPotion"},{"floor":8,"key":"SkillPotion"},{"floor":16,"key":"FearPotion"},{"floor":18,"key":"FearPotion"},{"floor":21,"key":"Strength Potion"},{"floor":24,"key":"EssenceOfSteel"},{"floor":29,"key":"Fruit Juice"},{"floor":40,"key":"Fruit Juice"},{"floor":41,"key":"FearPotion"}],"is_trial":false,"path_per_floor":["M","M","?","$","M","E","M","E","T","$","M","R","E","?","R","B",null,"M","M","$","?","T","?","M","$","T","M","R","E","R","M","R","B",null,"M","$","?","M","M","E","?","T","T","?","M","E","$","?","R","B",null],"character_chosen":"DEFECT","items_purchased":["Coolheaded","Hello World","Coolheaded","Bronze Scales","Discovery","Stack","Mind Blast","Hello World","Hologram","Chemical X","Leap"],"campfire_rested":4,"item_purchase_floors":[4,10,10,20,25,25,36,36,36,47,47],"current_hp_per_floor":[75,74,74,74,74,59,51,43,43,43,42,42,33,51,51,33,75,72,56,56,20,20,20,20,20,20,20,42,14,36,36,58,25,80,72,72,71,71,63,31,31,31,31,31,31,25,25,25,53,2],"gold":15,"neow_bonus":"","is_prod":false,"is_daily":true,"chose_seed":false,"campfire_upgraded":2,"win_rate":0,"timestamp":1560127842,"path_taken":["M","M","?","?","M","E","M","E","T","$","M","R","E","?","R","BOSS","M","M","$","?","?","?","M","?","T","M","R","E","R","M","R","BOSS","M","$","?","M","M","E","?","?","T","?","M","E","$","?","R","BOSS"],"build_version":"2019-01-23","purchased_purges":0,"victory":true,"max_hp_per_floor":[75,75,75,75,75,75,75,75,75,75,75,75,75,75,75,75,75,75,75,75,75,75,75,75,75,75,75,75,75,75,75,75,80,80,80,80,80,80,80,80,85,85,85,85,85,95,95,95,95,95],"card_choices":[{"not_picked":["Lockon"],"picked":"Enlightenment","floor":1},{"not_picked":["Rebound"],"picked":"BootSequence","floor":2},{"not_picked":["Stack","Impatience"],"picked":"Conserve Battery","floor":5},{"not_picked":["Coolheaded","Barrage"],"picked":"Panacea","floor":6},{"not_picked":["Rebound","Steam"],"picked":"Conserve Battery","floor":7},{"not_picked":["Steam","Barrage"],"picked":"Go for the Eyes","floor":8},{"not_picked":["Steam","Blind"],"picked":"Storm","floor":11},{"not_picked":["BootSequence","Trip"],"picked":"Rainbow","floor":13},{"not_picked":["Thinking Ahead","Electrodynamics"],"picked":"Creative AI","floor":16},{"not_picked":["Beam Cell","Sweeping Beam"],"picked":"Finesse","floor":18},{"not_picked":["Ball Lightning","Redo"],"picked":"Flash of Steel+1","floor":19},{"not_picked":["Undo+1","Rebound"],"picked":"Beam Cell","floor":21},{"not_picked":["Leap","Cold Snap"],"picked":"Sweeping Beam","floor":24},{"not_picked":["Rebound","HandOfGreed"],"picked":"Ball Lightning","floor":27},{"not_picked":["Swift Strike","Sweeping Beam+1"],"picked":"Go for the Eyes","floor":29},{"not_picked":["Dramatic Entrance","Cold Snap+1"],"picked":"Sunder+1","floor":31},{"not_picked":["Multi-Cast","Secret Weapon"],"picked":"Apotheosis","floor":33},{"not_picked":["Go for the Eyes+1","Storm"],"picked":"Hologram+1","floor":35},{"not_picked":["Sweeping Beam+1","Leap"],"picked":"Conserve Battery+1","floor":37},{"not_picked":["Conserve Battery","Hologram"],"picked":"Go for the Eyes","floor":38},{"not_picked":["Compile Driver+1","Cold Snap"],"picked":"Dark Shackles+1","floor":39},{"not_picked":["Multi-Cast","Conserve Battery"],"picked":"Blind+1","floor":40},{"not_picked":["Ball Lightning+1","Gash"],"picked":"Heatsinks","floor":41},{"not_picked":["Coolheaded+1","Barrage"],"picked":"Streamline+1","floor":45},{"not_picked":["Biased Cognition","Redo"],"picked":"Mind Blast","floor":46},{"not_picked":["Finesse","Forethought"],"picked":"Transmutation","floor":48}],"player_experience":745794,"relics_obtained":[{"floor":6,"key":"Gremlin Horn"},{"floor":8,"key":"Orichalcum"},{"floor":9,"key":"Ice Cream"},{"floor":13,"key":"Lantern"},{"floor":21,"key":"StoneCalendar"},{"floor":21,"key":"Symbiotic Virus"},{"floor":22,"key":"Pocketwatch"},{"floor":26,"key":"Matryoshka"},{"floor":29,"key":"Mummified Hand"},{"floor":37,"key":"Thread and Needle"},{"floor":40,"key":"Bag of Preparation"},{"floor":40,"key":"Potion Belt"},{"floor":41,"key":"Turnip"},{"floor":42,"key":"Omamori"},{"floor":42,"key":"Whetstone"},{"floor":43,"key":"Juzu Bracelet"},{"floor":43,"key":"Vajra"},{"floor":46,"key":"Pear"},{"floor":46,"key":"Ancient Tea Set"}],"event_choices":[{"damage_healed":0,"gold_gain":0,"player_choice":"Paid Gold","damage_taken":0,"relics_obtained":["Question Card"],"max_hp_gain":0,"max_hp_loss":0,"event_name":"WeMeetAgain","floor":3,"gold_loss":68},{"damage_healed":18,"gold_gain":0,"player_choice":"Healed and dodged fight","damage_taken":0,"max_hp_gain":0,"max_hp_loss":0,"event_name":"Mushrooms","floor":14,"gold_loss":0,"cards_obtained":["Parasite"]},{"damage_healed":0,"gold_gain":0,"player_choice":"Fight","damage_taken":0,"max_hp_gain":0,"max_hp_loss":0,"event_name":"Colosseum","floor":21,"gold_loss":0},{"damage_healed":0,"gold_gain":0,"player_choice":"Fought Nobs","damage_taken":0,"max_hp_gain":0,"max_hp_loss":0,"event_name":"Colosseum","floor":21,"gold_loss":0},{"damage_healed":0,"gold_gain":0,"player_choice":"Inject Mutagens","damage_taken":0,"relics_obtained":["MutagenicStrength"],"max_hp_gain":0,"max_hp_loss":0,"event_name":"Drug Dealer","floor":23,"gold_loss":0},{"damage_healed":0,"gold_gain":0,"player_choice":"Fight","damage_taken":0,"max_hp_gain":0,"max_hp_loss":0,"event_name":"MindBloom","floor":37,"gold_loss":0},{"damage_healed":0,"gold_gain":0,"player_choice":"Fight","damage_taken":0,"max_hp_gain":0,"max_hp_loss":0,"event_name":"Mysterious Sphere","floor":41,"gold_loss":0},{"damage_healed":0,"gold_gain":0,"player_choice":"Ignored","damage_taken":0,"max_hp_gain":0,"max_hp_loss":0,"event_name":"Tomb of Lord Red Mask","floor":44,"gold_loss":0},{"damage_healed":0,"gold_gain":0,"player_choice":"Memory 1","damage_taken":0,"max_hp_gain":0,"max_hp_loss":0,"event_name":"SensoryStone","floor":48,"gold_loss":0}],"is_beta":false,"boss_relics":[{"not_picked":["Ectoplasm","Velvet Choker"],"picked":"Astrolabe"},{"not_picked":["Snecko Eye","Orrery"],"picked":"Black Star"}],"items_purged_floors":[],"is_endless":false,"potions_floor_spawned":[5,7,8,16,18,21,24,29,40,41],"ascension_level":0}