{"gold_per_floor":[119,119,269,282,128,161,179,192,192,202,70,70,103,114,114,193,193,204,254,267,26,43,43,60,60],"floor_reached":25,"playtime":755,"items_purged":["Doubt","Strike_R"],"score":430,"play_id":"aef52bcb-548d-4ef2-8174-e69387826213","local_time":"20190917114158","is_ascension_mode":true,"campfire_choices":[{"data":"Bludgeon","floor":12.0,"key":"SMITH"},{"floor":15.0,"key":"REST"},{"data":"Disarm","floor":23,"key":"SMITH"}],"neow_cost":"NONE","seed_source_timestamp":40898881695600,"circlet_count":0,"master_deck":["AscendersBane","Strike_R","Defend_R","Defend_R","Defend_R","Defend_R","Bash+1","Battle Trance","Inflame","Anger","Shrug It Off","Bludgeon+1","Metallicize","Feel No Pain","Battle Trance","Headbutt","Feel No Pain","Immolate","Body Slam+1","Barricade+1","Intimidate+1","Headbutt","Body Slam","Disarm+1","True Grit","Power Through"],"special_seed":0,"relics":["Burning Blood","Self Forming Clay","Paper Frog","Kunai","Strawberry","Astrolabe"],"potions_floor_usage":[16,20,25],"damage_taken":[{"damage":4.0,"enemies":"Jaw Worm","floor":1.0,"turns":4.0},{"damage":8.0,"enemies":"2 Louse","floor":4.0,"turns":4.0},{"damage":29.0,"enemies":"Gremlin Nob","floor":6.0,"turns":4.0},{"damage":0.0,"enemies":"Small Slimes","floor":7.0,"turns":2.0},{"damage":18.0,"enemies":"Exordium Thugs","floor":8.0,"turns":6.0},{"damage":1.0,"enemies":"Looter","floor":10.0,"turns":3.0},{"damage":17.0,"enemies":"Lagavulin","floor":13.0,"turns":5.0},{"damage":4.0,"enemies":"Large Slime","floor":14.0,"turns":5.0},{"damage":27,"enemies":"Slime Boss","floor":16,"turns":6},{"damage":3,"enemies":"Chosen","floor":18,"turns":6},{"damage":18,"enemies":"3 Byrds","floor":20,"turns":4},{"damage":15,"enemies":"Snake Plant","floor":22,"turns":5},{"damage":33,"enemies":"3 Cultists","floor":24,"turns":5},{"damage":12,"enemies":"Book of Stabbing","floor":25,"turns":4}],"seed_played":"-2815596739762207074","potions_obtained":[{"floor":7.0,"key":"Block Potion"},{"floor":8.0,"key":"Poison Potion"},{"floor":13.0,"key":"GamblersBrew"},{"floor":16,"key":"PowerPotion"}],"is_trial":false,"path_per_floor":["M","?","?","M","$","E","M","M","T","M","$","R","E","M","R","B",null,"M","?","M","$","M","R","M","E"],"character_chosen":"IRONCLAD","items_purchased":["Anger","Shrug It Off","Feel No Pain","Battle Trance","Disarm","True Grit"],"campfire_rested":1,"item_purchase_floors":[5,5,11,11,21,21],"current_hp_per_floor":[70,65,65,63,63,40,46,34,34,39,39,39,35,37,61,40,72,75,75,63,63,54,54,27,15],"gold":60,"neow_bonus":"UPGRADE_CARD","is_prod":false,"is_daily":false,"chose_seed":false,"campfire_upgraded":2,"win_rate":0,"timestamp":1568745718,"path_taken":["M","?","?","M","$","E","M","M","T","M","?","R","E","M","R","BOSS","M","?","M","$","M","R","M","E"],"build_version":"2019-07-17","purchased_purges":2,"victory":false,"max_hp_per_floor":[75,75,75,75,75,75,75,75,75,75,75,75,82,82,82,82,82,82,82,82,82,82,82,82,82],"card_choices":[{"not_picked":["Shrug It Off","Fire Breathing"],"picked":"Battle Trance","floor":1.0},{"not_picked":["Warcry","Sever Soul"],"picked":"Inflame","floor":4.0},{"not_picked":["Double Tap","Thunderclap"],"picked":"Bludgeon","floor":6.0},{"not_picked":["Cleave","Flex","Inflame"],"picked":"SKIP","floor":7.0},{"not_picked":["Sword Boomerang","Body Slam","Cleave"],"picked":"SKIP","floor":8.0},{"not_picked":["Sword Boomerang","Flame Barrier"],"picked":"Metallicize","floor":10.0},{"not_picked":["Intimidate","Warcry"],"picked":"Headbutt","floor":13.0},{"not_picked":["Wild Strike","Twin Strike"],"picked":"Feel No Pain","floor":14.0},{"not_picked":["Reaper","Limit Break"],"picked":"Immolate","floor":16},{"not_picked":["Flex","Combust","Headbutt"],"picked":"SKIP","floor":18},{"not_picked":["Flex","Combust"],"picked":"Headbutt","floor":18},{"not_picked":["Twin Strike","Inflame+1"],"picked":"Body Slam","floor":20},{"not_picked":["Iron Wave","Pummel"],"picked":"Power Through","floor":22},{"not_picked":["Pommel Strike","Clothesline","Clash"],"picked":"SKIP","floor":24}],"player_experience":812512,"relics_obtained":[{"floor":6.0,"key":"Paper Frog"},{"floor":9.0,"key":"Kunai"},{"floor":13.0,"key":"Strawberry"}],"event_choices":[{"damage_healed":0.0,"max_hp_gain":0.0,"max_hp_loss":0.0,"gold_gain":0.0,"event_name":"Scrap Ooze","player_choice":"Success","floor":2.0,"gold_loss":0.0,"damage_taken":5.0,"relics_obtained":["Self Forming Clay"]},{"damage_healed":0.0,"max_hp_gain":0.0,"max_hp_loss":0.0,"gold_gain":150.0,"event_name":"Liars Game","player_choice":"AGREE","floor":3.0,"gold_loss":0.0,"damage_taken":0.0,"cards_obtained":["Doubt"]},{"damage_healed":0,"gold_gain":50,"player_choice":"Stole From Cult","damage_taken":0,"max_hp_gain":0,"max_hp_loss":0,"event_name":"Nest","floor":19,"gold_loss":0}],"is_beta":false,"boss_relics":[{"not_picked":["Calling Bell","Busted Crown"],"picked":"Astrolabe"}],"items_purged_floors":[5,21],"is_endless":false,"potions_floor_spawned":[7,8,13,16,18],"killed_by":"Book of Stabbing","ascension_level":20}