{"gold_per_floor":[117,42,57,57,57,57,82,82,82,82,98,130,130,145,145,222,222,233,233,15,27,27,27,46,79,79,11,11,11],"floor_reached":29,"playtime":903,"items_purged":[],"score":598,"play_id":"2bae903b-5490-48fa-b6fe-5a88a592561c","local_time":"20190917011036","is_ascension_mode":true,"campfire_choices":[{"floor":6,"key":"REST"},{"floor":8,"key":"REST"},{"data":"Ghostly Armor","floor":10,"key":"SMITH"},{"floor":13,"key":"REST"},{"floor":15,"key":"REST"},{"floor":23,"key":"REST"},{"floor":28,"key":"REST"}],"neow_cost":"NONE","seed_source_timestamp":2920645896900,"circlet_count":0,"master_deck":["AscendersBane","Strike_R+1","Strike_R","Strike_R+1","Strike_R","Defend_R","Defend_R","Defend_R","Defend_R","Bash+1","Body Slam+1","Ghostly Armor+1","Ghostly Armor","Anger+1","Barricade","Headbutt","Impervious","Shrug It Off","Shrug It Off","Disarm"],"relics":["Burning Blood","Omamori","Happy Flower","The Courier","Whetstone","White Beast Statue","Frozen Egg 2","Centennial Puzzle","Blood Vial","Lantern"],"potions_floor_usage":[12,16,16,24,24,24,25,29],"damage_taken":[{"damage":0,"enemies":"2 Louse","floor":1,"turns":3},{"damage":16,"enemies":"Jaw Worm","floor":3,"turns":6},{"damage":59,"enemies":"Lagavulin","floor":7,"turns":9},{"damage":0,"enemies":"Small Slimes","floor":11,"turns":3},{"damage":30,"enemies":"Gremlin Nob","floor":12,"turns":5},{"damage":10,"enemies":"Gremlin Gang","floor":14,"turns":5},{"damage":0,"enemies":"Slime Boss","floor":16,"turns":15},{"damage":25,"enemies":"Spheric Guardian","floor":18,"turns":8},{"damage":34,"enemies":"Shell Parasite","floor":21,"turns":8},{"damage":11,"enemies":"Centurion and Healer","floor":24,"turns":7},{"damage":39,"enemies":"Gremlin Leader","floor":25,"turns":11},{"damage":65,"enemies":"Slavers","floor":29,"turns":4}],"seed_played":"7045877752025042752","potions_obtained":[{"floor":7,"key":"Dexterity Potion"},{"floor":11,"key":"Weak Potion"},{"floor":12,"key":"SkillPotion"},{"floor":18,"key":"SteroidPotion"},{"floor":21,"key":"EntropicBrew"},{"floor":24,"key":"SteroidPotion"},{"floor":25,"key":"Strength Potion"}],"is_trial":false,"path_per_floor":["M","?","M","?","?","R","E","R","T","R","M","E","R","M","R","B",null,"M","?","$","M","?","R","M","E","T","$","R","E"],"character_chosen":"IRONCLAD","items_purchased":["Frozen Egg 2","Regen Potion"],"campfire_rested":6,"item_purchase_floors":[20,27],"current_hp_per_floor":[74,74,64,41,41,63,10,32,32,32,38,14,36,32,54,60,71,52,52,52,24,24,46,41,8,8,8,30,0],"gold":11,"neow_bonus":"RANDOM_COMMON_RELIC","is_prod":false,"is_daily":false,"chose_seed":false,"campfire_upgraded":1,"win_rate":0,"timestamp":1568707836,"path_taken":["M","?","M","?","?","R","E","R","T","R","M","E","R","?","R","BOSS","M","?","$","M","?","R","M","E","T","$","R","E"],"build_version":"2019-07-17","purchased_purges":0,"victory":false,"max_hp_per_floor":[75,75,75,75,75,75,75,75,75,75,75,75,75,75,75,75,75,75,75,75,75,75,75,75,75,75,75,75,75],"card_choices":[{"not_picked":["True Grit","Sever Soul"],"picked":"Body Slam","floor":1},{"not_picked":["Heavy Blade","Cleave"],"picked":"Ghostly Armor","floor":3},{"not_picked":["Sword Boomerang","Corruption"],"picked":"Ghostly Armor","floor":7},{"not_picked":["Havoc","Spot Weakness"],"picked":"Anger","floor":11},{"not_picked":["Inflame","Infernal Blade"],"picked":"Barricade","floor":12},{"not_picked":["Clash","Wild Strike"],"picked":"Headbutt","floor":14},{"not_picked":["Fiend Fire","Brutality"],"picked":"Impervious","floor":16},{"not_picked":["Havoc","Clash","Sever Soul"],"picked":"SKIP","floor":18},{"not_picked":["Heavy Blade","Evolve+1"],"picked":"Shrug It Off","floor":21},{"not_picked":["Headbutt","Clothesline"],"picked":"Shrug It Off","floor":24},{"not_picked":["Second Wind","Fiend Fire"],"picked":"Disarm","floor":25}],"player_experience":801430,"relics_obtained":[{"floor":7,"key":"Happy Flower"},{"floor":9,"key":"The Courier"},{"floor":12,"key":"Whetstone"},{"floor":25,"key":"Blood Vial"},{"floor":26,"key":"Lantern"}],"event_choices":[{"cards_removed":["Strike_R"],"damage_healed":0,"gold_gain":0,"player_choice":"Card Removal","damage_taken":0,"max_hp_gain":0,"max_hp_loss":0,"event_name":"The Cleric","floor":2,"gold_loss":75},{"damage_healed":0,"gold_gain":0,"player_choice":"Entered Light","damage_taken":23,"max_hp_gain":0,"max_hp_loss":0,"event_name":"Shining Light","floor":4,"gold_loss":0,"cards_upgraded":["Strike_R","Body Slam"]},{"damage_healed":0,"gold_gain":0,"player_choice":"Upgraded","damage_taken":0,"max_hp_gain":0,"max_hp_loss":0,"event_name":"Upgrade Shrine","floor":5,"gold_loss":0,"cards_upgraded":["Bash"]},{"damage_healed":0,"gold_gain":0,"player_choice":"Ignored","damage_taken":0,"max_hp_gain":0,"max_hp_loss":0,"event_name":"Vampires","floor":19,"gold_loss":0},{"damage_healed":0,"gold_gain":0,"player_choice":"Opened","damage_taken":0,"relics_obtained":["Centennial Puzzle"],"max_hp_gain":0,"max_hp_loss":0,"event_name":"The Mausoleum","floor":22,"gold_loss":0,"cards_obtained":["Writhe"]}],"is_beta":false,"boss_relics":[{"not_picked":["Coffee Dripper","Runic Cube"],"picked":"White Beast Statue"}],"items_purged_floors":[],"is_endless":false,"potions_floor_spawned":[7,11,12,14,18,21,24,25],"killed_by":"Slavers","ascension_level":20}