{"gold_per_floor":[114,114,5,5,20,50,80,80,80,80,9,9,24,54,54,154,154,169,169,177,192,1,1,31,31,31,130,32,47,77,92,92,192,192,207,207,222,252,2,32,62,62,137,167,181,21,51,81,81,81],"floor_reached":51,"playtime":4877,"items_purged":[],"score":1098,"play_id":"c4721393-a516-44a2-b5f3-0ac359b5cf62","local_time":"20190511221926","daily_mods":["Specialized","Flight","DeadlyEvents"],"is_ascension_mode":false,"campfire_choices":[{"floor":8,"key":"REST"},{"floor":10,"key":"REST"},{"floor":15,"key":"REST"},{"floor":23,"key":"REST"},{"floor":25,"key":"REST"},{"floor":32,"key":"REST"},{"data":"Infinite Blades","floor":49,"key":"SMITH"}],"neow_cost":"","seed_source_timestamp":0,"circlet_count":0,"master_deck":["Defend_G","Defend_G","Defend_G","Defend_G","Strike_G","Strike_G","Strike_G","Strike_G","Strike_G","Survivor","Neutralize","Accuracy","Accuracy","Accuracy","Accuracy","Prepared","Tools of the Trade","Swift Strike","Quick Slash","Poisoned Stab","Blade Dance","Dagger Spray","Infinite Blades","Reflex","Infinite Blades+1","After Image","Cloak And Dagger","Accuracy+1","Deflect","Escape Plan","Setup+1","Tactician","Bane","Infinite Blades","Riddle With Holes+1","Crippling Poison","After Image","Blade Dance+1","Concentrate+1","Backstab+1","Slice","Deflect+1","Noxious Fumes+1","Cloak And Dagger+1","Noxious Fumes","Reflex+1"],"special_seed":18028,"relics":["Ring of the Serpent","Mummified Hand","Dead Branch","Bag of Marbles","Pocketwatch","Bag of Preparation","Thread and Needle","Red Mask","Boot","Tough Bandages","Ninja Scroll","Blue Candle","WristBlade","Tingsha","Gremlin Horn","Gambling Chip","Toxic Egg 2","The Courier","Question Card","Shuriken","Mango","Sling","Art of War","Kunai"],"potions_floor_usage":[7,16,16,20,24,30,50,50],"damage_taken":[{"damage":9,"enemies":"2 Louse","floor":1,"turns":3},{"damage":0,"enemies":"Jaw Worm","floor":5,"turns":4},{"damage":20,"enemies":"Lagavulin","floor":6,"turns":8},{"damage":28,"enemies":"Gremlin Nob","floor":7,"turns":4},{"damage":0,"enemies":"Cultist","floor":13,"turns":2},{"damage":17,"enemies":"3 Sentries","floor":14,"turns":4},{"damage":44,"enemies":"The Guardian","floor":16,"turns":8},{"damage":25,"enemies":"2 Thieves","floor":18,"turns":3},{"damage":11,"enemies":"Masked Bandits","floor":20,"turns":4},{"damage":4,"enemies":"Spheric Guardian","floor":21,"turns":4},{"damage":41,"enemies":"Slavers","floor":24,"turns":6},{"damage":4,"enemies":"Centurion and Healer","floor":29,"turns":5},{"damage":0,"enemies":"Gremlin Leader","floor":30,"turns":4},{"damage":19,"enemies":"Snake Plant","floor":31,"turns":3},{"damage":1,"enemies":"Champ","floor":33,"turns":7},{"damage":11,"enemies":"3 Shapes","floor":35,"turns":2},{"damage":0,"enemies":"3 Darklings","floor":37,"turns":2},{"damage":0,"enemies":"Reptomancer","floor":38,"turns":4},{"damage":0,"enemies":"Nemesis","floor":40,"turns":1},{"damage":0,"enemies":"Reptomancer","floor":41,"turns":4},{"damage":0,"enemies":"Giant Head","floor":44,"turns":3},{"damage":0,"enemies":"2 Orb Walkers","floor":45,"turns":3},{"damage":0,"enemies":"Nemesis","floor":47,"turns":3},{"damage":0,"enemies":"Giant Head","floor":48,"turns":3},{"damage":36,"enemies":"Awakened One","floor":50,"turns":5}],"seed_played":"-3356535960329970887","potions_obtained":[{"floor":6,"key":"Explosive Potion"},{"floor":13,"key":"Fire Potion"},{"floor":14,"key":"Regen Potion"},{"floor":18,"key":"Weak Potion"},{"floor":21,"key":"Regen Potion"},{"floor":29,"key":"GhostInAJar"},{"floor":40,"key":"Energy Potion"},{"floor":48,"key":"Strength Potion"}],"is_trial":false,"path_per_floor":["M","?","$","?","M","E","E","R","T","R","$","?","M","E","R","B",null,"M","?","?","M","$","R","E","R","T","?","$","M","E","M","R","B",null,"M","?","M","E","$","E","E","T","T","E","?","$","E","E","R","B",null],"character_chosen":"THE_SILENT","items_purchased":["Swift Strike","Quick Slash","Infinite Blades","Boot","Escape Plan","Tactician","Bane","Gremlin Horn","Sling"],"campfire_rested":6,"item_purchase_floors":[3,3,11,22,22,28,28,39,46],"current_hp_per_floor":[61,61,61,61,61,41,13,34,34,55,55,55,55,38,59,30,70,45,45,34,30,30,51,22,43,43,43,43,39,39,20,41,40,70,59,59,59,59,59,59,59,59,59,59,73,73,73,73,73,37],"gold":81,"neow_bonus":"","is_prod":false,"is_daily":true,"chose_seed":false,"campfire_upgraded":1,"win_rate":0,"timestamp":1557627566,"path_taken":["M","?","$","?","M","E","?","R","T","R","$","?","M","?","R","BOSS","M","?","?","M","$","R","?","R","T","?","$","?","?","M","R","BOSS","M","?","M","?","$","E","E","?","T","?","?","$","?","E","R","BOSS"],"build_version":"2019-01-23","purchased_purges":0,"victory":true,"max_hp_per_floor":[70,70,70,70,70,70,70,70,70,70,70,70,70,70,70,70,70,70,70,70,70,70,70,70,70,70,70,70,70,70,70,70,70,70,70,70,70,70,70,70,70,70,70,70,84,84,84,84,84,84],"card_choices":[{"not_picked":["PiercingWail","Sucker Punch"],"picked":"Prepared","floor":1},{"not_picked":["Sucker Punch","Predator"],"picked":"Poisoned Stab","floor":5},{"not_picked":["Deflect","PiercingWail"],"picked":"Blade Dance","floor":6},{"not_picked":["All Out Attack","Tools of the Trade"],"picked":"Dagger Spray","floor":7},{"not_picked":["Dagger Throw","Eviscerate"],"picked":"Reflex","floor":13},{"not_picked":["Footwork","Slice"],"picked":"Infinite Blades","floor":14},{"not_picked":["Phantasmal Killer","Night Terror"],"picked":"After Image","floor":16},{"not_picked":["Escape Plan","Footwork"],"picked":"Cloak And Dagger","floor":18},{"not_picked":["Cloak And Dagger","Heel Hook"],"picked":"Accuracy+1","floor":20},{"not_picked":["All Out Attack","Flying Knee"],"picked":"Deflect","floor":21},{"not_picked":["Quick Slash","Sucker Punch"],"picked":"Setup+1","floor":24},{"not_picked":["Dagger Throw","Deflect"],"picked":"Infinite Blades","floor":29},{"not_picked":["Dodge and Roll","Sucker Punch"],"picked":"Riddle With Holes+1","floor":30},{"not_picked":["Bane","Dagger Spray"],"picked":"Crippling Poison","floor":31},{"not_picked":["Malaise","Unload"],"picked":"After Image","floor":33},{"not_picked":["Footwork","Dodge and Roll"],"picked":"Blade Dance+1","floor":35},{"not_picked":["Deflect","Cloak And Dagger+1"],"picked":"Concentrate+1","floor":37},{"not_picked":["Escape Plan+1","Expertise+1"],"picked":"Backstab+1","floor":38},{"not_picked":["Prepared+1","Underhanded Strike"],"picked":"Slice","floor":40},{"not_picked":["Crippling Poison+1","Concentrate"],"picked":"Deflect","floor":41},{"not_picked":["Bouncing Flask+1","Expertise+1","Poisoned Stab"],"picked":"Noxious Fumes+1","floor":44},{"not_picked":["Prepared+1","Flying Knee+1","Bane"],"picked":"Cloak And Dagger+1","floor":45},{"not_picked":["Escape Plan+1","Bane+1","Dagger Spray"],"picked":"Noxious Fumes","floor":47},{"not_picked":["Flying Knee+1","Distraction+1","Venomology+1"],"picked":"Reflex+1","floor":48}],"player_experience":656411,"relics_obtained":[{"floor":6,"key":"Dead Branch"},{"floor":7,"key":"Bag of Marbles"},{"floor":9,"key":"Pocketwatch"},{"floor":14,"key":"Bag of Preparation"},{"floor":20,"key":"Red Mask"},{"floor":24,"key":"Tough Bandages"},{"floor":26,"key":"Ninja Scroll"},{"floor":30,"key":"Blue Candle"},{"floor":38,"key":"Tingsha"},{"floor":40,"key":"Gambling Chip"},{"floor":41,"key":"Toxic Egg 2"},{"floor":42,"key":"The Courier"},{"floor":43,"key":"Question Card"},{"floor":44,"key":"Shuriken"},{"floor":45,"key":"Mango"},{"floor":47,"key":"Art of War"},{"floor":48,"key":"Kunai"}],"event_choices":[{"damage_healed":0,"gold_gain":0,"cards_transformed":["Defend_G"],"player_choice":"Change","damage_taken":0,"max_hp_gain":0,"max_hp_loss":0,"event_name":"Living Wall","floor":2,"gold_loss":0,"cards_obtained":["Tools of the Trade"]},{"cards_removed":["Accuracy"],"damage_healed":0,"gold_gain":0,"player_choice":"Gave Card","damage_taken":0,"relics_obtained":["Mummified Hand"],"max_hp_gain":0,"max_hp_loss":0,"event_name":"WeMeetAgain","floor":4,"gold_loss":0},{"damage_healed":0,"gold_gain":0,"player_choice":"Ignored","damage_taken":0,"max_hp_gain":0,"max_hp_loss":0,"event_name":"Purifier","floor":12,"gold_loss":0},{"damage_healed":0,"gold_gain":0,"player_choice":"Opened","damage_taken":0,"relics_obtained":["Thread and Needle"],"max_hp_gain":0,"max_hp_loss":0,"event_name":"The Mausoleum","floor":19,"gold_loss":0},{"damage_healed":0,"gold_gain":0,"player_choice":"Fought Bandits","damage_taken":0,"max_hp_gain":0,"max_hp_loss":0,"event_name":"Masked Bandits","floor":20,"gold_loss":0},{"damage_healed":0,"gold_gain":99,"player_choice":"Stole From Cult","damage_taken":0,"max_hp_gain":0,"max_hp_loss":0,"event_name":"Nest","floor":27,"gold_loss":0},{"damage_healed":0,"gold_gain":0,"player_choice":"Bought 0 Potions","damage_taken":0,"max_hp_gain":0,"max_hp_loss":0,"event_name":"The Woman in Blue","floor":36,"gold_loss":0},{"damage_healed":0,"gold_gain":0,"player_choice":"Fight","damage_taken":0,"max_hp_gain":0,"max_hp_loss":0,"event_name":"Mysterious Sphere","floor":45,"gold_loss":0}],"is_beta":false,"boss_relics":[{"not_picked":["Snecko Eye","Ectoplasm"],"picked":"Ring of the Serpent"},{"not_picked":["Orrery","Fusion Hammer"],"picked":"WristBlade"}],"items_purged_floors":[],"is_endless":false,"potions_floor_spawned":[6,13,14,18,21,29,40,48],"ascension_level":0}