{"gold_per_floor":[114,129,144,144,159,159,189,189,214,214,40,55,70,85,85,185,185,200,215,42,57,72,72],"floor_reached":23,"playtime":1611,"items_purged":[],"score":197,"play_id":"a918e7e5-ecc7-4f74-9b4c-58b12eb56406","local_time":"20190513211345","daily_mods":["Chimera","Uncertain Future","Lethality"],"is_ascension_mode":false,"campfire_choices":[{"data":"Zap","floor":6,"key":"SMITH"},{"data":"Armaments","floor":8,"key":"SMITH"},{"data":"Pommel Strike","floor":15,"key":"SMITH"}],"neow_cost":"","seed_source_timestamp":0,"circlet_count":0,"master_deck":["Bash+1","Survivor","Zap+1","Strike_R","Strike_G","Strike_B","Defend_R","Defend_G","Defend_B","Sword Boomerang","Disarm","Thunderclap+1","Regret","Feel No Pain","Armaments+1","Havoc","Warcry","Pommel Strike+1","Wild Strike","Impervious","Armaments","Combust+1","Twin Strike","Thunderclap+1","Uppercut"],"special_seed":18030,"relics":["Burning Blood","Blue Candle","Unceasing Top","Strawberry","Bottled Lightning","Whetstone","Busted Crown","Orichalcum"],"potions_floor_usage":[2,12,14,16,18,22,22],"damage_taken":[{"damage":9,"enemies":"Cultist","floor":1,"turns":3},{"damage":0,"enemies":"2 Louse","floor":2,"turns":1},{"damage":1,"enemies":"Jaw Worm","floor":3,"turns":3},{"damage":12,"enemies":"Large Slime","floor":5,"turns":5},{"damage":36,"enemies":"Lagavulin","floor":7,"turns":4},{"damage":4,"enemies":"Looter","floor":12,"turns":3},{"damage":0,"enemies":"Exordium Wildlife","floor":13,"turns":1},{"damage":9,"enemies":"2 Fungi Beasts","floor":14,"turns":2},{"damage":57,"enemies":"The Guardian","floor":16,"turns":11},{"damage":0,"enemies":"Chosen","floor":18,"turns":4},{"damage":9,"enemies":"Spheric Guardian","floor":19,"turns":3},{"damage":25,"enemies":"Snecko","floor":21,"turns":6},{"damage":37,"enemies":"Snake Plant","floor":22,"turns":5},{"damage":34,"enemies":"Gremlin Leader","floor":23,"turns":4}],"seed_played":"7474928015794905263","potions_obtained":[{"floor":1,"key":"Poison Potion"},{"floor":7,"key":"Regen Potion"},{"floor":12,"key":"Energy Potion"},{"floor":13,"key":"FearPotion"},{"floor":16,"key":"GamblersBrew"},{"floor":18,"key":"EssenceOfSteel"},{"floor":21,"key":"Energy Potion"}],"is_trial":false,"path_per_floor":["M","M","M","?","M","R","E","R","T","T","$","M","M","M","R","B",null,"M","M","$","M","M","E"],"character_chosen":"IRONCLAD","items_purchased":["Whetstone","Havoc","Orichalcum","Twin Strike"],"campfire_rested":0,"item_purchase_floors":[11,11,20,20],"current_hp_per_floor":[77,80,80,80,74,74,44,44,51,51,51,58,64,61,61,10,87,87,84,84,65,34,0],"gold":72,"neow_bonus":"","is_prod":false,"is_daily":true,"chose_seed":false,"campfire_upgraded":3,"win_rate":0,"timestamp":1557796425,"path_taken":["M","?","M","?","M","R","E","R","T","?","$","M","M","M","R","BOSS","M","M","$","M","M","E"],"build_version":"2019-01-23","purchased_purges":0,"victory":false,"max_hp_per_floor":[80,80,80,80,80,80,80,80,87,87,87,87,87,87,87,87,87,87,87,87,87,87,87],"card_choices":[{"not_picked":["Second Wind","Clash"],"picked":"Sword Boomerang","floor":1},{"not_picked":["Anger","Armaments"],"picked":"Disarm","floor":2},{"not_picked":["Inflame","Clothesline"],"picked":"Thunderclap","floor":3},{"not_picked":["Body Slam","Bloodletting"],"picked":"Feel No Pain","floor":5},{"not_picked":["Sword Boomerang","Wild Strike"],"picked":"Armaments","floor":7},{"not_picked":["Perfected Strike","Ghostly Armor"],"picked":"Warcry","floor":12},{"not_picked":["Clothesline","Disarm"],"picked":"Pommel Strike","floor":13},{"not_picked":["Sentinel","Thunderclap"],"picked":"Wild Strike","floor":14},{"not_picked":["Limit Break","Dark Embrace"],"picked":"Impervious","floor":16},{"not_picked":[],"picked":"Armaments","floor":18},{"not_picked":[],"picked":"Combust+1","floor":19},{"not_picked":[],"picked":"Thunderclap+1","floor":21},{"not_picked":[],"picked":"Uppercut","floor":22}],"player_experience":667185,"relics_obtained":[{"floor":7,"key":"Unceasing Top"},{"floor":9,"key":"Strawberry"},{"floor":10,"key":"Bottled Lightning"}],"event_choices":[{"damage_healed":0,"gold_gain":0,"player_choice":"Box","damage_taken":0,"relics_obtained":["Blue Candle"],"max_hp_gain":0,"max_hp_loss":0,"event_name":"Big Fish","floor":4,"gold_loss":0,"cards_obtained":["Regret"]}],"is_beta":false,"boss_relics":[{"not_picked":["Ectoplasm","Fusion Hammer"],"picked":"Busted Crown"}],"items_purged_floors":[],"is_endless":false,"potions_floor_spawned":[1,7,12,13,16,18,21],"killed_by":"Gremlin Leader","ascension_level":0}