{"path_per_floor":["M","M","T","M","M","M","R","$","T","M","M","?","$","?","R","B",null,"M","?","M","?","$","E","R","?","T"],"character_chosen":"IRONCLAD","items_purchased":["Shrug It Off","Good Instincts","Burning Pact","Madness"],"gold_per_floor":[114,129,129,144,159,174,174,20,20,35,50,50,10,10,10,110,110,125,125,95,95,4,4,4,4,4,4],"floor_reached":27,"campfire_rested":0,"playtime":6965,"item_purchase_floors":[8,8,13,22],"current_hp_per_floor":[78,77,76,75,74,73,72,71,70,45,54,72,71,70,69,19,67,51,51,17,17,17,23,23,23,23,0],"items_purged":[],"gold":4,"score":298,"play_id":"ea422f57-db0b-4d31-a466-391ca2da5c06","local_time":"20180620033552","daily_mods":["Brewmaster","Time Dilation","Terminal"],"is_prod":false,"is_daily":true,"chose_seed":false,"is_ascension_mode":false,"campfire_upgraded":3,"win_rate":0,"timestamp":1529480152,"campfire_choices":[{"data":"Fire Breathing","floor":7,"key":"SMITH"},{"data":"Barricade","floor":15,"key":"SMITH"},{"data":"Armaments","floor":24,"key":"SMITH"}],"path_taken":["M","?","?","M","M","M","R","$","T","M","M","?","$","?","R","BOSS","M","?","M","?","$","E","R","?","T","?"],"build_version":"2018-06-14v2","seed_source_timestamp":0,"purchased_purges":0,"victory":false,"master_deck":["Strike_R","Strike_R","Strike_R","Strike_R","Strike_R","Defend_R","Defend_R","Defend_R","Defend_R","Bash","Venomology","Venomology","Venomology","Venomology","Venomology","Fire Breathing+1","Twin Strike","Thunderclap","Barricade+1","Seeing Red","Shrug It Off","Good Instincts","Sword Boomerang","Cleave","Parasite","Burning Pact","Impervious","Searing Blow","Feel No Pain","Clash","Second Wind","Armaments+1","Spot Weakness","Regret","Flame Barrier","Madness"],"max_hp_per_floor":[78,77,76,75,74,73,72,71,70,69,73,72,71,70,69,68,67,66,65,64,63,62,61,60,59,58,58],"special_seed":17702,"relics":["Burning Blood","White Beast Statue","Bottled Flame","Kunai","Turnip","Orrery","Shuriken"],"card_choices":[{"not_picked":["Shrug It Off","Sword Boomerang"],"picked":"Fire Breathing","floor":1},{"not_picked":["Battle Trance","Dual Wield"],"picked":"Twin Strike","floor":2},{"not_picked":["Clothesline","Bloodletting"],"picked":"Thunderclap","floor":4},{"not_picked":["Bloodletting","Twin Strike"],"picked":"Barricade","floor":5},{"not_picked":["Sentinel","Combust"],"picked":"Seeing Red","floor":6},{"not_picked":["Body Slam","Bloodletting"],"picked":"Sword Boomerang","floor":10},{"not_picked":["Fire Breathing","Reckless Charge"],"picked":"Cleave","floor":11},{"not_picked":["Berserk","Double Tap"],"picked":"Impervious","floor":16},{"not_picked":["Battle Trance","Cleave"],"picked":"Searing Blow","floor":17},{"not_picked":["Iron Wave","Hemokinesis"],"picked":"Feel No Pain","floor":17},{"not_picked":["Sentinel","Pommel Strike"],"picked":"Clash","floor":17},{"not_picked":["Shrug It Off","Rampage"],"picked":"Second Wind","floor":17},{"not_picked":["Pummel","Shrug It Off"],"picked":"Armaments","floor":17},{"not_picked":["Burning Pact","Headbutt+1"],"picked":"Spot Weakness","floor":18},{"not_picked":["Dropkick","Second Wind+1"],"picked":"Flame Barrier","floor":20}],"player_experience":209516,"potions_floor_usage":[1,1,1,1,2,5,5,6,10,10,11,11,16,16,16,16,16,16,18,20,20,23,23,23,23,27],"damage_taken":[{"damage":1,"enemies":"Cultist","floor":1,"turns":5},{"damage":1,"enemies":"Jaw Worm","floor":2,"turns":4},{"damage":0,"enemies":"Small Slimes","floor":4,"turns":4},{"damage":5,"enemies":"Looter","floor":5,"turns":2},{"damage":4,"enemies":"2 Fungi Beasts","floor":6,"turns":4},{"damage":31,"enemies":"Exordium Thugs","floor":10,"turns":7},{"damage":2,"enemies":"Blue Slaver","floor":11,"turns":6},{"damage":56,"enemies":"Hexaghost","floor":16,"turns":10},{"damage":22,"enemies":"Spheric Guardian","floor":18,"turns":8},{"damage":40,"enemies":"2 Thieves","floor":20,"turns":5},{"damage":0,"enemies":"Gremlin Leader","floor":23,"turns":1},{"damage":23,"enemies":"Cultist and Chosen","floor":27,"turns":4}],"relics_obtained":[{"floor":3,"key":"Bottled Flame"},{"floor":9,"key":"Kunai"},{"floor":26,"key":"Shuriken"}],"event_choices":[{"event_name":"Mushrooms","player_choice":"Healed and dodged fight","floor":12,"damage_taken":0},{"event_name":"Accursed Blacksmith","player_choice":"Rummage","floor":14,"damage_taken":0},{"event_name":"Transmorgrifier","player_choice":"Transform","floor":19,"damage_taken":0},{"event_name":"The Woman in Blue","player_choice":"Bought 0 Potions","floor":21,"damage_taken":0},{"event_name":"Beggar","player_choice":"Ignored","floor":25,"damage_taken":0}],"boss_relics":[{"not_picked":["Philosopher\u0027s Stone","Snecko Eye"],"picked":"Orrery"}],"items_purged_floors":[],"is_endless":false,"potions_floor_spawned":[1,2,4,5,6,10,11,16,18,20,23],"seed_played":"-8028192087519691","killed_by":"Cultist and Chosen","ascension_level":0,"potions_obtained":[{"floor":1,"key":"Swift Potion"},{"floor":2,"key":"Swift Potion"},{"floor":5,"key":"GamblersBrew"},{"floor":10,"key":"Fruit Juice"},{"floor":11,"key":"LiquidBronze"},{"floor":16,"key":"PowerPotion"},{"floor":18,"key":"Swift Potion"},{"floor":20,"key":"Poison Potion"}],"is_trial":false}