{"gold_per_floor":[115,129,149,149,165,165,195,195,277,62,78,78,91,116,116,189,189,209,259,259,259,277,277,292,292,292,292,303,218,9,24,24,99,99,116,126,126],"floor_reached":37,"playtime":1688,"items_purged":["Strike_R"],"score":912,"play_id":"8e3d026b-7fc5-4f02-8578-51547d0bc4f0","local_time":"20190917101451","is_ascension_mode":true,"campfire_choices":[{"data":"Rupture","floor":6.0,"key":"SMITH"},{"floor":8.0,"key":"REST"},{"data":"Hemokinesis","floor":15.0,"key":"SMITH"},{"floor":23.0,"key":"REST"},{"floor":27.0,"key":"REST"},{"floor":32.0,"key":"REST"}],"neow_cost":"NONE","seed_source_timestamp":34699794020900,"circlet_count":0,"master_deck":["AscendersBane","Strike_R+1","Strike_R+1","Strike_R+1","Strike_R+1","Defend_R+1","Defend_R+1","Defend_R+1","Defend_R+1","Bash","Pommel Strike","Evolve","Pain","Rupture+1","Metallicize","Power Through","Wild Strike","Hemokinesis+1","True Grit","Reckless Charge","Barricade","J.A.X.","Corruption","Heavy Blade","Power Through","Demon Form","Flame Barrier"],"special_seed":0,"relics":["Burning Blood","Blood Vial","WarpedTongs","Unceasing Top","Mummified Hand","Art of War","Sozu","Bag of Preparation","Lantern","Strange Spoon","Snecko Eye"],"potions_floor_usage":[],"damage_taken":[{"damage":1.0,"enemies":"Cultist","floor":1.0,"turns":3.0},{"damage":17.0,"enemies":"Small Slimes","floor":2.0,"turns":4.0},{"damage":2.0,"enemies":"2 Louse","floor":3.0,"turns":3.0},{"damage":13.0,"enemies":"2 Fungi Beasts","floor":5.0,"turns":6.0},{"damage":57.0,"enemies":"Gremlin Nob","floor":7.0,"turns":5.0},{"damage":10.0,"enemies":"Blue Slaver","floor":11.0,"turns":5.0},{"damage":15.0,"enemies":"Exordium Wildlife","floor":13.0,"turns":5.0},{"damage":21.0,"enemies":"Lagavulin","floor":14.0,"turns":6.0},{"damage":22.0,"enemies":"The Guardian","floor":16.0,"turns":9.0},{"damage":34.0,"enemies":"Chosen","floor":18.0,"turns":7.0},{"damage":31.0,"enemies":"3 Byrds","floor":22.0,"turns":5.0},{"damage":33.0,"enemies":"Shelled Parasite and Fungi","floor":24.0,"turns":6.0},{"damage":14.0,"enemies":"Cultist and Chosen","floor":28.0,"turns":6.0},{"damage":6.0,"enemies":"Centurion and Healer","floor":31.0,"turns":6.0},{"damage":13.0,"enemies":"Automaton","floor":33.0,"turns":8.0},{"damage":3.0,"enemies":"3 Shapes","floor":35.0,"turns":5.0},{"damage":25,"enemies":"3 Darklings","floor":36,"turns":9},{"damage":79,"enemies":"2 Orb Walkers","floor":37,"turns":4}],"seed_played":"8682648117153076884","potions_obtained":[{"floor":2.0,"key":"Swift Potion"},{"floor":5.0,"key":"Regen Potion"},{"floor":11.0,"key":"SneckoOil"}],"is_trial":false,"path_per_floor":["M","M","M","?","M","R","E","R","T","$","M","$","M","E","R","B",null,"M","?","?","?","M","R","M","?","T","R","M","?","$","M","R","B",null,"M","M","?"],"character_chosen":"IRONCLAD","items_purchased":["Power Through","Wild Strike","Strange Spoon"],"campfire_rested":4,"item_purchase_floors":[10,10,30],"current_hp_per_floor":[75,64,70,70,65,65,16,38,38,38,48,48,41,28,28,14,60,34,34,34,34,11,33,8,8,8,30,24,24,24,26,48,43,67,72,55,0],"gold":126,"neow_bonus":"RANDOM_COMMON_RELIC","is_prod":false,"is_daily":false,"chose_seed":false,"campfire_upgraded":2,"win_rate":0,"timestamp":1568740491,"path_taken":["M","M","M","?","M","R","E","R","T","?","M","$","M","E","R","BOSS","M","?","?","?","M","R","M","?","T","R","?","?","$","M","R","BOSS","M","M","?"],"build_version":"2019-07-17","purchased_purges":1,"victory":false,"max_hp_per_floor":[75,75,75,75,75,75,75,75,75,75,75,75,75,75,75,75,75,75,75,75,75,75,75,75,75,75,75,75,75,75,75,75,75,75,75,75,75],"card_choices":[{"not_picked":["Cleave","True Grit","Twin Strike"],"picked":"SKIP","floor":1.0},{"not_picked":["Clash","Heavy Blade"],"picked":"Pommel Strike","floor":2.0},{"not_picked":["Clothesline","Iron Wave"],"picked":"Evolve","floor":3.0},{"not_picked":["Armaments","Thunderclap"],"picked":"Rupture","floor":5.0},{"not_picked":["Uppercut","Shrug It Off"],"picked":"Metallicize","floor":7.0},{"not_picked":["Twin Strike","Clash"],"picked":"Hemokinesis","floor":11.0},{"not_picked":["Clash","Clothesline"],"picked":"True Grit","floor":13.0},{"not_picked":["Clash","Bloodletting"],"picked":"Reckless Charge","floor":14.0},{"not_picked":["Berserk","Immolate"],"picked":"Barricade","floor":16.0},{"not_picked":["Headbutt","Warcry","Infernal Blade"],"picked":"SKIP","floor":18.0},{"not_picked":["Shrug It Off","Anger"],"picked":"Corruption","floor":22.0},{"not_picked":["Evolve","Warcry"],"picked":"Heavy Blade","floor":24.0},{"not_picked":["Searing Blow","Uppercut"],"picked":"Power Through","floor":28.0},{"not_picked":["Havoc","Wild Strike","Anger"],"picked":"SKIP","floor":31.0},{"not_picked":["Bludgeon","Berserk"],"picked":"Demon Form","floor":33.0},{"not_picked":["Second Wind","Rage","Cleave"],"picked":"SKIP","floor":35},{"not_picked":["Dropkick","Iron Wave"],"picked":"Flame Barrier","floor":36}],"player_experience":806652,"relics_obtained":[{"floor":7.0,"key":"Unceasing Top"},{"floor":9.0,"key":"Mummified Hand"},{"floor":14.0,"key":"Art of War"},{"floor":26.0,"key":"Bag of Preparation"}],"event_choices":[{"damage_healed":0.0,"max_hp_gain":0.0,"max_hp_loss":0.0,"gold_gain":0.0,"event_name":"Accursed Blacksmith","player_choice":"Rummage","floor":4.0,"gold_loss":0.0,"damage_taken":0.0,"relics_obtained":["WarpedTongs"],"cards_obtained":["Pain"]},{"damage_healed":0.0,"max_hp_gain":0.0,"max_hp_loss":0.0,"gold_gain":50.0,"event_name":"Nest","player_choice":"Stole From Cult","floor":19.0,"gold_loss":0.0,"damage_taken":0.0},{"damage_healed":0.0,"max_hp_gain":0.0,"max_hp_loss":0.0,"gold_gain":0.0,"event_name":"Drug Dealer","player_choice":"Obtain J.A.X.","floor":20.0,"gold_loss":0.0,"damage_taken":0.0,"cards_obtained":["J.A.X."]},{"damage_healed":0.0,"max_hp_gain":0.0,"max_hp_loss":0.0,"gold_gain":0.0,"event_name":"Back to Basics","player_choice":"Simplicity","floor":21.0,"gold_loss":0.0,"damage_taken":0.0,"cards_upgraded":["Strike_R","Strike_R","Strike_R","Strike_R","Defend_R","Defend_R","Defend_R","Defend_R"]},{"damage_healed":0.0,"max_hp_gain":0.0,"max_hp_loss":0.0,"gold_gain":0.0,"event_name":"The Mausoleum","player_choice":"Ignored","floor":25.0,"gold_loss":0.0,"damage_taken":0.0},{"damage_healed":0.0,"max_hp_gain":0.0,"max_hp_loss":0.0,"gold_gain":0.0,"event_name":"Addict","player_choice":"Obtained Relic","floor":29.0,"gold_loss":85.0,"damage_taken":0.0,"relics_obtained":["Lantern"]},{"damage_healed":0,"gold_gain":0,"player_choice":"Fight","damage_taken":0,"max_hp_gain":0,"max_hp_loss":0,"event_name":"Mysterious Sphere","floor":37,"gold_loss":0}],"is_beta":false,"boss_relics":[{"not_picked":["Lizard Tail","Calling Bell"],"picked":"Sozu"},{"not_picked":["Pandora\u0027s Box","Astrolabe"],"picked":"Snecko Eye"}],"items_purged_floors":[10],"is_endless":false,"potions_floor_spawned":[2,5,11,24,28,31,36],"killed_by":"2 Orb Walkers","ascension_level":20}