{"gold_per_floor":[113,113,126,139,151,151,167,197,223,239,268,280,13,39,39,112,112,124,137,153,2,32,32,58,58,140,151,151,151,151,171,171,171],"floor_reached":33,"playtime":1189,"items_purged":[],"score":649,"play_id":"87f54ab8-f4cc-4c48-b77f-ea5c3d568f24","local_time":"20190917180244","is_ascension_mode":true,"campfire_choices":[{"data":"Perfected Strike","floor":6.0,"key":"SMITH"},{"data":"Mayhem","floor":15.0,"key":"SMITH"},{"floor":23.0,"key":"REST"},{"data":"Perfected Strike","floor":28.0,"key":"SMITH"},{"data":"Perfected Strike","floor":30.0,"key":"SMITH"},{"data":"Perfected Strike","floor":32.0,"key":"SMITH"}],"neow_cost":"NONE","seed_source_timestamp":63181536016300,"circlet_count":0,"master_deck":["AscendersBane","Strike_R","Strike_R","Strike_R","Strike_R","Strike_R","Defend_R+1","Defend_R+1","Shockwave","Perfected Strike+1","Twin Strike","Wild Strike","Perfected Strike+1","Shrug It Off+1","Disarm","Mayhem+1","Disarm+1","Impervious","Impervious","Dropkick+1","True Grit+1","Perfected Strike+1","Body Slam","Offering","Disarm","Dark Embrace","Perfected Strike+1","Exhume","Pommel Strike","Uppercut+1"],"special_seed":0,"relics":["Burning Blood","Bag of Marbles","Letter Opener","Strawberry","MawBank","War Paint","Astrolabe","Red Mask","Art of War","Matryoshka"],"potions_floor_usage":[33],"damage_taken":[{"damage":0.0,"enemies":"Cultist","floor":1.0,"turns":3.0},{"damage":14.0,"enemies":"Jaw Worm","floor":3.0,"turns":4.0},{"damage":0.0,"enemies":"Small Slimes","floor":4.0,"turns":3.0},{"damage":0.0,"enemies":"2 Fungi Beasts","floor":5.0,"turns":2.0},{"damage":0.0,"enemies":"Large Slime","floor":7.0,"turns":3.0},{"damage":0.0,"enemies":"Gremlin Nob","floor":8.0,"turns":2.0},{"damage":6.0,"enemies":"Looter","floor":10.0,"turns":2.0},{"damage":20.0,"enemies":"3 Sentries","floor":11.0,"turns":8.0},{"damage":8.0,"enemies":"Gremlin Nob","floor":14.0,"turns":3.0},{"damage":24.0,"enemies":"Slime Boss","floor":16.0,"turns":8.0},{"damage":15.0,"enemies":"Shell Parasite","floor":18.0,"turns":6.0},{"damage":19.0,"enemies":"3 Byrds","floor":19.0,"turns":6.0},{"damage":9.0,"enemies":"Snecko","floor":20.0,"turns":4.0},{"damage":15.0,"enemies":"Masked Bandits","floor":22.0,"turns":6.0},{"damage":12.0,"enemies":"Slavers","floor":24.0,"turns":5.0},{"damage":3.0,"enemies":"Centurion and Healer","floor":27.0,"turns":6.0},{"damage":6.0,"enemies":"Chosen and Byrds","floor":31.0,"turns":4.0},{"damage":73,"enemies":"Champ","floor":33,"turns":10}],"seed_played":"-7119972478495297311","potions_obtained":[{"floor":1.0,"key":"Weak Potion"},{"floor":5.0,"key":"Block Potion"},{"floor":8.0,"key":"SteroidPotion"},{"floor":20.0,"key":"GamblersBrew"},{"floor":24.0,"key":"Block Potion"}],"is_trial":false,"path_per_floor":["M","?","M","M","M","R","M","E","T","M","E","?","$","E","R","B",null,"M","M","M","$","?","R","E","?","T","M","R","?","R","M","R","B"],"character_chosen":"IRONCLAD","items_purchased":["Mayhem","Disarm","Offering"],"campfire_rested":1,"item_purchase_floors":[13,13,21],"current_hp_per_floor":[74,79,71,77,80,80,80,80,87,87,73,47,47,45,45,27,72,63,50,47,47,38,64,58,58,58,61,61,61,61,61,61,0],"gold":171,"neow_bonus":"RANDOM_COMMON_RELIC","is_prod":false,"is_daily":false,"chose_seed":false,"campfire_upgraded":5,"win_rate":0,"timestamp":1568768564,"path_taken":["M","?","M","M","M","R","M","E","T","M","E","?","$","E","R","BOSS","M","M","M","$","?","R","E","?","T","M","R","?","R","M","R","BOSS"],"build_version":"2019-07-17","purchased_purges":0,"victory":false,"max_hp_per_floor":[75,80,80,80,80,80,80,80,87,87,87,87,87,87,87,87,87,87,87,87,87,87,87,87,87,87,87,87,87,87,87,87,87],"card_choices":[{"not_picked":["Carnage","Pommel Strike"],"picked":"Shockwave","floor":1.0},{"not_picked":["Sword Boomerang","Ghostly Armor"],"picked":"Perfected Strike","floor":3.0},{"not_picked":["Headbutt","Warcry"],"picked":"Twin Strike","floor":4.0},{"not_picked":["Dark Embrace","Warcry"],"picked":"Wild Strike","floor":5.0},{"not_picked":["Carnage","Clothesline"],"picked":"Perfected Strike","floor":7.0},{"not_picked":["Infernal Blade","Searing Blow"],"picked":"Shrug It Off","floor":8.0},{"not_picked":["Sentinel","Seeing Red"],"picked":"Disarm","floor":10.0},{"not_picked":["Clothesline","Heavy Blade","Clash"],"picked":"SKIP","floor":11.0},{"not_picked":["Fiend Fire","Feed"],"picked":"Impervious","floor":14.0},{"not_picked":["Feed","Juggernaut"],"picked":"Impervious","floor":16.0},{"not_picked":["Ghostly Armor","Shrug It Off"],"picked":"Perfected Strike","floor":18.0},{"not_picked":["Spot Weakness","Clothesline+1"],"picked":"Warcry+1","floor":19.0},{"not_picked":["Hemokinesis+1","Anger+1"],"picked":"Body Slam","floor":20.0},{"not_picked":["Anger","Ghostly Armor+1"],"picked":"Disarm","floor":22.0},{"not_picked":["Inflame","Headbutt"],"picked":"Dark Embrace","floor":24.0},{"not_picked":["Clothesline","Battle Trance"],"picked":"Perfected Strike","floor":27.0},{"not_picked":["Bloodletting","Pummel"],"picked":"Uppercut+1","floor":31.0}],"player_experience":820773,"relics_obtained":[{"floor":8.0,"key":"Letter Opener"},{"floor":9.0,"key":"Strawberry"},{"floor":11.0,"key":"MawBank"},{"floor":14.0,"key":"War Paint"},{"floor":22.0,"key":"Red Mask"},{"floor":24.0,"key":"Art of War"},{"floor":26.0,"key":"Matryoshka"}],"event_choices":[{"damage_healed":0.0,"max_hp_gain":5.0,"max_hp_loss":0.0,"gold_gain":0.0,"event_name":"Big Fish","player_choice":"Donut","floor":2.0,"gold_loss":0.0,"damage_taken":0.0},{"damage_healed":0.0,"max_hp_gain":0.0,"max_hp_loss":0.0,"gold_gain":0.0,"event_name":"Shining Light","player_choice":"Entered Light","floor":12.0,"gold_loss":0.0,"damage_taken":26.0,"cards_upgraded":["Defend_R","Defend_R"]},{"damage_healed":0.0,"max_hp_gain":0.0,"max_hp_loss":0.0,"gold_gain":0.0,"event_name":"Masked Bandits","player_choice":"Fought Bandits","floor":22.0,"gold_loss":0.0,"damage_taken":0.0},{"damage_healed":0.0,"max_hp_gain":0.0,"max_hp_loss":0.0,"gold_gain":0.0,"cards_transformed":["Warcry","Inflame"],"event_name":"Drug Dealer","player_choice":"Became Test Subject","floor":29.0,"gold_loss":0.0,"damage_taken":0.0,"cards_obtained":["Exhume","Pommel Strike"]}],"is_beta":false,"boss_relics":[{"not_picked":["Pandora\u0027s Box","Empty Cage"],"picked":"Astrolabe"}],"items_purged_floors":[],"is_endless":false,"potions_floor_spawned":[1,5,8,11,16,20,24],"killed_by":"Champ","ascension_level":20}