{"path_per_floor":["M","M","?","?","M","E","$","R","T","M","R","E","?","$","R"],"character_chosen":"THE_SILENT","items_purchased":["Footwork","Dodge and Roll","Caltrops","Flash of Steel"],"gold_per_floor":[113,124,124,94,114,158,18,18,18,36,36,75,175,11,11,11],"floor_reached":16,"campfire_rested":3,"playtime":2473,"current_hp_per_floor":[68,68,68,68,62,12,12,33,33,26,47,11,11,11,32,0],"items_purged":["Injury"],"gold":11,"score":108,"play_id":"c1d8d30a-8926-4516-9621-9642f39f9681","local_time":"20180522171914","is_prod":false,"is_daily":false,"chose_seed":false,"is_ascension_mode":false,"campfire_upgraded":0,"timestamp":1527023954,"campfire_choices":[{"floor":8,"key":"REST"},{"floor":11,"key":"REST"},{"floor":15,"key":"REST"}],"path_taken":["M","M","?","?","M","E","$","R","T","M","R","E","?","$","R","BOSS"],"build_version":"2018-05-17","seed_source_timestamp":8874127367673,"purchased_purges":1,"victory":false,"master_deck":["Defend_G","Defend_G","Defend_G","Defend_G","Defend_G","Strike_G","Strike_G","Strike_G","Strike_G","Strike_G","Survivor","Neutralize","Die Die Die","Acrobatics","Outmaneuver","Backflip","Flying Knee","Footwork","Dodge and Roll","Predator","Dash","Caltrops","Flash of Steel"],"max_hp_per_floor":[70,70,70,70,70,70,70,70,70,70,70,70,70,70,70,70],"relics":["Ring of the Snake","Golden Idol","Smiling Mask","Anchor","Torii"],"card_choices":[{"not_picked":["Crippling Poison","Footwork"],"picked":"Acrobatics","floor":1},{"not_picked":["Dodge and Roll","Deadly Poison"],"picked":"Outmaneuver","floor":2},{"not_picked":["Dodge and Roll","Bane"],"picked":"Backflip","floor":5},{"not_picked":["Choke","Calculated Gamble"],"picked":"Flying Knee","floor":6},{"not_picked":["Well Laid Plans","Backstab"],"picked":"Predator","floor":10},{"not_picked":["Burst","Dagger Throw"],"picked":"Dash","floor":12}],"player_experience":53592,"potions_floor_usage":[6,6,6],"damage_taken":[{"damage":2,"enemies":"Small Slimes","floor":1,"turns":4},{"damage":0,"enemies":"2 Louse","floor":2,"turns":1},{"damage":6,"enemies":"Cultist","floor":5,"turns":6},{"damage":50,"enemies":"Gremlin Nob","floor":6,"turns":6},{"damage":7,"enemies":"2 Fungi Beasts","floor":10,"turns":4},{"damage":36,"enemies":"Lagavulin","floor":12,"turns":13},{"damage":43,"enemies":"The Guardian","floor":16,"turns":12}],"relics_obtained":[{"floor":6,"key":"Smiling Mask"},{"floor":9,"key":"Anchor"},{"floor":12,"key":"Torii"}],"event_choices":[{"event_name":"Golden Idol","player_choice":"Take Wound","floor":3,"damage_taken":0},{"event_name":"The Woman in Blue","player_choice":"Bought 2 Potions","floor":4,"damage_taken":0},{"event_name":"Golden Shrine","player_choice":"Pray","floor":13,"damage_taken":0}],"boss_relics":[],"potions_floor_spawned":[1,6],"seed_played":"-6872115830484545355","killed_by":"The Guardian","ascension_level":0,"potions_obtained":[{"floor":1,"key":"FearPotion"},{"floor":4,"key":"Weak Potion"},{"floor":4,"key":"SteroidPotion"},{"floor":6,"key":"GhostInAJar"}],"is_trial":false}