{"gold_per_floor":[109,109,122,134,145,145,174,174,174,201,20,34,34,60,60,165,165,184,184,199,219,219,219,219],"floor_reached":24,"playtime":1163,"items_purged":[],"score":227,"play_id":"68f8afaf-77ba-4ca5-9af6-0ae8afd493a3","local_time":"20190510024307","is_ascension_mode":true,"campfire_choices":[{"data":"Zap","floor":6,"key":"SMITH"},{"floor":8,"key":"REST"},{"floor":15,"key":"REST"},{"data":"Turbo","floor":23,"key":"SMITH"}],"neow_cost":"NONE","seed_source_timestamp":11546787741070,"circlet_count":0,"master_deck":["Strike_B+1","Strike_B+1","Strike_B+1","Strike_B+1","Defend_B+1","Defend_B+1","Defend_B+1","Defend_B+1","Zap+1","Dualcast","Turbo+1","Defragment","Go for the Eyes","Beam Cell","Steam","Coolheaded","Sunder+1","Swift Strike+1","Conserve Battery","Gash+1","Rip and Tear+1","Streamline+1","Thunder Strike+1","BootSequence","Gash+1","Stack+1"],"relics":["Cracked Core","Letter Opener","Molten Egg 2","Cables","Strawberry","Eternal Feather","Nloth\u0027s Gift"],"potions_floor_usage":[7,10,24],"damage_taken":[{"damage":15,"enemies":"Jaw Worm","floor":1,"turns":4},{"damage":1,"enemies":"Cultist","floor":3,"turns":3},{"damage":2,"enemies":"Small Slimes","floor":4,"turns":4},{"damage":5,"enemies":"Looter","floor":5,"turns":4},{"damage":21,"enemies":"3 Sentries","floor":7,"turns":7},{"damage":4,"enemies":"Gremlin Nob","floor":10,"turns":3},{"damage":1,"enemies":"Lots of Slimes","floor":12,"turns":3},{"damage":11,"enemies":"3 Sentries","floor":14,"turns":4},{"damage":33,"enemies":"Hexaghost","floor":16,"turns":7},{"damage":3,"enemies":"3 Byrds","floor":18,"turns":4},{"damage":0,"enemies":"2 Thieves","floor":20,"turns":3},{"damage":26,"enemies":"Cultist and Chosen","floor":21,"turns":6},{"damage":69,"enemies":"Slavers","floor":24,"turns":4}],"seed_played":"697891399386737155","potions_obtained":[{"floor":3,"key":"Explosive Potion"},{"floor":4,"key":"Ancient Potion"},{"floor":21,"key":"Block Potion"}],"is_trial":false,"path_per_floor":["M","?","M","M","M","R","E","R","T","E","$","M","T","E","R","B",null,"M","?","M","M","?","R","E"],"character_chosen":"DEFECT","items_purchased":["Swift Strike+1","Conserve Battery","Gash+1"],"campfire_rested":2,"item_purchase_floors":[11,11,11],"current_hp_per_floor":[60,60,59,57,52,52,31,53,53,49,49,48,48,44,68,35,82,79,79,79,53,53,68,0],"gold":219,"neow_bonus":"THREE_CARDS","is_prod":false,"is_daily":false,"chose_seed":false,"campfire_upgraded":2,"win_rate":0,"timestamp":1557470587,"path_taken":["M","?","?","M","M","R","E","R","T","E","$","M","?","E","R","BOSS","M","?","M","M","?","R","E"],"build_version":"2019-01-23","purchased_purges":0,"victory":false,"max_hp_per_floor":[75,75,75,75,75,75,75,75,75,75,75,75,75,82,82,82,82,82,82,82,82,82,82,82],"card_choices":[{"not_picked":["Heatsinks","Go for the Eyes"],"picked":"Turbo","floor":0},{"not_picked":["Cold Snap","Consume"],"picked":"Defragment","floor":1},{"not_picked":["Double Energy","Skim"],"picked":"Go for the Eyes","floor":3},{"not_picked":["Compile Driver","Turbo"],"picked":"Beam Cell","floor":4},{"not_picked":["Barrage","Rainbow"],"picked":"Steam","floor":5},{"not_picked":["Tempest","Turbo"],"picked":"Coolheaded","floor":7},{"not_picked":["Hologram","Redo"],"picked":"Sunder","floor":10},{"not_picked":["Conserve Battery","Hologram"],"picked":"Rip and Tear+1","floor":12},{"not_picked":["Chaos","Conserve Battery"],"picked":"Streamline+1","floor":14},{"not_picked":["Meteor Strike+1","Echo Form"],"picked":"Thunder Strike+1","floor":16},{"not_picked":["Hologram","Leap"],"picked":"BootSequence","floor":18},{"not_picked":["Recycle","Undo"],"picked":"Gash+1","floor":20},{"not_picked":["Rebound+1","Gash+1"],"picked":"Stack+1","floor":21}],"player_experience":651031,"relics_obtained":[{"floor":7,"key":"Letter Opener"},{"floor":9,"key":"Symbiotic Virus"},{"floor":10,"key":"Molten Egg 2"},{"floor":13,"key":"Cables"},{"floor":14,"key":"Strawberry"}],"event_choices":[{"damage_healed":0,"gold_gain":0,"player_choice":"Bought 0 Potions","damage_taken":0,"max_hp_gain":0,"max_hp_loss":0,"event_name":"The Woman in Blue","floor":2,"gold_loss":0},{"damage_healed":0,"gold_gain":0,"player_choice":"Simplicity","damage_taken":0,"max_hp_gain":0,"max_hp_loss":0,"event_name":"Back to Basics","floor":19,"gold_loss":0,"cards_upgraded":["Strike_B","Strike_B","Strike_B","Strike_B","Defend_B","Defend_B","Defend_B","Defend_B"]},{"damage_healed":0,"gold_gain":0,"player_choice":"Traded Relic","damage_taken":0,"relics_obtained":["Nloth\u0027s Gift"],"max_hp_gain":0,"max_hp_loss":0,"event_name":"N\u0027loth","floor":22,"relics_lost":["Symbiotic Virus"],"gold_loss":0}],"is_beta":false,"boss_relics":[{"not_picked":["Runic Pyramid","FrozenCore"],"picked":"Eternal Feather"}],"items_purged_floors":[],"is_endless":false,"potions_floor_spawned":[3,4,16,21],"killed_by":"Slavers","ascension_level":1}