{"gold_per_floor":[10,10,85,104,104,135,162,162,186,198,135,95,124,135,135,206,206,222,122,122,136,155,155,30,30,30,30],"floor_reached":27,"playtime":595,"items_purged":["Strike_R","Bash","Defend_R"],"score":434,"play_id":"1aa3efd9-4273-468c-ba0c-3ab81ed9e75f","local_time":"20190923160321","is_ascension_mode":true,"campfire_choices":[{"data":"Flex","floor":8.0,"key":"SMITH"},{"floor":10.0,"key":"REST"},{"floor":15,"key":"REST"},{"floor":23,"key":"REST"}],"neow_cost":"NO_GOLD","seed_source_timestamp":574571555937400,"circlet_count":0,"master_deck":["AscendersBane","Strike_R","Strike_R","Defend_R","Defend_R","Defend_R","Anger","Clash","Flex+1","Rage","Clash+1","Anger+1","Anger+1","Intimidate"],"special_seed":0,"relics":["Black Blood","Unceasing Top","Molten Egg 2","Red Skull","MawBank","Strawberry","Matryoshka"],"potions_floor_usage":[13,22,27],"damage_taken":[{"damage":4.0,"enemies":"Small Slimes","floor":1.0,"turns":4.0},{"damage":0.0,"enemies":"2 Louse","floor":4.0,"turns":4.0},{"damage":40.0,"enemies":"3 Sentries","floor":6.0,"turns":12.0},{"damage":36,"enemies":"Gremlin Nob","floor":13,"turns":4},{"damage":6,"enemies":"Jaw Worm","floor":14,"turns":2},{"damage":45,"enemies":"Slime Boss","floor":16,"turns":8},{"damage":29,"enemies":"3 Byrds","floor":18,"turns":6},{"damage":27,"enemies":"Shell Parasite","floor":21,"turns":4},{"damage":15,"enemies":"Shelled Parasite and Fungi","floor":22,"turns":3},{"damage":12,"enemies":"Book of Stabbing","floor":27,"turns":3}],"seed_played":"4566950863438399505","potions_obtained":[{"floor":4.0,"key":"Regen Potion"},{"floor":6.0,"key":"PowerPotion"},{"floor":21,"key":"SteroidPotion"},{"floor":22,"key":"Weak Potion"}],"is_trial":false,"path_per_floor":["M","?","?","M","?","E","T","R","T","R","$","$","E","M","R","B",null,"M","$","?","M","M","R","$","?","T","E"],"character_chosen":"IRONCLAD","items_purchased":["Rage"],"campfire_rested":3,"item_purchase_floors":[12],"current_hp_per_floor":[70,70,59,65,58,39,39,39,39,61,61,61,38,38,62,23,67,50,50,50,35,32,56,56,56,56,44],"gold":30,"neow_bonus":"ONE_RARE_RELIC","is_prod":false,"is_daily":false,"chose_seed":false,"campfire_upgraded":1,"win_rate":0,"timestamp":1569279801,"path_taken":["M","?","?","M","?","E","?","R","T","R","?","$","E","M","R","BOSS","M","$","?","M","M","R","$","?","T","E"],"build_version":"2019-09-23","purchased_purges":3,"victory":false,"max_hp_per_floor":[75,75,75,75,75,75,75,75,75,75,75,75,82,82,82,82,82,82,82,82,82,82,82,82,82,82,82],"card_choices":[{"not_picked":["Cleave","Pummel"],"picked":"Anger","floor":1.0},{"not_picked":["Warcry","Entrench"],"picked":"Clash","floor":4.0},{"not_picked":["Carnage","Headbutt"],"picked":"Flex","floor":6.0},{"not_picked":["Twin Strike+1","Perfected Strike+1"],"picked":"Clash+1","floor":13},{"not_picked":["Twin Strike+1","Perfected Strike+1"],"picked":"Anger+1","floor":14},{"not_picked":["Carnage+1","Sword Boomerang+1"],"picked":"Anger+1","floor":18},{"not_picked":["Armaments","Cleave+1"],"picked":"Intimidate","floor":21},{"not_picked":["Pommel Strike+1","Clothesline+1","Blood for Blood+1"],"picked":"SKIP","floor":22}],"player_experience":990280,"relics_obtained":[{"floor":6.0,"key":"Molten Egg 2"},{"floor":7.0,"key":"Red Skull"},{"floor":9.0,"key":"MawBank"},{"floor":13,"key":"Strawberry"},{"floor":26,"key":"Matryoshka"}],"event_choices":[{"cards_removed":["Strike_R"],"damage_healed":0.0,"max_hp_gain":0.0,"max_hp_loss":0.0,"gold_gain":0.0,"event_name":"Living Wall","player_choice":"Forget","floor":2.0,"gold_loss":0.0,"damage_taken":0.0},{"damage_healed":0.0,"max_hp_gain":0.0,"max_hp_loss":0.0,"gold_gain":75.0,"event_name":"World of Goop","player_choice":"Gather Gold","floor":3.0,"gold_loss":0.0,"damage_taken":11.0},{"cards_removed":["Strike_R"],"damage_healed":0.0,"max_hp_gain":0.0,"max_hp_loss":0.0,"gold_gain":0.0,"event_name":"Golden Wing","player_choice":"Card Removal","floor":5.0,"gold_loss":0.0,"damage_taken":7.0},{"damage_healed":0,"gold_gain":0,"player_choice":"Ignored","damage_taken":0,"max_hp_gain":0,"max_hp_loss":0,"event_name":"The Mausoleum","floor":20,"gold_loss":0},{"damage_healed":0,"gold_gain":0,"player_choice":"Ignored","damage_taken":0,"max_hp_gain":0,"max_hp_loss":0,"event_name":"Vampires","floor":25,"gold_loss":0}],"is_beta":true,"boss_relics":[{"not_picked":["Snecko Eye","Runic Cube"],"picked":"Black Blood"}],"items_purged_floors":[11,19,24],"is_endless":false,"potions_floor_spawned":[4,6,21,22],"killed_by":"Book of Stabbing","ascension_level":20}