{"gold_per_floor":[116,116,41,58,71,98,108,108,108,108,122,154,154,175,175,273,273,289,204,254,31,49,49,85,85,85,101,125,141,5,18,18,18],"floor_reached":33,"playtime":1041,"items_purged":["Strike_R","Strike_R"],"score":583,"play_id":"6bdb3c1c-2f4e-46c8-a656-dfb8d5cdc786","local_time":"20190916120607","is_ascension_mode":true,"campfire_choices":[{"data":"Feed","floor":8,"key":"SMITH"},{"data":"Bash","floor":10,"key":"SMITH"},{"data":"Rampage","floor":15,"key":"SMITH"},{"floor":23,"key":"REST"},{"floor":25,"key":"REST"},{"floor":32,"key":"REST"}],"neow_cost":"CURSE","seed_source_timestamp":359657999070900,"circlet_count":0,"master_deck":["AscendersBane","Strike_R","Strike_R","Defend_R","Defend_R","Defend_R","Defend_R","Bash+1","Clumsy","Feed+1","Rampage+1","Pummel","Shrug It Off","Dark Embrace","Anger","Inflame","Fiend Fire","Shrug It Off","Body Slam","True Grit","Rage","Seeing Red","Ghostly Armor","Shrug It Off","Discovery","True Grit"],"relics":["Burning Blood","Bronze Scales","Red Skull","Mercury Hourglass","Golden Idol","Fusion Hammer","Letter Opener","Membership Card","Kunai","Question Card"],"potions_floor_usage":[6,6,12,16,16,24,29,33],"damage_taken":[{"damage":1,"enemies":"Cultist","floor":1,"turns":3},{"damage":14,"enemies":"Small Slimes","floor":4,"turns":4},{"damage":14,"enemies":"Jaw Worm","floor":5,"turns":3},{"damage":22,"enemies":"Lagavulin","floor":6,"turns":5},{"damage":9,"enemies":"Blue Slaver","floor":7,"turns":6},{"damage":4,"enemies":"2 Fungi Beasts","floor":11,"turns":3},{"damage":12,"enemies":"3 Sentries","floor":12,"turns":6},{"damage":10,"enemies":"Exordium Thugs","floor":14,"turns":3},{"damage":14,"enemies":"Hexaghost","floor":16,"turns":6},{"damage":5,"enemies":"Chosen","floor":18,"turns":5},{"damage":21,"enemies":"Spheric Guardian","floor":22,"turns":4},{"damage":58,"enemies":"Book of Stabbing","floor":24,"turns":5},{"damage":3,"enemies":"Centurion and Healer","floor":27,"turns":6},{"damage":32,"enemies":"Snake Plant","floor":28,"turns":4},{"damage":32,"enemies":"Chosen and Byrds","floor":29,"turns":5},{"damage":13,"enemies":"Shelled Parasite and Fungi","floor":31,"turns":3},{"damage":57,"enemies":"Champ","floor":33,"turns":11}],"seed_played":"-5113897650880597501","potions_obtained":[{"floor":4,"key":"Block Potion"},{"floor":5,"key":"AttackPotion"},{"floor":7,"key":"AttackPotion"},{"floor":11,"key":"Swift Potion"},{"floor":14,"key":"Strength Potion"},{"floor":16,"key":"Strength Potion"},{"floor":18,"key":"SpeedPotion"},{"floor":28,"key":"AttackPotion"},{"floor":31,"key":"FearPotion"}],"is_trial":false,"path_per_floor":["M","?","$","M","M","E","M","R","T","R","M","E","?","M","R","B",null,"M","?","?","$","M","R","E","R","T","M","M","M","$","M","R","B"],"character_chosen":"IRONCLAD","items_purchased":["Membership Card","Shrug It Off","Shrug It Off","Discovery","True Grit"],"campfire_rested":3,"item_purchase_floors":[21,21,30,30,30],"current_hp_per_floor":[76,69,69,64,56,43,43,43,43,43,49,47,47,43,43,39,77,78,78,78,78,67,94,42,70,70,77,51,29,29,22,52,0],"gold":18,"neow_bonus":"THREE_RARE_CARDS","is_prod":false,"is_daily":false,"chose_seed":false,"campfire_upgraded":3,"win_rate":0,"timestamp":1568660767,"path_taken":["M","?","$","M","M","E","M","R","T","R","M","E","?","?","R","BOSS","M","?","?","$","M","R","E","R","T","M","M","M","$","M","R","BOSS"],"build_version":"2019-07-17","purchased_purges":2,"victory":false,"max_hp_per_floor":[78,78,78,81,81,84,87,87,87,87,91,95,86,86,86,90,90,90,90,90,90,94,94,94,94,94,98,98,102,102,102,102,102],"card_choices":[{"not_picked":["Barricade","Immolate"],"picked":"Feed","floor":0},{"not_picked":["Havoc","Body Slam"],"picked":"Rampage","floor":1},{"not_picked":["Burning Pact","Clash"],"picked":"Pummel","floor":4},{"not_picked":["Iron Wave","Clash"],"picked":"Shrug It Off","floor":5},{"not_picked":["Bloodletting","Limit Break"],"picked":"Dark Embrace","floor":6},{"not_picked":["Twin Strike","Flex"],"picked":"Anger","floor":7},{"not_picked":["Warcry","Hemokinesis","Perfected Strike"],"picked":"SKIP","floor":11},{"not_picked":["Rampage","Headbutt","Whirlwind"],"picked":"SKIP","floor":12},{"not_picked":["Thunderclap","Warcry"],"picked":"Inflame","floor":14},{"not_picked":["Brutality","Berserk"],"picked":"Fiend Fire","floor":16},{"not_picked":["Searing Blow","Clash+1","Burning Pact"],"picked":"SKIP","floor":18},{"not_picked":["Heavy Blade","Havoc"],"picked":"Body Slam","floor":22},{"not_picked":["Armaments","Cleave"],"picked":"True Grit","floor":24},{"not_picked":["Second Wind","Thunderclap","Combust"],"picked":"Rage","floor":27},{"not_picked":["Flex","Perfected Strike","Fire Breathing"],"picked":"Seeing Red","floor":28},{"not_picked":["Anger","Iron Wave","Body Slam"],"picked":"Ghostly Armor","floor":29},{"not_picked":["Headbutt","Havoc","Anger","Warcry"],"picked":"SKIP","floor":31}],"player_experience":772530,"relics_obtained":[{"floor":6,"key":"Bronze Scales"},{"floor":9,"key":"Red Skull"},{"floor":12,"key":"Mercury Hourglass"},{"floor":24,"key":"Kunai"},{"floor":26,"key":"Question Card"}],"event_choices":[{"cards_removed":["Strike_R"],"damage_healed":0,"gold_gain":0,"player_choice":"Card Removal","damage_taken":7,"max_hp_gain":0,"max_hp_loss":0,"event_name":"Golden Wing","floor":2,"gold_loss":0},{"damage_healed":0,"gold_gain":0,"player_choice":"Lose Max HP","damage_taken":0,"relics_obtained":["Golden Idol"],"max_hp_gain":0,"max_hp_loss":9,"event_name":"Golden Idol","floor":13,"gold_loss":0},{"damage_healed":0,"gold_gain":0,"player_choice":"Obtained Relic","damage_taken":0,"relics_obtained":["Letter Opener"],"max_hp_gain":0,"max_hp_loss":0,"event_name":"Addict","floor":19,"gold_loss":85},{"damage_healed":0,"gold_gain":50,"player_choice":"Stole From Cult","damage_taken":0,"max_hp_gain":0,"max_hp_loss":0,"event_name":"Nest","floor":20,"gold_loss":0}],"is_beta":false,"boss_relics":[{"not_picked":["Coffee Dripper","Astrolabe"],"picked":"Fusion Hammer"}],"items_purged_floors":[3,30],"is_endless":false,"potions_floor_spawned":[4,5,7,11,14,16,18,28,31],"killed_by":"Champ","ascension_level":20}