{"gold_per_floor":[214,214,214,233,249,249,268,268,268,294,294,31,31,44,44,145,145,159,159,178,193,212,212,212,14,14,30,50,50,50],"floor_reached":30,"playtime":2764,"items_purged":[],"score":256,"play_id":"a722b358-872d-4f77-8295-6f75a41de23e","local_time":"20180624222954","is_ascension_mode":false,"campfire_choices":[{"data":"Disarm","floor":6,"key":"SMITH"},{"data":"Bash","floor":11,"key":"SMITH"},{"floor":15,"key":"REST"},{"data":"Juggernaut","floor":23,"key":"SMITH"}],"neow_cost":"NONE","seed_source_timestamp":27063811730420,"circlet_count":0,"master_deck":["Defend_R","Defend_R","Defend_R","Defend_R","Bash+1","Disarm+1","Uppercut+1","Clothesline+1","Perfected Strike+1","Twin Strike+1","Headbutt+1","Cleave+1","Juggernaut+1","Wild Strike+1","Sword Boomerang+1","Thunderclap+1","Pommel Strike+1","Bite+1","Bite+1","Bite+1","Bite+1","Bite+1","Fire Breathing","Trip+1","True Grit+1","Metallicize","Shrug It Off+1"],"relics":["Burning Blood","Champion Belt","Molten Egg 2","Paper Frog","Toxic Egg 2","Mercury Hourglass","Spirit Poop","Sozu","Matryoshka"],"potions_floor_usage":[4,10,16,16,18],"damage_taken":[{"damage":8,"enemies":"Cultist","floor":1,"turns":5},{"damage":15,"enemies":"Jaw Worm","floor":4,"turns":4},{"damage":9,"enemies":"Small Slimes","floor":5,"turns":3},{"damage":16,"enemies":"3 Louse","floor":7,"turns":3},{"damage":15,"enemies":"Lagavulin","floor":10,"turns":5},{"damage":11,"enemies":"Gremlin Gang","floor":14,"turns":4},{"damage":2,"enemies":"Hexaghost","floor":16,"turns":7},{"damage":21,"enemies":"2 Thieves","floor":18,"turns":3},{"damage":21,"enemies":"Shell Parasite","floor":20,"turns":5},{"damage":25,"enemies":"Centurion and Healer","floor":21,"turns":4},{"damage":18,"enemies":"3 Cultists","floor":22,"turns":4},{"damage":21,"enemies":"Snecko","floor":27,"turns":4},{"damage":9,"enemies":"Centurion and Healer","floor":28,"turns":5},{"damage":38,"enemies":"Slaver and Parasite","floor":30,"turns":4}],"seed_played":"-2181226580556560414","potions_obtained":[{"floor":1,"key":"Explosive Potion"},{"floor":7,"key":"Block Potion"},{"floor":8,"key":"EssenceOfSteel"},{"floor":8,"key":"Explosive Potion"},{"floor":16,"key":"EssenceOfSteel"}],"is_trial":false,"path_per_floor":["M","T","?","M","M","R","M","?","T","E","R","$","?","M","R","B",null,"M","?","M","M","M","R","?","$","T","M","M","?"],"character_chosen":"IRONCLAD","items_purchased":["Mercury Hourglass","Headbutt+1","Fire Breathing","Trip+1","True Grit+1"],"campfire_rested":1,"item_purchase_floors":[12,12,25,25,25],"current_hp_per_floor":[78,78,78,69,66,66,56,56,56,47,47,47,47,42,66,70,80,65,65,50,31,19,19,19,19,19,19,31,22,0],"gold":50,"neow_bonus":"HUNDRED_GOLD","is_prod":false,"is_daily":false,"chose_seed":false,"campfire_upgraded":3,"win_rate":0,"timestamp":1529893794,"path_taken":["M","?","?","?","M","R","M","?","T","E","R","$","?","M","R","BOSS","M","?","M","M","?","R","?","$","T","?","M","?","M"],"build_version":"2018-06-21v2","purchased_purges":0,"victory":false,"max_hp_per_floor":[80,80,80,80,80,80,80,80,80,80,80,80,80,80,80,80,80,80,80,80,80,80,80,56,56,56,56,56,61,61],"card_choices":[{"not_picked":["Hemokinesis","Body Slam"],"picked":"Disarm","floor":1},{"not_picked":["Pummel+1","Headbutt+1"],"picked":"Uppercut+1","floor":4},{"not_picked":["Burning Pact","Havoc"],"picked":"Clothesline+1","floor":5},{"not_picked":["Dual Wield","Sword Boomerang+1"],"picked":"Perfected Strike+1","floor":7},{"not_picked":["Clothesline+1","Havoc"],"picked":"Twin Strike+1","floor":10},{"not_picked":["Clothesline+1","Barricade"],"picked":"Cleave+1","floor":14},{"not_picked":["Dark Embrace","Brutality"],"picked":"Juggernaut","floor":16},{"not_picked":["Combust+1","Flex+1"],"picked":"Wild Strike+1","floor":18},{"not_picked":["Warcry+1","True Grit+1"],"picked":"Sword Boomerang+1","floor":20},{"not_picked":["Body Slam+1","Perfected Strike+1"],"picked":"Thunderclap+1","floor":21},{"not_picked":["Twin Strike+1","Warcry+1"],"picked":"Pommel Strike+1","floor":22},{"not_picked":["Thunderclap+1","Rampage+1"],"picked":"Metallicize","floor":27},{"not_picked":["Sever Soul+1","Body Slam+1"],"picked":"Shrug It Off+1","floor":28}],"player_experience":237448,"relics_obtained":[{"floor":2,"key":"Champion Belt"},{"floor":9,"key":"Paper Frog"},{"floor":10,"key":"Toxic Egg 2"},{"floor":26,"key":"Matryoshka"}],"event_choices":[{"event_name":"Big Fish","player_choice":"Box","floor":3,"damage_taken":0},{"event_name":"The Lab","player_choice":"Got Potions","floor":8,"damage_taken":0},{"event_name":"Bonfire Elementals","player_choice":"CURSE","floor":13,"damage_taken":0},{"event_name":"Beggar","player_choice":"Ignored","floor":19,"damage_taken":0},{"event_name":"Vampires","player_choice":"Became a vampire","floor":24,"damage_taken":0},{"event_name":"Forgotten Altar","player_choice":"Shed Blood","floor":29,"damage_taken":0}],"boss_relics":[{"not_picked":["Busted Crown","Empty Cage"],"picked":"Sozu"}],"items_purged_floors":[],"is_endless":false,"potions_floor_spawned":[1,7,16,20,22],"killed_by":"Slaver and Parasite","ascension_level":0}