{"gold_per_floor":[117,33,46,58,74,74,74,74,74,74,106,86,86,65,65,65],"floor_reached":16,"playtime":448,"items_purged":[],"score":200,"play_id":"c250e07e-15de-4065-8104-6b570c35d5d9","local_time":"20190916093751","is_ascension_mode":true,"campfire_choices":[{"data":"Armaments","floor":6,"key":"SMITH"},{"data":"Barricade","floor":8,"key":"SMITH"},{"data":"Bash","floor":10,"key":"SMITH"},{"floor":15,"key":"REST"}],"neow_cost":"NONE","seed_source_timestamp":351355424427600,"circlet_count":0,"master_deck":["AscendersBane","Strike_R","Strike_R","Strike_R","Strike_R","Strike_R","Defend_R+1","Defend_R","Defend_R+1","Defend_R","Bash+1","Armaments+1","Evolve","Power Through","Anger","Barricade+1"],"relics":["Burning Blood","Juzu Bracelet","Ornamental Fan"],"potions_floor_usage":[16,16,16,16],"damage_taken":[{"damage":5,"enemies":"Cultist","floor":1,"turns":5},{"damage":9,"enemies":"2 Louse","floor":3,"turns":3},{"damage":0,"enemies":"Small Slimes","floor":4,"turns":4},{"damage":8,"enemies":"2 Fungi Beasts","floor":5,"turns":5},{"damage":29,"enemies":"3 Sentries","floor":11,"turns":10},{"damage":12,"enemies":"Exordium Thugs","floor":14,"turns":4},{"damage":43,"enemies":"Slime Boss","floor":16,"turns":8}],"seed_played":"-9125433222818376054","potions_obtained":[{"floor":11,"key":"SteroidPotion"},{"floor":12,"key":"EntropicBrew"}],"is_trial":false,"path_per_floor":["M","$","M","M","M","R","$","R","T","R","E","?","?","M","R","B"],"character_chosen":"IRONCLAD","items_purchased":["Power Through"],"campfire_rested":1,"item_purchase_floors":[2],"current_hp_per_floor":[69,69,66,72,70,70,70,70,70,70,47,47,24,18,40,0],"gold":65,"neow_bonus":"THREE_CARDS","is_prod":false,"is_daily":false,"chose_seed":false,"campfire_upgraded":3,"win_rate":0,"timestamp":1568651871,"path_taken":["M","?","M","M","M","R","$","R","T","R","E","?","?","M","R","BOSS"],"build_version":"2019-07-17","purchased_purges":0,"victory":false,"max_hp_per_floor":[75,75,75,75,75,75,75,75,75,75,75,75,75,75,75,75],"card_choices":[{"not_picked":["Pommel Strike","Havoc"],"picked":"Armaments","floor":0},{"not_picked":["Warcry","Hemokinesis"],"picked":"Evolve","floor":1},{"not_picked":["Heavy Blade","Searing Blow"],"picked":"Anger","floor":3},{"not_picked":["Havoc","Hemokinesis"],"picked":"Barricade","floor":4},{"not_picked":["Searing Blow","Perfected Strike","Pommel Strike"],"picked":"SKIP","floor":5},{"not_picked":["Spot Weakness","Carnage","Barricade"],"picked":"SKIP","floor":11},{"not_picked":["Cleave","Dropkick","Twin Strike"],"picked":"SKIP","floor":14}],"player_experience":764579,"relics_obtained":[{"floor":9,"key":"Juzu Bracelet"},{"floor":11,"key":"Ornamental Fan"}],"event_choices":[{"damage_healed":0,"gold_gain":0,"player_choice":"Bought 1 Potion","damage_taken":0,"max_hp_gain":0,"max_hp_loss":0,"event_name":"The Woman in Blue","floor":12,"gold_loss":0},{"damage_healed":0,"gold_gain":0,"player_choice":"Entered Light","damage_taken":23,"max_hp_gain":0,"max_hp_loss":0,"event_name":"Shining Light","floor":13,"gold_loss":0,"cards_upgraded":["Defend_R","Defend_R"]}],"is_beta":false,"boss_relics":[],"items_purged_floors":[],"is_endless":false,"potions_floor_spawned":[11],"killed_by":"Slime Boss","ascension_level":20}