{"gold_per_floor":[144,189,189,234,5,5,50,95,95,185,230,275,365,365,365,665,665,710,710,37,82,82,172,172,217,217,17,17,62,152,197,197,497,497,542,542,587,6,6,96,141,141,141,186,276,321,366,39,39,39],"floor_reached":51,"playtime":3610,"items_purged":["Normality"],"score":861,"play_id":"c5910aa6-a1d9-44f6-8617-7900ce47576e","local_time":"20190516220735","daily_mods":["SealedDeck","Colorless Cards","Midas"],"is_ascension_mode":false,"campfire_choices":[{"floor":6,"key":"REST"},{"floor":15,"key":"REST"},{"floor":24,"key":"REST"},{"floor":28,"key":"REST"},{"floor":32,"key":"REST"},{"floor":49,"key":"REST"}],"neow_cost":"","seed_source_timestamp":0,"circlet_count":0,"master_deck":["Pommel Strike","Dark Shackles","Good Instincts","Madness","Pommel Strike","Perfected Strike","Evolve","Shrug It Off","Enlightenment","Iron Wave","Immolate","Double Tap","Finesse","Clothesline","Deep Breath","Armaments+1","Body Slam","Reckless Charge","Dramatic Entrance","Infernal Blade","Iron Wave","Flex","Twin Strike","Iron Wave","Chrysalis","Flex","Flex","Pommel Strike","Havoc","Flame Barrier","Metallicize+1","Intimidate","Adrenaline","Deadly Poison","Blade Dance+1","Secret Technique","Poisoned Stab","Wild Strike+1","Panache","Blind","Madness","Madness","Panache","Parasite","Clothesline+1","Beam Cell","Turbo","Madness+1","Slice+1","Sword Boomerang"],"special_seed":18033,"relics":["Burning Blood","Shuriken","Matryoshka","Omamori","Sundial","Cursed Key","Du-Vu Doll","Kunai","Smiling Mask","Orichalcum","Bottled Flame","PrismaticShard","Anchor","Runic Pyramid","Ornamental Fan","PreservedInsect","Bag of Marbles","Darkstone Periapt","Gremlin Horn","Question Card","Bag of Preparation","Blue Candle"],"potions_floor_usage":[11,16,29,30,33,33,33,50,50,50],"damage_taken":[{"damage":0,"enemies":"2 Louse","floor":1,"turns":3},{"damage":0,"enemies":"Cultist","floor":2,"turns":3},{"damage":0,"enemies":"Jaw Worm","floor":4,"turns":2},{"damage":0,"enemies":"3 Louse","floor":7,"turns":2},{"damage":2,"enemies":"Red Slaver","floor":8,"turns":4},{"damage":0,"enemies":"Gremlin Nob","floor":10,"turns":2},{"damage":0,"enemies":"Gremlin Gang","floor":11,"turns":4},{"damage":4,"enemies":"2 Fungi Beasts","floor":12,"turns":2},{"damage":11,"enemies":"Lagavulin","floor":13,"turns":5},{"damage":27,"enemies":"Hexaghost","floor":16,"turns":9},{"damage":10,"enemies":"2 Thieves","floor":18,"turns":2},{"damage":0,"enemies":"Chosen","floor":21,"turns":3},{"damage":0,"enemies":"Gremlin Leader","floor":23,"turns":7},{"damage":6,"enemies":"Snecko","floor":25,"turns":5},{"damage":0,"enemies":"Cultist and Chosen","floor":29,"turns":5},{"damage":39,"enemies":"Slavers","floor":30,"turns":4},{"damage":18,"enemies":"Chosen and Byrds","floor":31,"turns":6},{"damage":21,"enemies":"Champ","floor":33,"turns":9},{"damage":6,"enemies":"3 Shapes","floor":35,"turns":4},{"damage":0,"enemies":"Orb Walker","floor":37,"turns":3},{"damage":11,"enemies":"Reptomancer","floor":40,"turns":4},{"damage":5,"enemies":"Writhing Mass","floor":41,"turns":5},{"damage":0,"enemies":"Jaw Worm Horde","floor":44,"turns":2},{"damage":23,"enemies":"Nemesis","floor":45,"turns":5},{"damage":6,"enemies":"Sphere and 2 Shapes","floor":46,"turns":2},{"damage":0,"enemies":"Transient","floor":47,"turns":5},{"damage":32,"enemies":"Donu and Deca","floor":50,"turns":8}],"seed_played":"-1612289906937748911","potions_obtained":[{"floor":7,"key":"BloodPotion"},{"floor":8,"key":"Energy Potion"},{"floor":11,"key":"Regen Potion"},{"floor":21,"key":"LiquidBronze"},{"floor":25,"key":"PowerPotion"},{"floor":30,"key":"Energy Potion"},{"floor":31,"key":"EssenceOfSteel"},{"floor":37,"key":"Strength Potion"},{"floor":40,"key":"Dexterity Potion"},{"floor":45,"key":"Weak Potion"}],"is_trial":false,"path_per_floor":["M","M","?","M","$","R","M","M","T","E","M","M","E","?","R","B",null,"M","?","$","M","?","E","R","M","T","$","R","M","E","M","R","B",null,"M","?","M","$","?","E","M","?","T","M","E","M","M","$","R","B",null],"character_chosen":"IRONCLAD","items_purchased":["Deep Breath","Armaments","Body Slam","Reckless Charge","Du-Vu Doll","Kunai","Flex","Pommel Strike","Havoc","PrismaticShard","PreservedInsect","Panache","Bag of Marbles","Blind","Flex","Blue Candle","Sword Boomerang"],"campfire_rested":6,"item_purchase_floors":[5,5,5,5,20,20,20,20,20,27,38,38,38,38,38,48,48],"current_hp_per_floor":[80,80,80,80,80,80,80,80,80,80,80,80,75,75,80,69,80,76,76,76,80,80,80,80,80,80,80,80,80,47,35,59,52,80,80,80,80,80,70,65,72,72,78,84,67,67,73,73,92,66],"gold":39,"neow_bonus":"","is_prod":false,"is_daily":true,"chose_seed":false,"campfire_upgraded":0,"win_rate":0,"timestamp":1558058855,"path_taken":["M","M","?","?","$","R","M","M","T","E","M","M","E","?","R","BOSS","M","?","$","M","?","E","R","M","T","$","R","M","E","M","R","BOSS","M","?","?","$","?","E","M","?","T","M","E","M","M","$","R","BOSS"],"build_version":"2019-01-23","purchased_purges":1,"victory":true,"max_hp_per_floor":[80,80,80,80,80,80,80,80,80,80,80,80,80,80,80,80,80,80,80,80,80,80,80,80,80,80,80,80,80,80,80,80,80,80,80,80,80,80,80,80,86,86,92,92,92,92,92,92,92,92],"card_choices":[{"not_picked":["Armaments","Deep Breath"],"picked":"Iron Wave","floor":1},{"not_picked":["Anger","Combust"],"picked":"Immolate","floor":2},{"not_picked":["Shrug It Off","Iron Wave"],"picked":"Clothesline","floor":4},{"not_picked":["Body Slam","Havoc"],"picked":"Dramatic Entrance","floor":7},{"not_picked":["Clash","Cleave"],"picked":"Infernal Blade","floor":8},{"not_picked":["Warcry","Cleave"],"picked":"Iron Wave","floor":10},{"not_picked":["Anger","Jack Of All Trades"],"picked":"Flex","floor":11},{"not_picked":["Metallicize","Infernal Blade"],"picked":"Twin Strike","floor":12},{"not_picked":["Offering","Enlightenment"],"picked":"Iron Wave","floor":13},{"not_picked":["Violence","Transmutation"],"picked":"Chrysalis","floor":16},{"not_picked":["Clothesline","Rampage"],"picked":"Flex","floor":18},{"not_picked":["Reckless Charge","Twin Strike"],"picked":"Flame Barrier","floor":21},{"not_picked":["Sentinel","Warcry+1"],"picked":"Metallicize+1","floor":23},{"not_picked":["Cleave","Hemokinesis+1"],"picked":"Intimidate","floor":25},{"not_picked":["True Grit","Anger+1"],"picked":"Adrenaline","floor":29},{"not_picked":["Armaments","Cleave"],"picked":"Deadly Poison","floor":30},{"not_picked":["Uppercut+1","Acrobatics+1"],"picked":"Blade Dance+1","floor":31},{"not_picked":["Transmutation","Unload"],"picked":"Secret Technique","floor":33},{"not_picked":["Dagger Throw+1","Leap+1"],"picked":"Poisoned Stab","floor":35},{"not_picked":["Rebound","Underhanded Strike+1"],"picked":"Wild Strike+1","floor":37},{"not_picked":["PiercingWail","True Grit+1"],"picked":"Panache","floor":40},{"not_picked":["Rupture","Redo+1"],"picked":"Clothesline+1","floor":41},{"not_picked":["Compile Driver","Expertise","Armaments"],"picked":"Beam Cell","floor":44},{"not_picked":["Dagger Throw","Defragment","Rampage"],"picked":"Turbo","floor":45},{"not_picked":["Quick Slash","Uppercut","Iron Wave"],"picked":"Madness+1","floor":46},{"not_picked":["PiercingWail+1","Consume","Ghostly Armor"],"picked":"Slice+1","floor":47}],"player_experience":677223,"relics_obtained":[{"floor":9,"key":"Shuriken"},{"floor":10,"key":"Matryoshka"},{"floor":13,"key":"Omamori"},{"floor":23,"key":"Smiling Mask"},{"floor":26,"key":"Orichalcum"},{"floor":26,"key":"Bottled Flame"},{"floor":30,"key":"Anchor"},{"floor":40,"key":"Darkstone Periapt"},{"floor":43,"key":"Gremlin Horn"},{"floor":43,"key":"Question Card"},{"floor":45,"key":"Bag of Preparation"}],"event_choices":[{"damage_healed":0,"gold_gain":0,"player_choice":"2 cards matched","damage_taken":0,"max_hp_gain":0,"max_hp_loss":0,"event_name":"Match and Keep!","floor":3,"gold_loss":0,"cards_obtained":["Double Tap","Finesse"]},{"damage_healed":0,"gold_gain":0,"player_choice":"Box","damage_taken":0,"relics_obtained":["Sundial"],"max_hp_gain":0,"max_hp_loss":0,"event_name":"Big Fish","floor":14,"gold_loss":0,"cards_obtained":["Regret"]},{"damage_healed":0,"gold_gain":0,"player_choice":"Simplicity","damage_taken":0,"max_hp_gain":0,"max_hp_loss":0,"event_name":"Back to Basics","floor":19,"gold_loss":0,"cards_upgraded":[]},{"damage_healed":0,"gold_gain":0,"player_choice":"Upgraded","damage_taken":0,"max_hp_gain":0,"max_hp_loss":0,"event_name":"Upgrade Shrine","floor":22,"gold_loss":0,"cards_upgraded":["Armaments"]},{"cards_removed":["Cleave"],"damage_healed":0,"gold_gain":0,"player_choice":"Gave Card","damage_taken":0,"relics_obtained":["Ornamental Fan"],"max_hp_gain":0,"max_hp_loss":0,"event_name":"WeMeetAgain","floor":36,"gold_loss":0},{"damage_healed":0,"gold_gain":0,"player_choice":"Embrace Madness","damage_taken":10,"max_hp_gain":0,"max_hp_loss":0,"event_name":"Winding Halls","floor":39,"gold_loss":0,"cards_obtained":["Madness","Madness"]},{"cards_removed":["Flex"],"damage_healed":0,"gold_gain":0,"player_choice":"Removed Skill","damage_taken":0,"max_hp_gain":0,"max_hp_loss":0,"event_name":"Falling","floor":42,"gold_loss":0}],"is_beta":false,"boss_relics":[{"not_picked":["Coffee Dripper","Runic Dome"],"picked":"Cursed Key"},{"not_picked":["White Beast Statue","Velvet Choker"],"picked":"Runic Pyramid"}],"items_purged_floors":[48],"is_endless":false,"potions_floor_spawned":[7,8,11,21,25,30,31,37,40,45],"ascension_level":0}