{"gold_per_floor":[112,287,362,6,21,21,31,31,116,116,21,21,21,21,21,124,124,144,154,154,40,54,54,67,67,67,67,87,101,170,185,185,185],"floor_reached":33,"playtime":1334,"items_purged":[],"score":235,"play_id":"ce64400b-000d-4c30-a87f-9b6eaa9c132a","local_time":"20180718074239","is_ascension_mode":false,"campfire_choices":[{"data":"Zap","floor":6,"key":"SMITH"},{"data":"Dualcast","floor":8,"key":"SMITH"},{"data":"Fusion","floor":10,"key":"SMITH"},{"data":"Rip and Tear","floor":13,"key":"SMITH"},{"data":"BootSequence","floor":15,"key":"SMITH"},{"data":"Hello World","floor":23,"key":"SMITH"},{"data":"Genetic Algorithm","floor":25,"key":"SMITH"},{"data":"Mind Blast","floor":27,"key":"SMITH"},{"data":"Meteor Strike","floor":32,"key":"SMITH"}],"neow_cost":"NONE","seed_source_timestamp":143344101070010,"circlet_count":0,"master_deck":["Strike_B","Strike_B","Strike_B","Strike_B","Defend_B","Defend_B","Defend_B","Defend_B","Zap+1","Dualcast+1","Fusion+1","Doubt","Rip and Tear+1","BootSequence+1","Dramatic Entrance","Parasite","Core Surge","Double Energy","Coolheaded+1","Hello World+1","Mind Blast+1","Sweeping Beam","Chill","Genetic Algorithm+1","Static Discharge","Meteor Strike+1","Streamline+1"],"relics":["Cracked Core","Anchor","Bronze Scales","TheAbacus","Tiny Chest","Cables","Runic Pyramid","Bottled Lightning","Smiling Mask"],"potions_floor_usage":[16,16,24,31,33,33],"damage_taken":[{"damage":0,"enemies":"2 Louse","floor":1,"turns":2},{"damage":0,"enemies":"Small Slimes","floor":5,"turns":4},{"damage":2,"enemies":"Jaw Worm","floor":7,"turns":2},{"damage":28,"enemies":"Hexaghost","floor":16,"turns":9},{"damage":5,"enemies":"Chosen","floor":18,"turns":4},{"damage":5,"enemies":"Spheric Guardian","floor":19,"turns":3},{"damage":11,"enemies":"Snake Plant","floor":22,"turns":3},{"damage":2,"enemies":"Centurion and Healer","floor":24,"turns":10},{"damage":3,"enemies":"3 Cultists","floor":28,"turns":6},{"damage":7,"enemies":"Cultist and Chosen","floor":29,"turns":5},{"damage":15,"enemies":"Snecko","floor":31,"turns":3},{"damage":51,"enemies":"Automaton","floor":33,"turns":6}],"seed_played":"-4920375390935019720","potions_obtained":[{"floor":1,"key":"FocusPotion"},{"floor":5,"key":"Weak Potion"},{"floor":16,"key":"Energy Potion"},{"floor":18,"key":"FearPotion"},{"floor":28,"key":"Ancient Potion"},{"floor":29,"key":"FearPotion"}],"is_trial":false,"path_per_floor":["M","?","?","$","M","R","M","R","T","R","$","?","R","?","R","B",null,"M","M","?","$","M","R","M","R","T","R","M","M","T","M","R"],"character_chosen":"DEFECT","items_purchased":["Bronze Scales","TheAbacus","Dramatic Entrance","Mind Blast","Sweeping Beam"],"campfire_rested":0,"item_purchase_floors":[4,4,11,21,21],"current_hp_per_floor":[75,75,64,64,64,64,62,62,62,62,62,75,75,72,72,44,75,70,65,65,65,54,54,52,52,52,52,49,42,42,27,27,0],"gold":185,"neow_bonus":"RANDOM_COMMON_RELIC","is_prod":false,"is_daily":false,"chose_seed":false,"campfire_upgraded":9,"win_rate":0.0,"timestamp":1531914159,"path_taken":["M","?","?","$","M","R","?","R","T","R","$","?","R","?","R","BOSS","M","M","?","$","M","R","M","R","T","R","?","M","?","M","R","BOSS"],"build_version":"2018-07-12","purchased_purges":0,"victory":false,"max_hp_per_floor":[75,75,75,75,75,75,75,75,75,75,75,75,75,75,75,75,75,75,75,75,75,75,75,75,75,75,75,75,75,75,75,75,75],"card_choices":[{"not_picked":["Hologram","Lockon"],"picked":"Fusion","floor":1},{"not_picked":["Skim","Recycle"],"picked":"Rip and Tear","floor":5},{"not_picked":["Reprogram","Redo"],"picked":"BootSequence","floor":7},{"not_picked":["Multi-Cast","Reboot"],"picked":"Core Surge","floor":16},{"not_picked":["Go for the Eyes","Gash"],"picked":"Double Energy","floor":18},{"not_picked":["Hologram","Cold Snap"],"picked":"Coolheaded+1","floor":19},{"not_picked":["Beam Cell","Darkness"],"picked":"Chill","floor":22},{"not_picked":["Aggregate","FTL"],"picked":"Genetic Algorithm","floor":24},{"not_picked":["Stack","Ball Lightning"],"picked":"Static Discharge","floor":28},{"not_picked":["Coolheaded","Redo"],"picked":"Meteor Strike","floor":29},{"not_picked":["Ball Lightning","Barrage"],"picked":"Streamline+1","floor":31}],"player_experience":287421,"relics_obtained":[{"floor":9,"key":"Tiny Chest"},{"floor":26,"key":"Bottled Lightning"},{"floor":30,"key":"Smiling Mask"}],"event_choices":[{"event_name":"Liars Game","player_choice":"agreed","floor":2,"damage_taken":0},{"event_name":"World of Goop","player_choice":"Gather Gold","floor":3,"damage_taken":0},{"event_name":"Mushrooms","player_choice":"Healed and dodged fight","floor":12,"damage_taken":0},{"event_name":"Scrap Ooze","player_choice":"success","floor":14,"damage_taken":3},{"event_name":"The Library","player_choice":"Read","floor":20,"damage_taken":0}],"boss_relics":[{"not_picked":["Philosopher\u0027s Stone","Velvet Choker"],"picked":"Runic Pyramid"}],"items_purged_floors":[],"is_endless":false,"potions_floor_spawned":[1,5,16,18,28,29],"killed_by":"Automaton","ascension_level":0}