{"path_per_floor":["M","?","M","$","?","R","E","M","T","?","$","R","?","?","R","B",null,"M","?","?","?","?","R","E","$","T","R","?","M","R","$","R","B",null,"M","?","M","$","M","E","$","R","T","?","?","R","?","?","R","B"],"character_chosen":"IRONCLAD","items_purchased":["Disarm","Corruption","Shrug It Off","Molten Egg 2","Paper Frog","Sadistic Nature","Shuriken","Feel No Pain","Twin Strike+1","Pommel Strike+1","Flex","Heavy Blade+1"],"gold_per_floor":[114,114,129,10,10,10,40,55,55,55,9,9,9,259,259,359,359,374,374,374,374,374,374,704,1,26,26,276,291,291,2,2,102,102,117,117,132,32,47,77,2,2,2,0,12,12,12,12,12,12],"floor_reached":51,"campfire_rested":1,"playtime":3815,"item_purchase_floors":[4,4,11,25,25,25,31,31,38,38,41,41],"current_hp_per_floor":[80,80,80,80,86,86,62,61,67,67,67,67,67,73,73,61,104,102,102,102,102,108,108,88,88,94,94,100,90,90,90,90,68,128,125,125,125,125,125,92,92,92,98,98,94,94,94,94,134,111],"items_purged":[],"gold":12,"score":931,"play_id":"f2d3f7c3-4af7-466f-b268-7765e53e3209","local_time":"20180525014554","daily_mods":["Heirloom","Cursed Run","Time Dilation"],"is_prod":false,"is_daily":true,"chose_seed":false,"is_ascension_mode":false,"campfire_upgraded":6,"win_rate":0.0,"timestamp":1527227154,"campfire_choices":[{"data":"1","floor":6,"key":"LIFT"},{"data":"2","floor":12,"key":"LIFT"},{"data":"3","floor":15,"key":"LIFT"},{"data":"Metallicize","floor":23,"key":"SMITH"},{"data":"Limit Break","floor":27,"key":"SMITH"},{"data":"Bludgeon","floor":30,"key":"SMITH"},{"data":"Feel No Pain","floor":32,"key":"SMITH"},{"data":"Limit Break","floor":42,"key":"SMITH"},{"data":"Pummel","floor":46,"key":"SMITH"},{"floor":49,"key":"REST"}],"path_taken":["M","?","M","$","?","R","E","M","T","?","$","R","?","?","R","BOSS","M","?","?","?","?","R","E","$","T","R","?","M","R","?","R","BOSS","M","?","M","$","M","E","$","R","T","?","?","R","?","?","R","BOSS"],"build_version":"2018-05-24","seed_source_timestamp":0,"purchased_purges":0,"victory":true,"master_deck":["Strike_R","Strike_R","Strike_R","Strike_R","Defend_R","Defend_R","Defend_R","Defend_R","Bash","Heavy Blade","Disarm","Corruption","Regret","Metallicize+1","Iron Wave","Writhe","Bash","Bludgeon+1","Shrug It Off","Regret","Decay","Immolate","Thunderclap+1","Pummel+1","Perfected Strike","Fiend Fire","Normality","Bash","Limit Break+1","Sadistic Nature","Parasite","Regret","Infernal Blade","Feel No Pain+1","Writhe","Limit Break+1","Perfected Strike+1","Warcry","Power Through","Sword Boomerang+1","Cleave+1","Clothesline+1","Hemokinesis+1","Twin Strike+1","Pommel Strike+1","Uppercut+1","Pummel+1","Flex","Heavy Blade+1","Regret","Impervious","Limit Break+1","Apotheosis","Decay"],"max_hp_per_floor":[80,80,80,80,86,86,86,86,92,92,92,92,92,98,98,104,104,104,104,104,104,110,110,110,110,116,116,122,122,122,122,122,128,128,128,128,128,128,128,128,128,128,134,134,134,134,134,134,134,140],"relics":["Cursed Key","Darkstone Periapt","Du-Vu Doll","Girya","Bag of Preparation","Juzu Bracelet","Blue Candle","Lizard Tail","Meat on the Bone","Old Coin","Molten Egg 2","Paper Frog","Ancient Tea Set","Shuriken","Orrery","Boot","Bottled Tornado","Red Mask","Champion Belt"],"card_choices":[{"not_picked":["Headbutt","Flex"],"picked":"Heavy Blade","floor":1},{"not_picked":["Whirlwind","Sword Boomerang"],"picked":"Headbutt","floor":3},{"not_picked":["Impervious","Ghostly Armor"],"picked":"Metallicize","floor":7},{"not_picked":["Thunderclap","Bloodletting"],"picked":"Iron Wave","floor":8},{"not_picked":["Juggernaut","Impervious"],"picked":"Immolate","floor":16},{"not_picked":["Twin Strike","Armaments+1"],"picked":"Thunderclap+1","floor":18},{"not_picked":["Cleave+1","Body Slam+1"],"picked":"Limit Break","floor":24},{"not_picked":["Iron Wave+1","Whirlwind+1"],"picked":"Infernal Blade","floor":29},{"not_picked":["Bludgeon+1","Immolate+1"],"picked":"Limit Break","floor":33},{"not_picked":["Heavy Blade+1","Sever Soul+1"],"picked":"Perfected Strike+1","floor":34},{"not_picked":["Rupture","Pummel+1"],"picked":"Warcry","floor":34},{"not_picked":["Sword Boomerang+1","Havoc"],"picked":"Power Through","floor":34},{"not_picked":["Heavy Blade+1","Perfected Strike+1"],"picked":"Sword Boomerang+1","floor":34},{"not_picked":["Shrug It Off","Heavy Blade+1"],"picked":"Cleave+1","floor":34},{"not_picked":["Sentinel+1","True Grit+1"],"picked":"Clothesline+1","floor":35},{"not_picked":["Clash+1","Rupture+1"],"picked":"Hemokinesis+1","floor":37},{"not_picked":["Clothesline+1","Perfected Strike+1"],"picked":"Uppercut+1","floor":39},{"not_picked":["Thunderclap+1","Warcry"],"picked":"Pummel+1","floor":40},{"not_picked":["Clothesline+1","True Grit+1"],"picked":"Impervious","floor":45},{"not_picked":["Secret Technique","Finesse"],"picked":"Apotheosis","floor":48}],"player_experience":77796,"potions_floor_usage":[16,16,16,16,40,50,50,50],"damage_taken":[{"damage":0,"enemies":"2 Louse","floor":1,"turns":2},{"damage":0,"enemies":"Cultist","floor":3,"turns":3},{"damage":24,"enemies":"Lagavulin","floor":7,"turns":4},{"damage":1,"enemies":"Jaw Worm","floor":8,"turns":3},{"damage":18,"enemies":"The Guardian","floor":16,"turns":5},{"damage":2,"enemies":"Spheric Guardian","floor":18,"turns":2},{"damage":20,"enemies":"Slavers","floor":24,"turns":3},{"damage":10,"enemies":"2 Thieves","floor":29,"turns":2},{"damage":28,"enemies":"Collector","floor":33,"turns":7},{"damage":3,"enemies":"3 Darklings","floor":35,"turns":2},{"damage":0,"enemies":"Orb Walker","floor":37,"turns":1},{"damage":0,"enemies":"Maw","floor":39,"turns":2},{"damage":33,"enemies":"Giant Head","floor":40,"turns":7},{"damage":4,"enemies":"Mysterious Sphere","floor":45,"turns":3},{"damage":29,"enemies":"Awakened One","floor":50,"turns":7}],"relics_obtained":[{"floor":7,"key":"Juzu Bracelet"},{"floor":9,"key":"Blue Candle"},{"floor":24,"key":"Old Coin"},{"floor":26,"key":"Ancient Tea Set"},{"floor":40,"key":"Boot"},{"floor":43,"key":"Bottled Tornado"},{"floor":45,"key":"Champion Belt"}],"event_choices":[{"event_name":"Wheel of Change","player_choice":"Full Heal","floor":2,"damage_taken":0},{"event_name":"Big Fish","player_choice":"Box","floor":5,"damage_taken":0},{"event_name":"Match and Keep!","player_choice":"2 cards matched","floor":10,"damage_taken":0},{"event_name":"The Cleric","player_choice":"Leave","floor":13,"damage_taken":0},{"event_name":"Golden Shrine","player_choice":"Desecrate","floor":14,"damage_taken":0},{"event_name":"Accursed Blacksmith","player_choice":"Rummage","floor":19,"damage_taken":0},{"event_name":"Transmorgrifier","player_choice":"Transform","floor":20,"damage_taken":0},{"event_name":"The Library","player_choice":"Read","floor":21,"damage_taken":0},{"event_name":"Match and Keep!","player_choice":"3 cards matched","floor":22,"damage_taken":0},{"event_name":"Golden Shrine","player_choice":"Desecrate","floor":28,"damage_taken":0},{"event_name":"Tomb of Lord Red Mask","player_choice":"Paid","floor":44,"damage_taken":0},{"event_name":"Mysterious Sphere","player_choice":"Fight","floor":45,"damage_taken":0},{"event_name":"Duplicator","player_choice":"One dupe","floor":47,"damage_taken":0},{"event_name":"SensoryStone","player_choice":"Memory 1","floor":48,"damage_taken":0}],"boss_relics":[{"not_picked":["Runic Pyramid","Mark of Pain"],"picked":"Lizard Tail"},{"not_picked":["Tiny House","Runic Dome"],"picked":"Orrery"}],"items_purged_floors":[],"potions_floor_spawned":[1,3,7,18,35,39,40],"seed_played":"-5712251583227970221","ascension_level":0,"potions_obtained":[{"floor":1,"key":"EntropicBrew"},{"floor":3,"key":"EssenceOfSteel"},{"floor":7,"key":"Explosive Potion"},{"floor":18,"key":"EssenceOfSteel"},{"floor":40,"key":"AttackPotion"}],"is_trial":false}