{"gold_per_floor":[109,126,126,151,70,70,70,83,83,104,127,127,127,142,142,241,241,256,256,48,58,5,5,20,32,84,84,115,115,115,130,130,204,204,216,5,5,0,0,0,28,38,38,64,74,74,22,41,41,41,41],"floor_reached":52,"playtime":2164,"items_purged":[],"score":1814,"play_id":"4cc8744e-da28-4561-ad53-f8eb9540837d","local_time":"20190921144547","is_ascension_mode":true,"campfire_choices":[{"data":"Disarm","floor":6.0,"key":"SMITH"},{"data":"Disarm","floor":12.0,"key":"SMITH"},{"data":"Uppercut","floor":15.0,"key":"SMITH"},{"floor":27.0,"key":"REST"},{"floor":29.0,"key":"REST"},{"floor":32.0,"key":"REST"},{"floor":40.0,"key":"REST"},{"floor":46,"key":"REST"},{"floor":49,"key":"REST"}],"neow_cost":"NONE","seed_source_timestamp":396083176867000,"circlet_count":0,"master_deck":["AscendersBane","Strike_R","Strike_R","Strike_R","Strike_R","Strike_R","Defend_R+1","Defend_R+1","Defend_R","Defend_R","Bash","Disarm+1","Sword Boomerang","Disarm+1","Reaper","Sword Boomerang","Double Tap","Uppercut+1","Limit Break","Metallicize","Spot Weakness","Cleave+1","Headbutt","Feed","Shrug It Off","True Grit+1","Reaper","Shrug It Off","Armaments","Master of Strategy","PanicButton","Dark Shackles","Heavy Blade","Shrug It Off"],"special_seed":0,"relics":["Burning Blood","Bloody Idol","Red Skull","Fusion Hammer","PreservedInsect","Juzu Bracelet","Gremlin Horn","Nloth\u0027s Gift","Velvet Choker","Red Mask","Frozen Egg 2","Kunai","Anchor"],"potions_floor_usage":[50],"damage_taken":[{"damage":7.0,"enemies":"Cultist","floor":1.0,"turns":4.0},{"damage":8.0,"enemies":"2 Louse","floor":2.0,"turns":4.0},{"damage":12.0,"enemies":"Jaw Worm","floor":4.0,"turns":8.0},{"damage":27.0,"enemies":"Gremlin Nob","floor":7.0,"turns":4.0},{"damage":5.0,"enemies":"Blue Slaver","floor":8.0,"turns":5.0},{"damage":14.0,"enemies":"Exordium Wildlife","floor":10.0,"turns":4.0},{"damage":0.0,"enemies":"3 Louse","floor":11.0,"turns":3.0},{"damage":42.0,"enemies":"Lots of Slimes","floor":14.0,"turns":5.0},{"damage":14.0,"enemies":"Hexaghost","floor":16.0,"turns":11.0},{"damage":19.0,"enemies":"Spheric Guardian","floor":18.0,"turns":4.0},{"damage":34.0,"enemies":"Chosen","floor":21.0,"turns":6.0},{"damage":43.0,"enemies":"Shelled Parasite and Fungi","floor":24.0,"turns":7.0},{"damage":15.0,"enemies":"Chosen and Byrds","floor":25.0,"turns":5.0},{"damage":36.0,"enemies":"Book of Stabbing","floor":28.0,"turns":6.0},{"damage":21.0,"enemies":"Centurion and Healer","floor":31.0,"turns":11.0},{"damage":73.0,"enemies":"Automaton","floor":33.0,"turns":7.0},{"damage":21.0,"enemies":"Orb Walker","floor":35.0,"turns":4.0},{"damage":22.0,"enemies":"Reptomancer","floor":41.0,"turns":6.0},{"damage":49.0,"enemies":"3 Darklings","floor":42.0,"turns":4.0},{"damage":84.0,"enemies":"Giant Head","floor":44.0,"turns":8.0},{"damage":35,"enemies":"Jaw Worm Horde","floor":45,"turns":5},{"damage":38,"enemies":"Transient","floor":48,"turns":6},{"damage":86,"enemies":"Awakened One","floor":50,"turns":13},{"damage":86,"enemies":"Time Eater","floor":51,"turns":10}],"seed_played":"-3430791732888144633","potions_obtained":[{"floor":2.0,"key":"SmokeBomb"},{"floor":10.0,"key":"SteroidPotion"},{"floor":16.0,"key":"AttackPotion"},{"floor":24.0,"key":"Block Potion"},{"floor":28.0,"key":"PowerPotion"},{"floor":31.0,"key":"Explosive Potion"},{"floor":42.0,"key":"Fire Potion"},{"floor":45,"key":"GamblersBrew"}],"is_trial":false,"path_per_floor":["M","M","?","M","$","R","E","M","T","M","M","R","?","M","R","B",null,"M","?","$","M","$","?","M","M","T","R","E","R","?","M","R","B",null,"M","$","?","?","?","R","E","M","T","E","M","R","$","M","R","B","B",null],"character_chosen":"IRONCLAD","items_purchased":["Disarm","Spot Weakness","PreservedInsect","Headbutt","FairyPotion","Shrug It Off","Armaments","Shrug It Off"],"campfire_rested":6,"item_purchase_floors":[5,20,20,22,36,36,36,47],"current_hp_per_floor":[67,65,39,33,33,33,12,13,13,19,32,32,57,36,36,35,65,54,54,54,46,46,46,24,30,35,57,39,62,62,58,78,19,66,59,59,59,59,49,74,73,82,82,22,32,59,59,56,83,55,58],"gold":41,"neow_bonus":"RANDOM_COMMON_RELIC","is_prod":false,"is_daily":false,"chose_seed":false,"campfire_upgraded":3,"win_rate":0,"timestamp":1569102347,"path_taken":["M","?","?","M","$","R","E","M","T","M","M","R","?","M","R","BOSS","M","?","$","M","$","?","M","M","T","R","E","R","?","M","R","BOSS","M","$","?","?","?","R","E","M","T","E","M","R","$","M","R","BOSS","BOSS"],"build_version":"2019-09-20","purchased_purges":0,"victory":true,"max_hp_per_floor":[75,75,75,75,75,75,75,75,75,75,75,75,75,75,75,75,75,75,75,75,75,75,75,75,75,75,75,78,78,78,78,78,81,81,84,84,84,84,84,84,84,87,87,87,90,90,90,90,90,90,90],"card_choices":[{"not_picked":["Cleave","Thunderclap"],"picked":"Body Slam","floor":1.0},{"not_picked":["Warcry","Battle Trance"],"picked":"Disarm","floor":2.0},{"not_picked":["Warcry","Armaments"],"picked":"Sword Boomerang","floor":4.0},{"not_picked":["Sever Soul","Reckless Charge"],"picked":"Reaper","floor":8.0},{"not_picked":["Iron Wave","Body Slam"],"picked":"Sword Boomerang","floor":10.0},{"not_picked":["Flex","Twin Strike"],"picked":"Double Tap","floor":11.0},{"not_picked":["Corruption","Headbutt"],"picked":"Uppercut","floor":14.0},{"not_picked":["Barricade","Reaper"],"picked":"Limit Break","floor":16.0},{"not_picked":["Cleave","Rage"],"picked":"Metallicize","floor":18.0},{"not_picked":["Thunderclap","Twin Strike"],"picked":"Cleave+1","floor":21.0},{"not_picked":["Burning Pact+1","Pommel Strike","Iron Wave"],"picked":"SKIP","floor":24.0},{"not_picked":["Pommel Strike","Dropkick"],"picked":"Feed","floor":25.0},{"not_picked":["Cleave","Armaments"],"picked":"Shrug It Off","floor":28.0},{"not_picked":["Feed","Rupture"],"picked":"True Grit+1","floor":31.0},{"not_picked":["Dark Embrace","Juggernaut"],"picked":"Reaper","floor":33.0},{"not_picked":["Twin Strike","Armaments","True Grit"],"picked":"SKIP","floor":35.0},{"not_picked":["Bandage Up","HandOfGreed"],"picked":"Master of Strategy","floor":39.0},{"not_picked":["Dramatic Entrance","Finesse"],"picked":"PanicButton","floor":39.0},{"not_picked":["Chrysalis","Jack Of All Trades"],"picked":"Dark Shackles","floor":39.0},{"not_picked":["Wild Strike","Anger"],"picked":"Heavy Blade","floor":41.0},{"not_picked":["Power Through","Twin Strike","Flex"],"picked":"SKIP","floor":42.0},{"not_picked":["Second Wind","Double Tap","Armaments"],"picked":"SKIP","floor":44.0},{"not_picked":["Whirlwind","Combust+1","Perfected Strike"],"picked":"SKIP","floor":45},{"not_picked":["Seeing Red+1","Corruption+1","Warcry"],"picked":"SKIP","floor":48}],"player_experience":922064,"relics_obtained":[{"floor":9.0,"key":"Red Skull"},{"floor":26.0,"key":"Juzu Bracelet"},{"floor":28.0,"key":"Gremlin Horn"},{"floor":41.0,"key":"Frozen Egg 2"},{"floor":43.0,"key":"Kunai"},{"floor":44.0,"key":"Anchor"}],"event_choices":[{"damage_healed":0.0,"max_hp_gain":0.0,"max_hp_loss":0.0,"gold_gain":0.0,"event_name":"Golden Idol","player_choice":"Take Damage","floor":3.0,"gold_loss":0.0,"damage_taken":26.0,"relics_obtained":["Golden Idol"]},{"damage_healed":25.0,"max_hp_gain":0.0,"max_hp_loss":0.0,"gold_gain":0.0,"event_name":"Big Fish","player_choice":"Banana","floor":13.0,"gold_loss":0.0,"damage_taken":0.0},{"damage_healed":0.0,"max_hp_gain":0.0,"max_hp_loss":0.0,"gold_gain":0.0,"event_name":"Forgotten Altar","player_choice":"Gave Idol","floor":19.0,"relics_lost":["Golden Idol"],"gold_loss":0.0,"damage_taken":0.0,"relics_obtained":["Bloody Idol"]},{"damage_healed":0.0,"max_hp_gain":0.0,"max_hp_loss":0.0,"gold_gain":0.0,"event_name":"Ghosts","player_choice":"Ignored","floor":23.0,"gold_loss":0.0,"damage_taken":0.0},{"damage_healed":0.0,"max_hp_gain":0.0,"max_hp_loss":0.0,"gold_gain":0.0,"event_name":"N\u0027loth","player_choice":"Traded Relic","floor":30.0,"relics_lost":["War Paint"],"gold_loss":0.0,"damage_taken":0.0,"relics_obtained":["Nloth\u0027s Gift"]},{"cards_removed":["Body Slam"],"damage_healed":0.0,"max_hp_gain":0.0,"max_hp_loss":0.0,"gold_gain":0.0,"event_name":"Falling","player_choice":"Removed Attack","floor":37.0,"gold_loss":0.0,"damage_taken":0.0},{"damage_healed":0.0,"max_hp_gain":0.0,"max_hp_loss":0.0,"gold_gain":0.0,"event_name":"Tomb of Lord Red Mask","player_choice":"Paid","floor":38.0,"gold_loss":5.0,"damage_taken":0.0,"relics_obtained":["Red Mask"]},{"damage_healed":0.0,"max_hp_gain":0.0,"max_hp_loss":0.0,"gold_gain":0.0,"event_name":"SensoryStone","player_choice":"Memory 3","floor":39.0,"gold_loss":0.0,"damage_taken":10.0}],"is_beta":true,"boss_relics":[{"not_picked":["Runic Pyramid","Mark of Pain"],"picked":"Fusion Hammer"},{"not_picked":["Philosopher\u0027s Stone","Astrolabe"],"picked":"Velvet Choker"}],"items_purged_floors":[],"is_endless":false,"potions_floor_spawned":[2,7,10,16,24,28,31,42,45,48],"ascension_level":20}