{"gold_per_floor":[111,128,128,140,8,8,25,53,53,71,71,85,142,155,155,255,255,230,22,34,34,34,34,0,0,0,19,37,50,50,61,61,61],"floor_reached":33,"playtime":2092,"items_purged":[],"score":314,"play_id":"add54bd7-20e9-4a3d-b307-68f9f3201730","local_time":"20180720031111","is_ascension_mode":true,"campfire_choices":[{"data":"Jack Of All Trades","floor":6,"key":"SMITH"},{"data":"Bludgeon","floor":11,"key":"SMITH"},{"data":"Perfected Strike","floor":15,"key":"SMITH"},{"data":"Fire Breathing","floor":23,"key":"SMITH"},{"data":"Bite","floor":25,"key":"SMITH"},{"floor":32,"key":"REST"}],"neow_cost":"NONE","seed_source_timestamp":25794325294640,"circlet_count":0,"master_deck":["Defend_R","Defend_R","Defend_R","Defend_R","Bash","Bludgeon+1","Anger","Thunderclap","Reaper","Jack Of All Trades+1","Feel No Pain","Rage","Iron Wave","Cleave","Perfected Strike+1","Anger","Feed+1","Ghostly Armor","Flex","Twin Strike","Disarm","Feel No Pain","Fire Breathing+1","Fire Breathing+1","Intimidate","Pommel Strike","Warcry","Metallicize+1","Bite","Bite","Bite","Bite+1","Bite","Intimidate","Carnage","Evolve+1","Reckless Charge","Sword Boomerang"],"relics":["Burning Blood","Ginger","Ice Cream","Calipers","Orrery","Bronze Scales","Bottled Lightning"],"potions_floor_usage":[8,14,14,14,16,16,16,20,31],"damage_taken":[{"damage":0,"enemies":"Cultist","floor":1,"turns":3},{"damage":5,"enemies":"Small Slimes","floor":2,"turns":2},{"damage":10,"enemies":"2 Louse","floor":4,"turns":3},{"damage":15,"enemies":"Looter","floor":7,"turns":4},{"damage":22,"enemies":"3 Sentries","floor":8,"turns":7},{"damage":21,"enemies":"Exordium Thugs","floor":10,"turns":4},{"damage":0,"enemies":"Large Slime","floor":12,"turns":3},{"damage":16,"enemies":"Exordium Wildlife","floor":14,"turns":4},{"damage":45,"enemies":"Slime Boss","floor":16,"turns":10},{"damage":39,"enemies":"2 Thieves","floor":18,"turns":5},{"damage":24,"enemies":"Spheric Guardian","floor":20,"turns":4},{"damage":42,"enemies":"Slaver and Parasite","floor":27,"turns":7},{"damage":15,"enemies":"Cultist and Chosen","floor":28,"turns":7},{"damage":27,"enemies":"3 Cultists","floor":29,"turns":6},{"damage":25,"enemies":"Snecko","floor":31,"turns":6},{"damage":32,"enemies":"Collector","floor":33,"turns":3}],"seed_played":"-412936859508439802","potions_obtained":[{"floor":2,"key":"Poison Potion"},{"floor":8,"key":"AttackPotion"},{"floor":12,"key":"EntropicBrew"},{"floor":14,"key":"Poison Potion"},{"floor":18,"key":"Regen Potion"},{"floor":29,"key":"LiquidBronze"}],"is_trial":false,"path_per_floor":["M","M","?","M","$","R","M","E","T","M","R","M","?","M","R","B",null,"M","$","M","?","?","R","$","R","T","M","M","M","T","M","R"],"character_chosen":"IRONCLAD","items_purchased":["Jack Of All Trades","Feel No Pain","Fire Breathing","Intimidate","Pommel Strike","Warcry","Intimidate"],"campfire_rested":1,"item_purchase_floors":[5,5,19,19,19,19,24],"current_hp_per_floor":[80,80,62,58,58,58,53,49,49,42,42,52,52,50,50,15,80,50,50,44,44,44,44,44,44,44,23,35,20,20,9,26,0],"gold":61,"neow_bonus":"ONE_RANDOM_RARE_CARD","is_prod":false,"is_daily":false,"chose_seed":false,"campfire_upgraded":5,"win_rate":0,"timestamp":1532070671,"path_taken":["M","?","?","M","$","R","M","E","T","?","R","M","?","M","R","BOSS","M","$","M","?","?","R","?","R","T","M","M","?","?","?","R","BOSS"],"build_version":"2018-07-19v2","purchased_purges":0,"victory":false,"max_hp_per_floor":[80,80,80,80,80,80,80,80,80,80,80,80,80,80,80,80,80,83,83,83,83,58,58,58,58,58,58,58,58,58,58,58,58],"card_choices":[{"not_picked":["Whirlwind","Thunderclap"],"picked":"Anger","floor":1},{"not_picked":["Pummel","Sword Boomerang"],"picked":"Thunderclap","floor":2},{"not_picked":["Headbutt","Blood for Blood"],"picked":"Reaper","floor":4},{"not_picked":["Thunderclap","Dropkick"],"picked":"Rage","floor":7},{"not_picked":["Clothesline","Dropkick"],"picked":"Iron Wave","floor":8},{"not_picked":["Sentinel","Blood for Blood"],"picked":"Cleave","floor":10},{"not_picked":["Body Slam","Rage"],"picked":"Perfected Strike","floor":12},{"not_picked":["Clash","Corruption"],"picked":"Anger","floor":14},{"not_picked":["Fiend Fire","Bludgeon"],"picked":"Feed","floor":16},{"not_picked":["Clash","Armaments"],"picked":"Ghostly Armor","floor":17},{"not_picked":["Clash","Feel No Pain"],"picked":"Flex","floor":17},{"not_picked":["Cleave","Warcry"],"picked":"Twin Strike","floor":17},{"not_picked":["Thunderclap","Body Slam"],"picked":"Disarm","floor":17},{"not_picked":["Thunderclap","Rupture"],"picked":"Feel No Pain","floor":17},{"not_picked":["Impervious","Twin Strike+1"],"picked":"Fire Breathing+1","floor":18},{"not_picked":["Armaments","Sword Boomerang"],"picked":"Metallicize+1","floor":20},{"not_picked":["Rampage","Pommel Strike"],"picked":"Carnage","floor":27},{"not_picked":["Clothesline","Flex"],"picked":"Evolve+1","floor":28},{"not_picked":["Wild Strike","Feel No Pain"],"picked":"Reckless Charge","floor":29},{"not_picked":["Cleave","Rage+1"],"picked":"Sword Boomerang","floor":31}],"player_experience":313151,"relics_obtained":[{"floor":8,"key":"Ice Cream"},{"floor":9,"key":"Calipers"},{"floor":26,"key":"Bronze Scales"},{"floor":30,"key":"Bottled Lightning"}],"event_choices":[{"event_name":"Scrap Ooze","player_choice":"success","floor":3,"damage_taken":18},{"event_name":"Golden Wing","player_choice":"Gained Gold","floor":13,"damage_taken":0},{"event_name":"Upgrade Shrine","player_choice":"Upgraded","floor":21,"damage_taken":0},{"event_name":"Vampires","player_choice":"Became a vampire","floor":22,"damage_taken":0}],"is_beta":false,"boss_relics":[{"not_picked":["Tiny House","Busted Crown"],"picked":"Orrery"}],"items_purged_floors":[],"is_endless":false,"potions_floor_spawned":[2,8,12,14,18,29],"killed_by":"Collector","ascension_level":1}