{"gold_per_floor":[115,115,115,80,40,73,73,106,180,212,234,246,269,281,293,382,394,422,454,59,77,91,91,41,41,41,41,76,91,111,111,111,182,182,192,205,105,105],"floor_reached":38,"playtime":1261,"items_purged":["Strike_R","Strike_R"],"score":924,"play_id":"aba9e728-31d0-416c-b84a-6e74345ab45f","local_time":"20190916181234","is_ascension_mode":true,"campfire_choices":[{"data":"Bash","floor":7,"key":"SMITH"},{"data":"Bludgeon","floor":15,"key":"SMITH"},{"floor":23,"key":"REST"},{"data":"Demon Form","floor":25,"key":"SMITH"},{"floor":27,"key":"REST"},{"data":"Offering","floor":32,"key":"SMITH"}],"neow_cost":"NONE","seed_source_timestamp":381424065489400,"circlet_count":0,"master_deck":["AscendersBane","Strike_R+1","Strike_R+1","Defend_R","Defend_R","Defend_R","Defend_R","Bash+1","Sword Boomerang","Metallicize","Impervious+1","Anger","Evolve","Armaments+1","Bludgeon+1","Demon Form+1","Armaments+1","Offering+1","Immolate","Ghostly Armor+1","Double Tap","Shrug It Off","Feel No Pain","Impervious"],"relics":["Burning Blood","NeowsBlessing","Blood Vial","Bronze Scales","Blue Candle","MawBank","Ancient Tea Set","Runic Pyramid","Bottled Lightning","Pocketwatch","Philosopher\u0027s Stone"],"potions_floor_usage":[16,19,21,33,36,38],"damage_taken":[{"damage":0,"enemies":"Small Slimes","floor":1,"turns":1},{"damage":0,"enemies":"Gremlin Nob","floor":6,"turns":1},{"damage":0,"enemies":"Lagavulin","floor":8,"turns":2},{"damage":28,"enemies":"Gremlin Nob","floor":10,"turns":4},{"damage":0,"enemies":"Jaw Worm","floor":11,"turns":4},{"damage":5,"enemies":"2 Louse","floor":13,"turns":3},{"damage":21,"enemies":"Slime Boss","floor":16,"turns":7},{"damage":18,"enemies":"Spheric Guardian","floor":18,"turns":7},{"damage":19,"enemies":"Chosen","floor":19,"turns":5},{"damage":39,"enemies":"Shelled Parasite and Fungi","floor":21,"turns":8},{"damage":28,"enemies":"Centurion and Healer","floor":22,"turns":7},{"damage":17,"enemies":"Gremlin Leader","floor":28,"turns":7},{"damage":12,"enemies":"Snecko","floor":29,"turns":4},{"damage":6,"enemies":"Snake Plant","floor":30,"turns":1},{"damage":14,"enemies":"Champ","floor":33,"turns":9},{"damage":7,"enemies":"Orb Walker","floor":35,"turns":4},{"damage":38,"enemies":"3 Darklings","floor":36,"turns":4},{"damage":93,"enemies":"Transient","floor":38,"turns":6}],"seed_played":"8609315658255776211","potions_obtained":[{"floor":10,"key":"Strength Potion"},{"floor":11,"key":"SpeedPotion"},{"floor":21,"key":"SteroidPotion"},{"floor":28,"key":"LiquidBronze"},{"floor":29,"key":"SkillPotion"},{"floor":33,"key":"Regen Potion"},{"floor":36,"key":"Poison Potion"}],"is_trial":false,"path_per_floor":["M","?","?","?","$","E","R","E","T","E","M","?","M","T","R","B",null,"M","M","$","M","M","R","?","R","T","R","E","M","M","?","R","B",null,"M","M","$","M"],"character_chosen":"IRONCLAD","items_purchased":["Metallicize","Offering","Immolate","BloodPotion"],"campfire_rested":2,"item_purchase_floors":[5,20,20,20],"current_hp_per_floor":[74,51,44,62,62,68,68,75,75,53,61,66,69,69,69,56,74,64,53,53,42,22,46,46,46,46,70,61,57,59,55,55,49,72,73,52,52,0],"gold":105,"neow_bonus":"THREE_ENEMY_KILL","is_prod":false,"is_daily":false,"chose_seed":false,"campfire_upgraded":4,"win_rate":0,"timestamp":1568682754,"path_taken":["M","?","?","?","$","E","R","E","T","E","?","?","M","?","R","BOSS","M","M","$","?","M","R","?","R","T","R","E","M","?","?","R","BOSS","M","?","$","M"],"build_version":"2019-07-17","purchased_purges":2,"victory":false,"max_hp_per_floor":[75,75,75,75,75,75,75,75,75,75,75,80,80,80,80,80,80,80,80,80,80,80,80,80,80,80,80,80,80,80,80,80,80,80,80,80,80,80],"card_choices":[{"not_picked":["Thunderclap","Body Slam"],"picked":"Sword Boomerang","floor":1},{"not_picked":["Headbutt","Clash"],"picked":"Impervious","floor":6},{"not_picked":["Reckless Charge","Cleave"],"picked":"Anger","floor":8},{"not_picked":["Flame Barrier","Clash"],"picked":"Evolve","floor":10},{"not_picked":["True Grit","Sword Boomerang"],"picked":"Armaments","floor":11},{"not_picked":["Havoc","Anger"],"picked":"Bludgeon","floor":13},{"not_picked":["Feed","Offering"],"picked":"Demon Form","floor":16},{"not_picked":["Shockwave","Perfected Strike","Searing Blow"],"picked":"SKIP","floor":18},{"not_picked":["Cleave+1","Dual Wield"],"picked":"Armaments+1","floor":19},{"not_picked":["Perfected Strike","Clothesline"],"picked":"Ghostly Armor+1","floor":21},{"not_picked":["Twin Strike","Fire Breathing","Clothesline+1"],"picked":"SKIP","floor":22},{"not_picked":["Twin Strike","Fire Breathing","Clothesline+1"],"picked":"SKIP","floor":22},{"not_picked":["Heavy Blade","Evolve"],"picked":"Double Tap","floor":28},{"not_picked":["Whirlwind+1","Iron Wave"],"picked":"Shrug It Off","floor":29},{"not_picked":["Sword Boomerang","Warcry"],"picked":"Feel No Pain","floor":30},{"not_picked":["Immolate","Dark Embrace"],"picked":"Impervious","floor":33},{"not_picked":["Dropkick","Sword Boomerang","Perfected Strike"],"picked":"SKIP","floor":35},{"not_picked":["Iron Wave","Wild Strike","Clash"],"picked":"SKIP","floor":36}],"player_experience":791458,"relics_obtained":[{"floor":6,"key":"Blood Vial"},{"floor":8,"key":"Bronze Scales"},{"floor":9,"key":"Blue Candle"},{"floor":10,"key":"MawBank"},{"floor":14,"key":"Ancient Tea Set"},{"floor":26,"key":"Bottled Lightning"},{"floor":28,"key":"Pocketwatch"}],"event_choices":[{"damage_healed":0,"gold_gain":0,"player_choice":"Entered Light","damage_taken":23,"max_hp_gain":0,"max_hp_loss":0,"event_name":"Shining Light","floor":2,"gold_loss":0,"cards_upgraded":["Strike_R","Strike_R"]},{"cards_removed":["Strike_R"],"damage_healed":0,"gold_gain":0,"player_choice":"Card Removal","damage_taken":7,"max_hp_gain":0,"max_hp_loss":0,"event_name":"Golden Wing","floor":3,"gold_loss":0},{"damage_healed":18,"gold_gain":0,"player_choice":"Healed","damage_taken":0,"max_hp_gain":0,"max_hp_loss":0,"event_name":"The Cleric","floor":4,"gold_loss":35},{"damage_healed":0,"gold_gain":0,"player_choice":"Donut","damage_taken":0,"max_hp_gain":5,"max_hp_loss":0,"event_name":"Big Fish","floor":12,"gold_loss":0},{"damage_healed":0,"gold_gain":0,"player_choice":"Upgraded Two","damage_taken":0,"max_hp_gain":0,"max_hp_loss":0,"event_name":"Designer","floor":24,"gold_loss":50,"cards_upgraded":["Impervious","Armaments"]},{"damage_healed":0,"gold_gain":0,"player_choice":"Bought 0 Potions","damage_taken":0,"max_hp_gain":0,"max_hp_loss":0,"event_name":"The Woman in Blue","floor":31,"gold_loss":0}],"is_beta":false,"boss_relics":[{"not_picked":["Lizard Tail","Ectoplasm"],"picked":"Runic Pyramid"},{"not_picked":["Mark of Pain","Runic Dome"],"picked":"Philosopher\u0027s Stone"}],"items_purged_floors":[20,37],"is_endless":false,"potions_floor_spawned":[10,11,21,28,29,33,36],"killed_by":"Transient","ascension_level":20}