{"gold_per_floor":[114,114,129,194,209,239,9,9,9,6,36,101,151,181,181,281,281,296,358,434,461,523,565,21,51,51,101,101,116,131,146,146,246,246,261,311,0,15,165,165,195,210,210,260,310,375,425,440,440,440],"floor_reached":51,"playtime":3618,"items_purged":[],"score":1035,"play_id":"7645dba3-2dc8-41a7-a393-5dd2007be596","local_time":"20190607094130","daily_mods":["Cursed Run","Vintage","Binary"],"is_ascension_mode":false,"campfire_choices":[{"data":"Survivor","floor":8,"key":"SMITH"},{"floor":15,"key":"REST"},{"floor":28,"key":"REST"},{"data":"Accuracy","floor":32,"key":"SMITH"},{"data":"Apotheosis","floor":40,"key":"SMITH"},{"floor":49,"key":"REST"}],"neow_cost":"","seed_source_timestamp":0,"circlet_count":0,"master_deck":["Defend_G","Defend_G","Defend_G","Defend_G","Defend_G","Strike_G","Strike_G","Strike_G","Strike_G","Strike_G","Survivor+1","Neutralize","Flechettes","Caltrops","Normality","Cloak And Dagger+1","Accuracy","Parasite","Backflip","Underhanded Strike","Clumsy","Burst","Normality","Decay","Injury","Heel Hook","Decay","Prepared","Apotheosis+1","Accuracy+1","Corpse Explosion+1","Regret","RitualDagger+1","Dodge and Roll","Regret","Bullet Time","Night Terror","Poisoned Stab+1","Infinite Blades+1","PiercingWail","The Bomb","Blur","Regret","Writhe","Blur+1","Injury"],"special_seed":18054,"relics":["Cursed Key","Darkstone Periapt","Du-Vu Doll","Ninja Scroll","SsserpentHead","Paper Crane","Ancient Tea Set","Dream Catcher","Bag of Preparation","PreservedInsect","Centennial Puzzle","Anchor","Pen Nib","Regal Pillow","Calling Bell","Smiling Mask","Letter Opener","FossilizedHelix","MawBank","MutagenicStrength","Red Mask","Happy Flower","Molten Egg 2","Membership Card","Unceasing Top","Art of War","Bottled Tornado","Lantern","Blue Candle","Frozen Egg 2","Singing Bowl","HoveringKite","Kunai","Incense Burner","Boot","Strawberry","Dead Branch","Blood Vial","Nunchaku","Snake Skull","Oddly Smooth Stone","Potion Belt","War Paint"],"potions_floor_usage":[6,16,33,42,50],"damage_taken":[{"damage":0,"enemies":"Jaw Worm","floor":1,"turns":5},{"damage":0,"enemies":"Cultist","floor":3,"turns":3},{"damage":0,"enemies":"Small Slimes","floor":4,"turns":3},{"damage":0,"enemies":"3 Louse","floor":5,"turns":3},{"damage":9,"enemies":"Gremlin Nob","floor":6,"turns":5},{"damage":9,"enemies":"3 Sentries","floor":11,"turns":4},{"damage":0,"enemies":"2 Fungi Beasts","floor":12,"turns":2},{"damage":13,"enemies":"Lagavulin","floor":14,"turns":4},{"damage":40,"enemies":"Hexaghost","floor":16,"turns":8},{"damage":0,"enemies":"Chosen","floor":18,"turns":2},{"damage":29,"enemies":"Masked Bandits","floor":20,"turns":5},{"damage":0,"enemies":"3 Byrds","floor":21,"turns":3},{"damage":9,"enemies":"Gremlin Leader","floor":23,"turns":3},{"damage":6,"enemies":"Book of Stabbing","floor":25,"turns":3},{"damage":0,"enemies":"Shelled Parasite and Fungi","floor":29,"turns":3},{"damage":0,"enemies":"Snake Plant","floor":30,"turns":1},{"damage":0,"enemies":"Sentry and Sphere","floor":31,"turns":1},{"damage":65,"enemies":"Automaton","floor":33,"turns":7},{"damage":0,"enemies":"Orb Walker","floor":35,"turns":1},{"damage":0,"enemies":"3 Darklings","floor":38,"turns":3},{"damage":1,"enemies":"Mind Bloom Boss Battle","floor":39,"turns":3},{"damage":0,"enemies":"Reptomancer","floor":41,"turns":2},{"damage":0,"enemies":"Writhing Mass","floor":42,"turns":2},{"damage":0,"enemies":"Sphere and 2 Shapes","floor":46,"turns":3},{"damage":0,"enemies":"4 Shapes","floor":48,"turns":3},{"damage":0,"enemies":"Time Eater","floor":50,"turns":6}],"seed_played":"-2289250393063293396","potions_obtained":[{"floor":1,"key":"PowerPotion"},{"floor":3,"key":"LiquidBronze"},{"floor":6,"key":"Energy Potion"},{"floor":16,"key":"Explosive Potion"},{"floor":20,"key":"SpeedPotion"},{"floor":33,"key":"Swift Potion"},{"floor":39,"key":"PowerPotion"}],"is_trial":false,"path_per_floor":["M","?","M","M","M","E","$","R","T","$","E","M","?","E","R","B",null,"M","?","?","M","?","E","$","E","T","?","R","M","M","M","R","B",null,"M","?","$","M","?","R","E","M","T","?","?","M","?","M","R","B",null],"character_chosen":"THE_SILENT","items_purchased":["PreservedInsect","Caltrops","Cloak And Dagger","Membership Card","Unceasing Top","Art of War","Apotheosis","Accuracy","Corpse Explosion","Incense Burner","Boot","Infinite Blades+1","PiercingWail","The Bomb"],"campfire_rested":3,"item_purchase_floors":[7,7,10,24,24,24,24,24,24,37,37,37,37,37],"current_hp_per_floor":[70,70,70,70,70,61,61,61,67,67,58,58,82,69,82,48,106,106,106,77,77,83,74,74,68,74,68,118,118,118,118,118,59,124,124,124,124,131,130,130,132,133,139,145,145,145,145,145,145,151],"gold":440,"neow_bonus":"","is_prod":false,"is_daily":true,"chose_seed":false,"campfire_upgraded":3,"win_rate":0,"timestamp":1559914890,"path_taken":["M","?","M","?","M","E","$","R","T","?","E","?","?","E","R","BOSS","M","?","?","M","?","E","?","E","T","?","R","M","M","M","R","BOSS","M","?","?","M","?","R","E","M","T","?","?","?","?","M","R","BOSS"],"build_version":"2019-01-23","purchased_purges":0,"victory":true,"max_hp_per_floor":[70,70,70,70,70,70,70,70,76,76,76,76,82,82,82,88,106,106,106,106,106,112,112,112,112,118,118,118,118,118,118,118,124,124,124,124,124,131,131,131,133,133,139,145,145,145,145,145,145,151],"card_choices":[{"not_picked":["Catalyst"],"picked":"Flechettes","floor":6},{"not_picked":["Slice"],"picked":"Accuracy","floor":11},{"not_picked":["Dash"],"picked":"Backflip","floor":14},{"not_picked":["Setup"],"picked":"Underhanded Strike","floor":15},{"not_picked":["Malaise"],"picked":"Burst","floor":16},{"not_picked":["Bane"],"picked":"Heel Hook","floor":20},{"not_picked":["Bane"],"picked":"Prepared","floor":23},{"not_picked":["Riddle With Holes+1"],"picked":"Dagger Spray+1","floor":25},{"not_picked":["Setup"],"picked":"Dodge and Roll","floor":28},{"not_picked":["Burst"],"picked":"Bullet Time","floor":33},{"not_picked":["Backflip"],"picked":"Blur","floor":39},{"not_picked":["Catalyst","Dodge and Roll"],"picked":"Singing Bowl","floor":41},{"not_picked":["Quick Slash+1"],"picked":"Blur+1","floor":49}],"player_experience":740154,"relics_obtained":[{"floor":1,"key":"Ninja Scroll"},{"floor":3,"key":"Paper Crane"},{"floor":4,"key":"Ancient Tea Set"},{"floor":5,"key":"Dream Catcher"},{"floor":6,"key":"Bag of Preparation"},{"floor":9,"key":"Centennial Puzzle"},{"floor":11,"key":"Anchor"},{"floor":12,"key":"Pen Nib"},{"floor":14,"key":"Regal Pillow"},{"floor":17,"key":"Smiling Mask"},{"floor":17,"key":"Letter Opener"},{"floor":17,"key":"FossilizedHelix"},{"floor":18,"key":"MawBank"},{"floor":20,"key":"Red Mask"},{"floor":21,"key":"Happy Flower"},{"floor":23,"key":"Molten Egg 2"},{"floor":25,"key":"Bottled Tornado"},{"floor":26,"key":"Lantern"},{"floor":29,"key":"Blue Candle"},{"floor":30,"key":"Frozen Egg 2"},{"floor":31,"key":"Singing Bowl"},{"floor":35,"key":"Kunai"},{"floor":38,"key":"Strawberry"},{"floor":39,"key":"Dead Branch"},{"floor":41,"key":"Blood Vial"},{"floor":42,"key":"Nunchaku"},{"floor":43,"key":"Snake Skull"},{"floor":46,"key":"Potion Belt"},{"floor":48,"key":"War Paint"}],"event_choices":[{"damage_healed":0,"gold_gain":0,"player_choice":"Trade","damage_taken":0,"relics_obtained":["SsserpentHead"],"max_hp_gain":0,"max_hp_loss":0,"event_name":"FaceTrader","floor":2,"gold_loss":0},{"damage_healed":19,"gold_gain":0,"player_choice":"Healed and dodged fight","damage_taken":0,"max_hp_gain":0,"max_hp_loss":0,"event_name":"Mushrooms","floor":13,"gold_loss":0,"cards_obtained":["Parasite"]},{"damage_healed":0,"gold_gain":0,"player_choice":"Inject Mutagens","damage_taken":0,"relics_obtained":["MutagenicStrength"],"max_hp_gain":0,"max_hp_loss":0,"event_name":"Drug Dealer","floor":19,"gold_loss":0},{"damage_healed":0,"gold_gain":0,"player_choice":"Fought Bandits","damage_taken":0,"max_hp_gain":0,"max_hp_loss":0,"event_name":"Masked Bandits","floor":20,"gold_loss":0},{"damage_healed":0,"gold_gain":0,"player_choice":"Smashed Altar","damage_taken":0,"max_hp_gain":0,"max_hp_loss":0,"event_name":"Forgotten Altar","floor":22,"gold_loss":0,"cards_obtained":["Decay"]},{"damage_healed":0,"gold_gain":0,"player_choice":"Joined the Cult","damage_taken":6,"max_hp_gain":0,"max_hp_loss":0,"event_name":"Nest","floor":27,"gold_loss":0,"cards_obtained":["RitualDagger"]},{"damage_healed":0,"gold_gain":0,"player_choice":"2 cards matched","damage_taken":0,"max_hp_gain":0,"max_hp_loss":0,"event_name":"Match and Keep!","floor":36,"gold_loss":0,"cards_obtained":["Night Terror","Poisoned Stab"]},{"damage_healed":0,"gold_gain":0,"player_choice":"Fight","damage_taken":0,"max_hp_gain":0,"max_hp_loss":0,"event_name":"MindBloom","floor":39,"gold_loss":0},{"damage_healed":35,"gold_gain":0,"player_choice":"Writhe","damage_taken":0,"max_hp_gain":0,"max_hp_loss":0,"event_name":"Winding Halls","floor":44,"gold_loss":0,"cards_obtained":["Writhe"]},{"damage_healed":0,"gold_gain":0,"player_choice":"Gave Potion","damage_taken":0,"relics_obtained":["Oddly Smooth Stone"],"max_hp_gain":0,"max_hp_loss":0,"event_name":"WeMeetAgain","floor":45,"gold_loss":0},{"cards_removed":["Dagger Spray"],"damage_healed":0,"gold_gain":0,"player_choice":"Removed Attack","damage_taken":0,"max_hp_gain":0,"max_hp_loss":0,"event_name":"Falling","floor":47,"gold_loss":0}],"is_beta":false,"boss_relics":[{"not_picked":["Astrolabe","Coffee Dripper"],"picked":"Calling Bell"},{"not_picked":["Empty Cage","Runic Dome"],"picked":"HoveringKite"}],"items_purged_floors":[],"is_endless":false,"potions_floor_spawned":[1,3,6,16,20,25,29,33,39,41],"ascension_level":0}