{"gold_per_floor":[115,127,144,160,160,160,195,195,195,226,256,256,268,233,233,304,304,322,332,382,9,0,0,0,16,67,67,84,17,43,63,63,63],"floor_reached":33,"playtime":1328,"items_purged":["Strike_R"],"score":550,"play_id":"0ff6b22a-939e-4774-ab89-0f7fde95fe0f","local_time":"20190912235353","is_ascension_mode":true,"campfire_choices":[{"data":"Wild Strike","floor":6.0,"key":"SMITH"},{"data":"Dark Embrace","floor":12.0,"key":"SMITH"},{"data":"Warcry","floor":15.0,"key":"SMITH"},{"floor":23.0,"key":"REST"},{"floor":27.0,"key":"REST"},{"floor":32.0,"key":"REST"}],"neow_cost":"NONE","seed_source_timestamp":56085609590400,"circlet_count":0,"master_deck":["AscendersBane","Strike_R","Strike_R","Strike_R","Strike_R","Defend_R","Defend_R","Defend_R","Defend_R","Bash+1","Reckless Charge","Wild Strike+1","Shockwave+1","Shrug It Off","Dark Embrace+1","Warcry+1","Offering","Sentinel","Reckless Charge","Dark Shackles","Bandage Up","Shame","Shrug It Off","Armaments","Evolve","Sentinel"],"special_seed":0,"relics":["Burning Blood","Pen Nib","The Courier","Mummified Hand","Juzu Bracelet","Odd Mushroom","Fusion Hammer","Oddly Smooth Stone","Potion Belt","Boot","Bag of Preparation"],"potions_floor_usage":[33,33,33],"damage_taken":[{"damage":4.0,"enemies":"Jaw Worm","floor":1.0,"turns":6.0},{"damage":0.0,"enemies":"Small Slimes","floor":2.0,"turns":3.0},{"damage":0.0,"enemies":"Cultist","floor":3.0,"turns":2.0},{"damage":14.0,"enemies":"Blue Slaver","floor":4.0,"turns":4.0},{"damage":40.0,"enemies":"3 Sentries","floor":7.0,"turns":9.0},{"damage":2.0,"enemies":"Lagavulin","floor":10.0,"turns":5.0},{"damage":19.0,"enemies":"The Mushroom Lair","floor":11.0,"turns":4.0},{"damage":3.0,"enemies":"Exordium Wildlife","floor":13.0,"turns":4.0},{"damage":7.0,"enemies":"Slime Boss","floor":16.0,"turns":6.0},{"damage":18.0,"enemies":"Chosen","floor":18.0,"turns":4.0},{"damage":17.0,"enemies":"3 Byrds","floor":19.0,"turns":6.0},{"damage":14.0,"enemies":"3 Cultists","floor":25.0,"turns":6.0},{"damage":23.0,"enemies":"Shelled Parasite and Fungi","floor":28.0,"turns":5.0},{"damage":26.0,"enemies":"Book of Stabbing","floor":30.0,"turns":5.0},{"damage":6.0,"enemies":"Cultist and Chosen","floor":31.0,"turns":6.0},{"damage":70,"enemies":"Automaton","floor":33,"turns":10}],"seed_played":"830803119024677747","potions_obtained":[{"floor":1.0,"key":"FearPotion"},{"floor":4.0,"key":"SteroidPotion"},{"floor":13.0,"key":"PowerPotion"},{"floor":18.0,"key":"Strength Potion"},{"floor":30.0,"key":"Dexterity Potion"},{"floor":31.0,"key":"PowerPotion"}],"is_trial":false,"path_per_floor":["M","M","M","M","?","R","E","?","T","E","?","R","M","?","R","B",null,"M","M","?","$","?","R","?","M","T","R","M","$","E","M","R","B"],"character_chosen":"IRONCLAD","items_purchased":["Oddly Smooth Stone","Reckless Charge","Dark Shackles","Bandage Up","Evolve"],"campfire_rested":3,"item_purchase_floors":[21,21,21,21,29],"current_hp_per_floor":[70,75,75,67,67,67,33,33,33,37,24,24,27,45,45,44,67,55,44,44,44,44,66,66,62,62,75,62,62,46,50,72,5],"gold":63,"neow_bonus":"RANDOM_COMMON_RELIC","is_prod":false,"is_daily":false,"chose_seed":false,"campfire_upgraded":3,"win_rate":0,"timestamp":1568357633,"path_taken":["M","M","M","M","?","R","E","?","T","E","?","R","M","?","R","BOSS","M","M","?","$","?","R","?","M","T","R","M","$","E","M","R","BOSS"],"build_version":"2019-07-17","purchased_purges":1,"victory":false,"max_hp_per_floor":[75,75,75,75,75,75,75,75,75,75,75,75,75,75,75,75,75,75,75,75,75,75,75,75,75,75,75,75,75,75,75,75,75],"card_choices":[{"not_picked":["Blood for Blood","Rupture","Flex"],"picked":"SKIP","floor":1.0},{"not_picked":["Clash","Thunderclap"],"picked":"Reckless Charge","floor":2.0},{"not_picked":["Body Slam","Blood for Blood"],"picked":"Wild Strike","floor":3.0},{"not_picked":["Combust","Burning Pact"],"picked":"Shockwave","floor":4.0},{"not_picked":["Inflame","Havoc"],"picked":"Shrug It Off","floor":7.0},{"not_picked":["Whirlwind","Spot Weakness"],"picked":"Dark Embrace","floor":10.0},{"not_picked":["Thunderclap","Clash"],"picked":"Warcry","floor":11.0},{"not_picked":["Body Slam","Clash","Clothesline"],"picked":"SKIP","floor":13.0},{"not_picked":["Dark Embrace","Reaper"],"picked":"Offering","floor":16.0},{"not_picked":["Thunderclap","Heavy Blade","Dual Wield"],"picked":"SKIP","floor":18.0},{"not_picked":["Perfected Strike","Spot Weakness"],"picked":"Sentinel","floor":19.0},{"not_picked":["Wild Strike","Flex"],"picked":"Shrug It Off","floor":25.0},{"not_picked":["Blood for Blood","Wild Strike"],"picked":"Armaments","floor":28.0},{"not_picked":["Spot Weakness","Anger"],"picked":"Sentinel","floor":30.0},{"not_picked":["Perfected Strike","Pommel Strike","Headbutt+1"],"picked":"SKIP","floor":31.0}],"player_experience":728366,"relics_obtained":[{"floor":7.0,"key":"The Courier"},{"floor":9.0,"key":"Mummified Hand"},{"floor":10.0,"key":"Juzu Bracelet"},{"floor":11.0,"key":"Odd Mushroom"},{"floor":26.0,"key":"Boot"},{"floor":30.0,"key":"Bag of Preparation"}],"event_choices":[{"damage_healed":0.0,"max_hp_gain":0.0,"max_hp_loss":0.0,"gold_gain":0.0,"event_name":"Living Wall","player_choice":"Grow","floor":5.0,"gold_loss":0.0,"damage_taken":0.0,"cards_upgraded":["Shockwave"]},{"damage_healed":0.0,"max_hp_gain":0.0,"max_hp_loss":0.0,"gold_gain":0.0,"event_name":"Upgrade Shrine","player_choice":"Upgraded","floor":8.0,"gold_loss":0.0,"damage_taken":0.0,"cards_upgraded":["Bash"]},{"damage_healed":0.0,"max_hp_gain":0.0,"max_hp_loss":0.0,"gold_gain":0.0,"event_name":"Mushrooms","player_choice":"Fought Mushrooms","floor":11.0,"gold_loss":0.0,"damage_taken":0.0},{"damage_healed":18.0,"max_hp_gain":0.0,"max_hp_loss":0.0,"gold_gain":0.0,"event_name":"The Cleric","player_choice":"Healed","floor":14.0,"gold_loss":35.0,"damage_taken":0.0},{"damage_healed":0.0,"max_hp_gain":0.0,"max_hp_loss":0.0,"gold_gain":100.0,"event_name":"The Joust","player_choice":"Bet on Murderer","floor":20.0,"gold_loss":50.0,"damage_taken":0.0},{"damage_healed":0.0,"max_hp_gain":0.0,"max_hp_loss":0.0,"gold_gain":0.0,"event_name":"Masked Bandits","player_choice":"Paid Fearfully","floor":22.0,"gold_loss":9.0,"damage_taken":0.0},{"damage_healed":0.0,"max_hp_gain":0.0,"max_hp_loss":0.0,"gold_gain":0.0,"event_name":"Addict","player_choice":"Stole Relic","floor":24.0,"gold_loss":0.0,"damage_taken":0.0,"relics_obtained":["Potion Belt"],"cards_obtained":["Shame"]}],"is_beta":false,"boss_relics":[{"not_picked":["Astrolabe","Snecko Eye"],"picked":"Fusion Hammer"}],"items_purged_floors":[21],"is_endless":false,"potions_floor_spawned":[1,4,13,18,30,31],"killed_by":"Automaton","ascension_level":20}