{"gold_per_floor":[114,129,144,109,159,159,20,20,20,35,50,50,11,41,41,41],"floor_reached":16,"playtime":801,"items_purged":[],"score":200,"play_id":"83a6846d-a483-4fe4-bc1b-7491de28cb1d","local_time":"20180703155718","daily_mods":["Specialized","Lethality","Hoarder"],"is_ascension_mode":false,"campfire_choices":[{"floor":15,"key":"REST"}],"neow_cost":"","seed_source_timestamp":1600012436013,"circlet_count":0,"master_deck":["Defend_G","Defend_G","Defend_G","Defend_G","Defend_G","Strike_G","Strike_G","Strike_G","Strike_G","Strike_G","Survivor","Neutralize","Phantasmal Killer","Phantasmal Killer","Phantasmal Killer","Phantasmal Killer","Phantasmal Killer","Phantasmal Killer","Phantasmal Killer","Phantasmal Killer","Phantasmal Killer","Phantasmal Killer","Phantasmal Killer","Phantasmal Killer","Phantasmal Killer","Phantasmal Killer","Phantasmal Killer","Backflip","Backflip","Backflip","Dagger Spray+1","Dagger Spray+1","Dagger Spray","Grand Finale","Grand Finale+1","Grand Finale","Regret","Regret","Regret","Caltrops","Caltrops","Caltrops","Quick Slash","Quick Slash","Quick Slash","Dodge and Roll","Dodge and Roll","Dodge and Roll","Infinite Blades","Infinite Blades","Infinite Blades","Deadly Poison","Deadly Poison","Deadly Poison","Infinite Blades","Infinite Blades","Infinite Blades","Riddle With Holes","Riddle With Holes","Riddle With Holes"],"special_seed":17715,"relics":["Ring of the Snake","Whetstone","Snake Skull","Paper Crane","Ninja Scroll"],"potions_floor_usage":[10,14,14,16],"damage_taken":[{"damage":8,"enemies":"Small Slimes","floor":1,"turns":4},{"damage":22,"enemies":"Cultist","floor":2,"turns":6},{"damage":1,"enemies":"Jaw Worm","floor":3,"turns":2},{"damage":18,"enemies":"Large Slime","floor":10,"turns":4},{"damage":27,"enemies":"2 Fungi Beasts","floor":11,"turns":3},{"damage":16,"enemies":"Lagavulin","floor":14,"turns":4},{"damage":28,"enemies":"The Guardian","floor":16,"turns":4}],"seed_played":"-5295216616361332357","potions_obtained":[{"floor":2,"key":"Regen Potion"},{"floor":3,"key":"Block Potion"},{"floor":10,"key":"Poison Potion"},{"floor":11,"key":"SkillPotion"}],"is_trial":false,"path_per_floor":["M","M","M","?","T","?","$","?","T","M","M","?","$","E","R"],"character_chosen":"THE_SILENT","items_purchased":["Caltrops","Quick Slash","Dodge and Roll","Infinite Blades"],"campfire_rested":1,"item_purchase_floors":[7,7,7,13],"current_hp_per_floor":[62,40,39,56,56,56,56,56,56,50,23,23,23,7,28,0],"gold":41,"neow_bonus":"","is_prod":false,"is_daily":true,"chose_seed":true,"campfire_upgraded":0,"win_rate":0,"timestamp":1530647838,"path_taken":["M","M","M","?","?","?","?","?","T","M","?","?","$","E","R","BOSS"],"build_version":"2018-06-28","purchased_purges":0,"victory":false,"max_hp_per_floor":[70,70,70,70,70,70,70,70,70,70,70,70,70,70,70,70],"card_choices":[{"not_picked":["Endless Agony","Slice"],"picked":"Backflip","floor":1},{"not_picked":["Sucker Punch","Dash"],"picked":"Dagger Spray","floor":2},{"not_picked":["Endless Agony","Terror"],"picked":"Grand Finale","floor":3},{"not_picked":["Sucker Punch","Outmaneuver"],"picked":"Infinite Blades","floor":10},{"not_picked":["Prepared","Dagger Spray"],"picked":"Deadly Poison","floor":11},{"not_picked":["Leg Sweep","Flying Knee"],"picked":"Riddle With Holes","floor":14}],"player_experience":249207,"relics_obtained":[{"floor":5,"key":"Whetstone"},{"floor":9,"key":"Paper Crane"},{"floor":14,"key":"Ninja Scroll"}],"event_choices":[{"event_name":"The Cleric","player_choice":"Healed","floor":4,"damage_taken":0},{"event_name":"Big Fish","player_choice":"Box","floor":6,"damage_taken":0},{"event_name":"Living Wall","player_choice":"Grow","floor":8,"damage_taken":0},{"event_name":"Shining Light","player_choice":"Ignored","floor":12,"damage_taken":0}],"boss_relics":[],"items_purged_floors":[],"is_endless":false,"potions_floor_spawned":[2,3,10,11],"killed_by":"The Guardian","ascension_level":0}