{"gold_per_floor":[114,129,144,144,9,39,39,69,94,109,139,214,244,259,259,359,359,374,374,389,50,65,80,6,106,131,161,191,191],"floor_reached":29,"playtime":2046,"items_purged":[],"score":543,"play_id":"5823394e-5642-4d41-a302-77b45622f689","local_time":"20190529170014","daily_mods":["Insanity","Time Dilation","DeadlyEvents"],"is_ascension_mode":false,"campfire_choices":[{"data":"Infinite Blades","floor":7,"key":"SMITH"},{"floor":15,"key":"REST"}],"neow_cost":"","seed_source_timestamp":0,"circlet_count":0,"master_deck":["Expertise","Escape Plan","Deflect","Caltrops","Calculated Gamble","Calculated Gamble","Dodge and Roll","Cloak And Dagger","Calculated Gamble","Bane","Prepared","Sucker Punch","Poisoned Stab","Acrobatics","Bouncing Flask","Quick Slash","Dagger Throw","Underhanded Strike","Slice","Prepared","PiercingWail","Terror","Bane","Leg Sweep","Poisoned Stab","Distraction","Cloak And Dagger","Poisoned Stab","Masterful Stab","PiercingWail","Dodge and Roll","Slice","Dagger Throw","Infinite Blades+1","Slice","Flying Knee","Backflip","Outmaneuver","Deadly Poison","Terror","Acrobatics","Distraction","Leg Sweep","Dagger Throw","Quick Slash","Dagger Spray","Outmaneuver","Riddle With Holes","Dagger Throw","Cloak And Dagger","Escape Plan","Blur","Accuracy","Reflex","Heel Hook","Blade Dance","Corpse Explosion","Slice","Die Die Die","Master of Strategy+1","Storm of Steel+1","Catalyst+1","Dagger Spray","Bane+1","Mayhem","Blade Dance","Riddle With Holes","Bouncing Flask","Infinite Blades","Footwork+1"],"special_seed":18045,"relics":["Ring of the Snake","NlothsMask","Lantern","Mummified Hand","FossilizedHelix","Shuriken","Happy Flower","Astrolabe","Blood Vial","Potion Belt","Bag of Marbles","Pear"],"potions_floor_usage":[3,6,13,13,16,27],"damage_taken":[{"damage":0,"enemies":"Cultist","floor":1,"turns":2},{"damage":0,"enemies":"Small Slimes","floor":2,"turns":2},{"damage":0,"enemies":"Jaw Worm","floor":3,"turns":2},{"damage":18,"enemies":"Gremlin Nob","floor":6,"turns":3},{"damage":0,"enemies":"Lagavulin","floor":8,"turns":3},{"damage":5,"enemies":"Large Slime","floor":10,"turns":2},{"damage":11,"enemies":"3 Sentries","floor":11,"turns":5},{"damage":0,"enemies":"Gremlin Nob","floor":13,"turns":3},{"damage":0,"enemies":"2 Fungi Beasts","floor":14,"turns":1},{"damage":0,"enemies":"Hexaghost","floor":16,"turns":5},{"damage":0,"enemies":"Spheric Guardian","floor":18,"turns":3},{"damage":20,"enemies":"2 Thieves","floor":20,"turns":3},{"damage":18,"enemies":"Shelled Parasite and Fungi","floor":22,"turns":3},{"damage":12,"enemies":"Snecko","floor":23,"turns":4},{"damage":0,"enemies":"Gremlin Leader","floor":27,"turns":5},{"damage":12,"enemies":"Book of Stabbing","floor":28,"turns":4},{"damage":24,"enemies":"Gremlin Leader","floor":29,"turns":4}],"seed_played":"-6599637533551132899","potions_obtained":[{"floor":1,"key":"Block Potion"},{"floor":2,"key":"SkillPotion"},{"floor":6,"key":"LiquidBronze"},{"floor":10,"key":"PowerPotion"},{"floor":11,"key":"Regen Potion"},{"floor":18,"key":"SpeedPotion"},{"floor":22,"key":"LiquidBronze"},{"floor":27,"key":"Ancient Potion"}],"is_trial":false,"path_per_floor":["M","M","M","?","$","E","R","E","T","M","E","T","E","M","R","B",null,"M","?","M","$","M","M","$","?","T","E","E","E"],"character_chosen":"THE_SILENT","items_purchased":["Good Instincts","Accuracy","Blood Vial","Mayhem","Bouncing Flask"],"campfire_rested":1,"item_purchase_floors":[5,5,21,21,24],"current_hp_per_floor":[70,70,70,70,70,52,52,52,52,47,36,36,41,41,62,62,70,70,57,37,37,21,11,11,11,11,13,13,0],"gold":191,"neow_bonus":"","is_prod":false,"is_daily":true,"chose_seed":false,"campfire_upgraded":1,"win_rate":0,"timestamp":1559163614,"path_taken":["M","?","M","?","$","E","R","?","T","?","E","?","E","M","R","BOSS","M","?","M","$","M","M","$","?","T","E","?","?"],"build_version":"2019-01-23","purchased_purges":0,"victory":false,"max_hp_per_floor":[70,70,70,70,70,70,70,70,70,70,70,70,70,70,70,70,70,70,75,75,75,75,75,75,75,75,75,85,85],"card_choices":[{"not_picked":["Flying Knee","Distraction"],"picked":"Cloak And Dagger","floor":1},{"not_picked":["Well Laid Plans","Setup"],"picked":"Escape Plan","floor":2},{"not_picked":["Backstab","Crippling Poison"],"picked":"Blur","floor":3},{"not_picked":["Eviscerate","Prepared"],"picked":"Endless Agony","floor":6},{"not_picked":["Backflip","Night Terror"],"picked":"Reflex","floor":8},{"not_picked":["Masterful Stab","PiercingWail"],"picked":"Heel Hook","floor":10},{"not_picked":["Poisoned Stab","Sucker Punch"],"picked":"Blade Dance","floor":11},{"not_picked":["Crippling Poison","Dagger Throw"],"picked":"Corpse Explosion","floor":13},{"not_picked":["Acrobatics","Backflip"],"picked":"Slice","floor":14},{"not_picked":["Burst","Tools of the Trade"],"picked":"Die Die Die","floor":16},{"not_picked":["Prepared","Distraction"],"picked":"Dagger Spray","floor":18},{"not_picked":["Caltrops+1","Eviscerate"],"picked":"Bane+1","floor":20},{"not_picked":["Underhanded Strike","Backflip"],"picked":"Blade Dance","floor":22},{"not_picked":["Distraction","Bane"],"picked":"Riddle With Holes","floor":23},{"not_picked":["PiercingWail","Masterful Stab"],"picked":"Infinite Blades","floor":27},{"not_picked":["Leg Sweep","Endless Agony"],"picked":"Footwork+1","floor":28}],"player_experience":715829,"relics_obtained":[{"floor":6,"key":"Lantern"},{"floor":8,"key":"Mummified Hand"},{"floor":11,"key":"FossilizedHelix"},{"floor":12,"key":"Shuriken"},{"floor":13,"key":"Happy Flower"},{"floor":26,"key":"Potion Belt"},{"floor":27,"key":"Bag of Marbles"},{"floor":28,"key":"Pear"}],"event_choices":[{"damage_healed":0,"gold_gain":0,"player_choice":"Trade","damage_taken":0,"relics_obtained":["NlothsMask"],"max_hp_gain":0,"max_hp_loss":0,"event_name":"FaceTrader","floor":4,"gold_loss":0},{"damage_healed":0,"gold_gain":0,"player_choice":"Shed Blood","damage_taken":18,"max_hp_gain":5,"max_hp_loss":0,"event_name":"Forgotten Altar","floor":19,"gold_loss":0},{"damage_healed":0,"gold_gain":100,"player_choice":"Pray","damage_taken":0,"max_hp_gain":0,"max_hp_loss":0,"event_name":"Golden Shrine","floor":25,"gold_loss":0}],"is_beta":false,"boss_relics":[{"not_picked":["Busted Crown","Fusion Hammer"],"picked":"Astrolabe"}],"items_purged_floors":[],"is_endless":false,"potions_floor_spawned":[1,2,6,10,11,18,22,27],"killed_by":"Gremlin Leader","ascension_level":0}