{"gold_per_floor":[117,42,42,42,117,150,168,180,180,198,198,218,5,36,36,114,114,127,127,146,146],"floor_reached":21,"playtime":619,"items_purged":["Strike_R","Defend_R"],"score":428,"play_id":"32a0ab1d-f3ea-4fd2-a766-c540d89f9cec","local_time":"20190913144102","is_ascension_mode":true,"campfire_choices":[{"data":"Berserk","floor":11,"key":"SMITH"},{"data":"Flame Barrier","floor":15,"key":"SMITH"}],"neow_cost":"NONE","seed_source_timestamp":110176955334100,"circlet_count":0,"master_deck":["AscendersBane","Strike_R","Strike_R","Strike_R","Strike_R","Defend_R","Defend_R","Defend_R","Bash","Spot Weakness","Metallicize","Berserk+1","Headbutt","Spot Weakness","Flame Barrier+1","Shrug It Off","Juggernaut","Battle Trance","Pommel Strike+1"],"relics":["Burning Blood","NeowsBlessing","Blue Candle","Matryoshka","Oddly Smooth Stone","Mark of Pain","Nilry\u0027s Codex"],"potions_floor_usage":[10,14,16,21],"damage_taken":[{"damage":0,"enemies":"2 Louse","floor":1,"turns":1},{"damage":0,"enemies":"3 Sentries","floor":6,"turns":2},{"damage":0,"enemies":"Jaw Worm","floor":7,"turns":1},{"damage":3,"enemies":"Cultist","floor":8,"turns":3},{"damage":2,"enemies":"Large Slime","floor":10,"turns":6},{"damage":7,"enemies":"Blue Slaver","floor":12,"turns":4},{"damage":30,"enemies":"Gremlin Nob","floor":14,"turns":4},{"damage":41,"enemies":"Hexaghost","floor":16,"turns":12},{"damage":9,"enemies":"3 Byrds","floor":18,"turns":4},{"damage":17,"enemies":"Shell Parasite","floor":20,"turns":7},{"damage":19,"enemies":"Masked Bandits","floor":21,"turns":3}],"seed_played":"-2810830859307637081","potions_obtained":[{"floor":8,"key":"AttackPotion"},{"floor":12,"key":"Poison Potion"},{"floor":14,"key":"Dexterity Potion"},{"floor":20,"key":"Weak Potion"}],"is_trial":false,"path_per_floor":["M","$","?","?","?","E","M","M","T","M","R","M","$","E","R","B",null,"M","?","M","?"],"character_chosen":"IRONCLAD","items_purchased":["Flame Barrier","Shrug It Off"],"campfire_rested":0,"item_purchase_floors":[13,13],"current_hp_per_floor":[74,74,79,79,68,74,80,80,80,80,80,79,79,55,55,20,65,62,41,30,11],"gold":146,"neow_bonus":"THREE_ENEMY_KILL","is_prod":false,"is_daily":false,"chose_seed":false,"campfire_upgraded":2,"win_rate":0,"timestamp":1568410862,"path_taken":["M","$","?","?","?","E","?","M","T","M","R","?","$","E","R","BOSS","M","?","M","?"],"build_version":"2019-07-17","purchased_purges":2,"victory":false,"max_hp_per_floor":[75,75,80,80,80,80,80,80,80,80,80,80,80,80,80,80,80,80,80,80,80],"card_choices":[{"not_picked":["Clash","Iron Wave","Cleave"],"picked":"SKIP","floor":1},{"not_picked":["Heavy Blade","Headbutt"],"picked":"Spot Weakness","floor":6},{"not_picked":["Carnage","Anger"],"picked":"Metallicize","floor":7},{"not_picked":["Warcry","Bloodletting"],"picked":"Berserk","floor":8},{"not_picked":["Reckless Charge","Clash"],"picked":"Headbutt","floor":10},{"not_picked":["Headbutt","True Grit"],"picked":"Spot Weakness","floor":12},{"not_picked":["Warcry","True Grit","Perfected Strike"],"picked":"SKIP","floor":14},{"not_picked":["Offering","Berserk"],"picked":"Juggernaut","floor":16},{"not_picked":["Anger","Bloodletting"],"picked":"Battle Trance","floor":18},{"not_picked":["Carnage","Sentinel"],"picked":"Pommel Strike+1","floor":20}],"player_experience":747084,"relics_obtained":[{"floor":6,"key":"Blue Candle"},{"floor":9,"key":"Matryoshka"},{"floor":14,"key":"Oddly Smooth Stone"},{"floor":19,"key":"Nilry\u0027s Codex"}],"event_choices":[{"damage_healed":0,"gold_gain":0,"player_choice":"Donut","damage_taken":0,"max_hp_gain":5,"max_hp_loss":0,"event_name":"Big Fish","floor":3,"gold_loss":0},{"damage_healed":0,"gold_gain":0,"player_choice":"Ignored","damage_taken":0,"max_hp_gain":0,"max_hp_loss":0,"event_name":"Liars Game","floor":4,"gold_loss":0},{"damage_healed":0,"gold_gain":75,"player_choice":"Gather Gold","damage_taken":11,"max_hp_gain":0,"max_hp_loss":0,"event_name":"World of Goop","floor":5,"gold_loss":0},{"damage_healed":0,"gold_gain":0,"player_choice":"Obtained Book","damage_taken":21,"max_hp_gain":0,"max_hp_loss":0,"event_name":"Cursed Tome","floor":19,"gold_loss":0},{"damage_healed":0,"gold_gain":0,"player_choice":"Fought Bandits","damage_taken":0,"max_hp_gain":0,"max_hp_loss":0,"event_name":"Masked Bandits","floor":21,"gold_loss":0}],"is_beta":false,"boss_relics":[{"not_picked":["Coffee Dripper","Calling Bell"],"picked":"Mark of Pain"}],"items_purged_floors":[2,13],"is_endless":false,"potions_floor_spawned":[8,12,14,20],"killed_by":"Masked Bandits","ascension_level":20}