{"gold_per_floor":[212,232,212,231,241,241,270,282,305,305,305,337,348,374,374,452,452,430,430,191,241,241,273,273,283,283,297,314,346,361,115,115,188,188,198,14,27,40,40,40,86,86,111,146,161,189,219,258,270,282,294],"floor_reached":52,"playtime":2938,"items_purged":["Strike_R","Strike_R"],"score":2219,"play_id":"c1896373-d350-40a1-9764-ff957bae3d35","local_time":"20190921195326","is_ascension_mode":true,"campfire_choices":[{"data":"Uppercut","floor":6.0,"key":"SMITH"},{"data":"Disarm","floor":10.0,"key":"SMITH"},{"data":"Fire Breathing","floor":15.0,"key":"SMITH"},{"data":"Feel No Pain","floor":24.0,"key":"SMITH"},{"data":"Body Slam","floor":32,"key":"SMITH"},{"data":"Barricade","floor":40,"key":"SMITH"},{"data":"Corruption","floor":42,"key":"SMITH"},{"data":"Sentinel","floor":49,"key":"SMITH"}],"neow_cost":"NONE","seed_source_timestamp":413749590818600,"circlet_count":0,"master_deck":["AscendersBane","Strike_R","Strike_R","Defend_R","Defend_R","Defend_R+1","Defend_R","Bash","Power Through+1","Battle Trance","Feel No Pain+1","Uppercut+1","Disarm+1","Feed","Fire Breathing+1","Shrug It Off","Impervious","Havoc+1","Body Slam+1","Purity","Shrug It Off","Sentinel+1","Havoc","Warcry","Barricade+1","Shrug It Off","Corruption+1","Master of Strategy","Feel No Pain","Corruption","Fiend Fire","True Grit","Dark Embrace","Body Slam","Havoc+1","Sentinel+1"],"special_seed":0,"relics":["Burning Blood","Dead Branch","Orichalcum","InkBottle","Blood Vial","SlaversCollar","Enchiridion","Membership Card","The Courier","Gremlin Horn","Toy Ornithopter","Happy Flower","Snecko Eye","Orrery","Meat on the Bone","Girya","Juzu Bracelet","War Paint","MawBank","Smiling Mask"],"potions_floor_usage":[29,35,51],"damage_taken":[{"damage":4.0,"enemies":"2 Louse","floor":1.0,"turns":3.0},{"damage":3.0,"enemies":"Cultist","floor":2.0,"turns":6.0},{"damage":11.0,"enemies":"Jaw Worm","floor":4.0,"turns":6.0},{"damage":11.0,"enemies":"Blue Slaver","floor":5.0,"turns":6.0},{"damage":3.0,"enemies":"3 Sentries","floor":7.0,"turns":16.0},{"damage":2.0,"enemies":"Looter","floor":8.0,"turns":4.0},{"damage":3.0,"enemies":"Gremlin Nob","floor":12.0,"turns":4.0},{"damage":2.0,"enemies":"2 Fungi Beasts","floor":13.0,"turns":5.0},{"damage":18.0,"enemies":"Lagavulin","floor":14.0,"turns":7.0},{"damage":15.0,"enemies":"Slime Boss","floor":16.0,"turns":7.0},{"damage":17.0,"enemies":"2 Thieves","floor":18.0,"turns":4.0},{"damage":3.0,"enemies":"Slavers","floor":23.0,"turns":5.0},{"damage":0.0,"enemies":"Shell Parasite","floor":25.0,"turns":8.0},{"damage":0.0,"enemies":"Centurion and Healer","floor":27.0,"turns":5.0},{"damage":0,"enemies":"Shelled Parasite and Fungi","floor":28,"turns":7},{"damage":0,"enemies":"Gremlin Leader","floor":29,"turns":3},{"damage":1,"enemies":"Snake Plant","floor":30,"turns":6},{"damage":20,"enemies":"Collector","floor":33,"turns":9},{"damage":9,"enemies":"3 Shapes","floor":35,"turns":7},{"damage":0,"enemies":"Orb Walker","floor":37,"turns":2},{"damage":14,"enemies":"3 Darklings","floor":38,"turns":6},{"damage":0,"enemies":"2 Orb Walkers","floor":41,"turns":1},{"damage":12,"enemies":"Reptomancer","floor":44,"turns":3},{"damage":0,"enemies":"Sphere and 2 Shapes","floor":45,"turns":3},{"damage":0,"enemies":"Giant Head","floor":46,"turns":4},{"damage":0,"enemies":"Spire Growth","floor":47,"turns":1},{"damage":0,"enemies":"Time Eater","floor":50,"turns":5},{"damage":24,"enemies":"Awakened One","floor":51,"turns":5}],"seed_played":"541839731555203752","potions_obtained":[{"floor":1.0,"key":"Block Potion"},{"floor":3.0,"key":"Explosive Potion"},{"floor":4.0,"key":"DuplicationPotion"},{"floor":7.0,"key":"SteroidPotion"},{"floor":12.0,"key":"Strength Potion"},{"floor":14.0,"key":"Swift Potion"},{"floor":16.0,"key":"Block Potion"},{"floor":23.0,"key":"Fire Potion"},{"floor":25.0,"key":"ElixirPotion"},{"floor":29,"key":"Dexterity Potion"},{"floor":35,"key":"BloodPotion"}],"is_trial":false,"path_per_floor":["M","M","?","M","M","R","E","M","T","R","?","E","M","E","R","B",null,"M","?","$","?","?","E","R","M","T","M","M","E","M","$","R","B",null,"M","$","M","M","T","R","?","R","T","E","M","E","M","T","R","B","B",null],"character_chosen":"IRONCLAD","items_purchased":["Membership Card","Regen Potion","Purity","Shrug It Off","Sentinel","Havoc","Warcry","Happy Flower","Corruption","Master of Strategy","Orrery"],"campfire_rested":0,"item_purchase_floors":[20,20,31,31,31,31,31,31,36,36,36],"current_hp_per_floor":[70,73,73,68,63,63,66,70,70,70,63,66,73,61,61,54,72,63,42,42,42,42,61,61,72,72,83,87,87,87,87,87,73,84,87,87,87,79,79,79,87,87,87,84,90,90,90,90,90,90,90],"gold":306,"neow_bonus":"HUNDRED_GOLD","is_prod":false,"is_daily":false,"chose_seed":false,"campfire_upgraded":8,"win_rate":0,"timestamp":1569120806,"path_taken":["M","M","?","M","?","R","E","M","T","R","?","E","M","E","R","BOSS","M","?","$","?","?","E","R","?","T","M","M","E","M","$","R","BOSS","M","$","?","M","?","R","?","R","T","E","M","E","M","?","R","BOSS","BOSS"],"build_version":"2019-09-20","purchased_purges":2,"victory":true,"max_hp_per_floor":[75,75,75,75,75,75,75,75,75,75,75,75,78,78,78,78,78,78,78,78,78,78,78,78,81,81,84,87,87,87,87,87,87,87,87,87,87,87,87,87,87,87,87,90,90,90,90,90,90,90,90],"card_choices":[{"not_picked":["Heavy Blade","Flex"],"picked":"Power Through","floor":1.0},{"not_picked":["Perfected Strike","Pommel Strike"],"picked":"Battle Trance","floor":2.0},{"not_picked":["Sentinel","Second Wind"],"picked":"Feel No Pain","floor":4.0},{"not_picked":["Havoc","Twin Strike"],"picked":"Uppercut","floor":5.0},{"not_picked":["Intimidate","Cleave","Warcry"],"picked":"SKIP","floor":7.0},{"not_picked":["Clash","True Grit"],"picked":"Disarm","floor":8.0},{"not_picked":["Perfected Strike","Infernal Blade"],"picked":"Feed","floor":12.0},{"not_picked":["Spot Weakness","Iron Wave"],"picked":"Fire Breathing","floor":13.0},{"not_picked":["Shockwave","Body Slam"],"picked":"Shrug It Off","floor":14.0},{"not_picked":["Immolate","Reaper"],"picked":"Impervious","floor":16.0},{"not_picked":["Pommel Strike","Twin Strike","Thunderclap"],"picked":"SKIP","floor":18.0},{"not_picked":["Armaments","Combust+1"],"picked":"Havoc+1","floor":23.0},{"not_picked":["Cleave+1","Anger","Rupture"],"picked":"SKIP","floor":25.0},{"not_picked":["Inflame","Pommel Strike","Reckless Charge"],"picked":"SKIP","floor":27.0},{"not_picked":["Dropkick","Anger"],"picked":"Body Slam","floor":28},{"not_picked":["Bludgeon","Inflame","Rage"],"picked":"SKIP","floor":29},{"not_picked":["Sword Boomerang","Thunderclap","Flex"],"picked":"SKIP","floor":30},{"not_picked":["Double Tap","Brutality"],"picked":"Barricade","floor":33},{"not_picked":["Bloodletting","Armaments"],"picked":"Shrug It Off","floor":35},{"not_picked":["Clash","Reckless Charge"],"picked":"Feel No Pain","floor":36},{"not_picked":["Whirlwind","Infernal Blade+1"],"picked":"Corruption","floor":36},{"not_picked":["Clash","Armaments+1"],"picked":"Fiend Fire","floor":36},{"not_picked":["Combust","Armaments"],"picked":"True Grit","floor":36},{"not_picked":["Hemokinesis","Anger","Armaments"],"picked":"SKIP","floor":37},{"not_picked":["Havoc","Infernal Blade"],"picked":"Dark Embrace","floor":38},{"not_picked":["Disarm","Thunderclap"],"picked":"Body Slam","floor":41},{"not_picked":["Cleave+1","Shrug It Off"],"picked":"Havoc+1","floor":44},{"not_picked":["Cleave","Armaments+1","Body Slam"],"picked":"SKIP","floor":45},{"not_picked":["Reaper","Body Slam"],"picked":"Sentinel+1","floor":46},{"not_picked":["Clash","Perfected Strike","Clothesline"],"picked":"SKIP","floor":47}],"player_experience":938867,"relics_obtained":[{"floor":7.0,"key":"Dead Branch"},{"floor":9.0,"key":"Orichalcum"},{"floor":12.0,"key":"InkBottle"},{"floor":14.0,"key":"Blood Vial"},{"floor":19.0,"key":"Enchiridion"},{"floor":23.0,"key":"The Courier"},{"floor":26.0,"key":"Gremlin Horn"},{"floor":29,"key":"Toy Ornithopter"},{"floor":39,"key":"Meat on the Bone"},{"floor":41,"key":"Girya"},{"floor":43,"key":"Juzu Bracelet"},{"floor":44,"key":"War Paint"},{"floor":46,"key":"MawBank"},{"floor":48,"key":"Smiling Mask"}],"event_choices":[{"damage_healed":0.0,"max_hp_gain":0.0,"max_hp_loss":0.0,"gold_gain":0.0,"event_name":"The Woman in Blue","player_choice":"Bought 1 Potion","floor":3.0,"gold_loss":0.0,"damage_taken":0.0},{"cards_removed":["Strike_R"],"damage_healed":0.0,"max_hp_gain":0.0,"max_hp_loss":0.0,"gold_gain":0.0,"event_name":"Golden Wing","player_choice":"Card Removal","floor":11.0,"gold_loss":0.0,"damage_taken":7.0},{"damage_healed":0.0,"max_hp_gain":0.0,"max_hp_loss":0.0,"gold_gain":0.0,"event_name":"Cursed Tome","player_choice":"Obtained Book","floor":19.0,"gold_loss":0.0,"damage_taken":21.0},{"damage_healed":0.0,"max_hp_gain":0.0,"max_hp_loss":0.0,"gold_gain":50.0,"event_name":"Nest","player_choice":"Stole From Cult","floor":21.0,"gold_loss":0.0,"damage_taken":0.0},{"damage_healed":0.0,"max_hp_gain":0.0,"max_hp_loss":0.0,"gold_gain":0.0,"event_name":"Ghosts","player_choice":"Ignored","floor":22.0,"gold_loss":0.0,"damage_taken":0.0},{"damage_healed":0,"gold_gain":0,"player_choice":"Fight","damage_taken":0,"max_hp_gain":0,"max_hp_loss":0,"event_name":"Mysterious Sphere","floor":41,"gold_loss":0}],"is_beta":true,"boss_relics":[{"not_picked":["Busted Crown","Runic Pyramid"],"picked":"SlaversCollar"},{"not_picked":["SacredBark","Calling Bell"],"picked":"Snecko Eye"}],"items_purged_floors":[20,31],"is_endless":false,"potions_floor_spawned":[1,4,7,12,14,16,23,25,29,30,35,37,41,47],"ascension_level":20}