{"gold_per_floor":[109,109,126,144,161,187,187,222,222,236,236,253,268,280,280,352,352,366,342,292,305,315,315,112,123,123,18,18,52,70,96,108,195,207,233,265,296,308,1319,1331,1343,688,688,700,714,16,16,49,49,49,49],"floor_reached":52,"playtime":4645,"items_purged":["Strike_R","Strike_R","Bash","Normality"],"score":1826,"play_id":"71361e4a-d9a9-478b-8807-6903df01bd2e","local_time":"20190920203252","is_ascension_mode":true,"campfire_choices":[{"data":"Shockwave","floor":7.0,"key":"SMITH"},{"floor":15.0,"key":"REST"},{"data":"Fire Breathing","floor":23.0,"key":"SMITH"},{"floor":28.0,"key":"REST"},{"data":"Disarm","floor":32.0,"key":"SMITH"},{"floor":40.0,"key":"REST"},{"floor":49.0,"key":"REST"}],"neow_cost":"NONE","seed_source_timestamp":0,"circlet_count":0,"master_deck":["AscendersBane","Defend_R","Defend_R","Defend_R","Combust+1","Feel No Pain","Shockwave+1","Carnage","Fire Breathing+1","Infernal Blade","True Grit+1","Impervious","Wild Strike+1","Wild Strike+1","Disarm+1","Wild Strike","Burning Pact+1","Battle Trance","Power Through","Discovery","Disarm+1","True Grit","True Grit","Seeing Red+1","Shrug It Off+1","Impervious","Evolve+1","Armaments+1","Normality","Barricade","Power Through","Apotheosis","Sentinel","Power Through","Master of Strategy","Fiend Fire","Discovery"],"special_seed":0,"relics":["Burning Blood","NeowsBlessing","Regal Pillow","Blood Vial","Vajra","Astrolabe","Smiling Mask","Shuriken","MawBank","Sozu","Bottled Tornado","Blue Candle","Orichalcum","Centennial Puzzle"],"potions_floor_usage":[],"damage_taken":[{"damage":0.0,"enemies":"Jaw Worm","floor":1.0,"turns":1.0},{"damage":0.0,"enemies":"Cultist","floor":3.0,"turns":1.0},{"damage":0.0,"enemies":"2 Louse","floor":4.0,"turns":2.0},{"damage":15.0,"enemies":"Large Slime","floor":5.0,"turns":6.0},{"damage":29.0,"enemies":"3 Sentries","floor":6.0,"turns":5.0},{"damage":34.0,"enemies":"Gremlin Nob","floor":8.0,"turns":4.0},{"damage":7.0,"enemies":"Red Slaver","floor":10.0,"turns":3.0},{"damage":5.0,"enemies":"Gremlin Gang","floor":12.0,"turns":5.0},{"damage":15.0,"enemies":"Large Slime","floor":13.0,"turns":5.0},{"damage":13.0,"enemies":"3 Louse","floor":14.0,"turns":2.0},{"damage":22.0,"enemies":"Slime Boss","floor":16.0,"turns":7.0},{"damage":20.0,"enemies":"Spheric Guardian","floor":18.0,"turns":4.0},{"damage":11.0,"enemies":"2 Thieves","floor":19.0,"turns":4.0},{"damage":25.0,"enemies":"Shelled Parasite and Fungi","floor":21.0,"turns":5.0},{"damage":15.0,"enemies":"Centurion and Healer","floor":22.0,"turns":6.0},{"damage":15.0,"enemies":"Snake Plant","floor":25.0,"turns":4.0},{"damage":13.0,"enemies":"Book of Stabbing","floor":29.0,"turns":5.0},{"damage":6.0,"enemies":"Cultist and Chosen","floor":30.0,"turns":6.0},{"damage":28.0,"enemies":"Gremlin Leader","floor":31.0,"turns":5.0},{"damage":23.0,"enemies":"Collector","floor":33.0,"turns":12.0},{"damage":2.0,"enemies":"3 Darklings","floor":35.0,"turns":5.0},{"damage":0.0,"enemies":"3 Shapes","floor":36.0,"turns":4.0},{"damage":49.0,"enemies":"Jaw Worm Horde","floor":37.0,"turns":6.0},{"damage":2.0,"enemies":"Spire Growth","floor":44.0,"turns":8.0},{"damage":46.0,"enemies":"Transient","floor":45.0,"turns":6.0},{"damage":17.0,"enemies":"Nemesis","floor":48.0,"turns":11.0},{"damage":25.0,"enemies":"Donu and Deca","floor":50.0,"turns":10.0},{"damage":47,"enemies":"Awakened One","floor":51,"turns":18}],"seed_played":"39928617627249619","potions_obtained":[{"floor":4.0,"key":"Weak Potion"},{"floor":5.0,"key":"PowerPotion"},{"floor":6.0,"key":"PowerPotion"},{"floor":8.0,"key":"Ancient Potion"},{"floor":14.0,"key":"Fire Potion"},{"floor":18.0,"key":"Regen Potion"},{"floor":19.0,"key":"Block Potion"},{"floor":21.0,"key":"BloodPotion"}],"is_trial":false,"path_per_floor":["M","?","M","M","M","E","R","E","T","M","?","M","M","M","R","B",null,"M","M","?","M","M","R","$","M","T","$","R","E","M","E","R","B",null,"M","M","M","?","?","R","?","$","T","M","M","$","?","E","R","B","B",null],"character_chosen":"IRONCLAD","items_purchased":["Power Through","Discovery","True Grit","Barricade","Power Through","Apotheosis","Bottled Tornado","Power Through","Master of Strategy","Fiend Fire","Discovery","Orichalcum"],"campfire_rested":4,"item_purchase_floors":[24,24,27,42,42,42,42,46,46,46,46,46],"current_hp_per_floor":[74,74,75,75,66,43,43,15,15,16,16,19,12,7,44,30,64,52,61,61,44,52,52,52,45,45,45,75,68,70,50,50,35,65,71,75,32,32,32,69,69,69,69,75,35,35,35,26,63,46,7],"gold":49,"neow_bonus":"THREE_ENEMY_KILL","is_prod":false,"is_daily":false,"chose_seed":false,"campfire_upgraded":3,"win_rate":0,"timestamp":1569036772,"path_taken":["M","?","?","?","M","E","R","E","T","M","?","M","M","M","R","BOSS","M","M","?","M","?","R","$","M","T","$","R","E","?","E","R","BOSS","M","M","M","?","?","R","?","$","T","M","M","$","?","E","R","BOSS","BOSS"],"build_version":"2019-09-20","purchased_purges":4,"victory":true,"max_hp_per_floor":[75,75,75,75,75,75,75,75,75,75,75,75,75,75,75,75,75,75,75,75,75,75,75,75,75,75,75,75,75,75,75,75,75,75,75,75,75,75,75,75,75,75,75,75,75,75,75,75,75,75,75],"card_choices":[{"not_picked":["Heavy Blade","Wild Strike"],"picked":"Combust","floor":1.0},{"not_picked":["Shockwave","Havoc"],"picked":"Feel No Pain","floor":3.0},{"not_picked":["Wild Strike","Havoc"],"picked":"Shockwave","floor":4.0},{"not_picked":["True Grit","Thunderclap"],"picked":"Carnage","floor":5.0},{"not_picked":["Pommel Strike","Havoc","Cleave"],"picked":"SKIP","floor":6.0},{"not_picked":["True Grit","Sword Boomerang"],"picked":"Fire Breathing","floor":8.0},{"not_picked":["Iron Wave","Dual Wield"],"picked":"Infernal Blade","floor":10.0},{"not_picked":["Entrench","Flame Barrier"],"picked":"True Grit","floor":12.0},{"not_picked":["Limit Break","Entrench","Hemokinesis"],"picked":"SKIP","floor":13.0},{"not_picked":["Rampage","Clothesline","Heavy Blade"],"picked":"SKIP","floor":14.0},{"not_picked":["Double Tap","Demon Form"],"picked":"Impervious","floor":16.0},{"not_picked":["Thunderclap+1","Body Slam"],"picked":"Wild Strike","floor":18.0},{"not_picked":["Body Slam","Warcry"],"picked":"Burning Pact","floor":19.0},{"not_picked":["Clothesline","Anger"],"picked":"Battle Trance","floor":21.0},{"not_picked":["Twin Strike","Uppercut","Headbutt"],"picked":"SKIP","floor":22.0},{"not_picked":["Cleave","Havoc"],"picked":"Disarm","floor":25.0},{"not_picked":["Bludgeon","Clothesline"],"picked":"True Grit","floor":29.0},{"not_picked":["Rupture","Clothesline"],"picked":"Seeing Red+1","floor":30.0},{"not_picked":["Spot Weakness","Rampage"],"picked":"Shrug It Off+1","floor":31.0},{"not_picked":["Dark Embrace","Berserk"],"picked":"Impervious","floor":33.0},{"not_picked":["Sword Boomerang","Flex","Hemokinesis"],"picked":"SKIP","floor":35.0},{"not_picked":["Carnage","Power Through"],"picked":"Evolve+1","floor":36.0},{"not_picked":["Pummel+1","Intimidate+1"],"picked":"Armaments+1","floor":37.0},{"not_picked":["Clash+1","Bludgeon","Flame Barrier"],"picked":"SKIP","floor":44.0},{"not_picked":["Clothesline","Cleave+1"],"picked":"Sentinel","floor":45.0},{"not_picked":["Havoc+1","Thunderclap","Twin Strike"],"picked":"SKIP","floor":48.0}],"player_experience":899314,"relics_obtained":[{"floor":6.0,"key":"Regal Pillow"},{"floor":8.0,"key":"Blood Vial"},{"floor":9.0,"key":"Vajra"},{"floor":26.0,"key":"Smiling Mask"},{"floor":29.0,"key":"Shuriken"},{"floor":31.0,"key":"MawBank"},{"floor":43.0,"key":"Blue Candle"},{"floor":48.0,"key":"Centennial Puzzle"}],"event_choices":[{"damage_healed":0.0,"max_hp_gain":0.0,"max_hp_loss":0.0,"gold_gain":0.0,"event_name":"Upgrade Shrine","player_choice":"Upgraded","floor":2.0,"gold_loss":0.0,"damage_taken":0.0,"cards_upgraded":["Combust"]},{"damage_healed":0.0,"max_hp_gain":0.0,"max_hp_loss":0.0,"gold_gain":0.0,"event_name":"Shining Light","player_choice":"Ignored","floor":11.0,"gold_loss":0.0,"damage_taken":0.0},{"damage_healed":0.0,"max_hp_gain":0.0,"max_hp_loss":0.0,"gold_gain":0.0,"event_name":"Designer","player_choice":"Upgraded Two","floor":20.0,"gold_loss":50.0,"damage_taken":0.0,"cards_upgraded":["True Grit","Burning Pact"]},{"damage_healed":0.0,"max_hp_gain":0.0,"max_hp_loss":0.0,"gold_gain":0.0,"event_name":"Mysterious Sphere","player_choice":"Ignored","floor":38.0,"gold_loss":0.0,"damage_taken":0.0},{"damage_healed":0.0,"max_hp_gain":0.0,"max_hp_loss":0.0,"gold_gain":999.0,"event_name":"MindBloom","player_choice":"Gold","floor":39.0,"gold_loss":0.0,"damage_taken":0.0,"cards_obtained":["Normality","Normality"]},{"damage_healed":0.0,"max_hp_gain":0.0,"max_hp_loss":0.0,"gold_gain":0.0,"event_name":"Tomb of Lord Red Mask","player_choice":"Ignored","floor":41.0,"gold_loss":0.0,"damage_taken":0.0},{"cards_removed":["Defend_R"],"damage_healed":0.0,"max_hp_gain":0.0,"max_hp_loss":0.0,"gold_gain":0.0,"event_name":"Falling","player_choice":"Removed Skill","floor":47.0,"gold_loss":0.0,"damage_taken":0.0}],"is_beta":true,"boss_relics":[{"not_picked":["Runic Pyramid","Tiny House"],"picked":"Astrolabe"},{"not_picked":["Runic Cube","SlaversCollar"],"picked":"Sozu"}],"items_purged_floors":[24,27,42,46],"is_endless":false,"potions_floor_spawned":[4,5,6,8,10,14,18,19,21,36],"ascension_level":20}