{"gold_per_floor":[116,116,134,148,167,193,204,204,204,204,16,88,101,121,121,223,223,213,213,226,226,246,246,3,3,26,26,26,43,53,81,81,81],"floor_reached":33,"playtime":1827,"items_purged":[],"score":249,"play_id":"06122b56-055a-4fa1-bd77-07930462cd04","local_time":"20180623094527","is_ascension_mode":false,"campfire_choices":[{"floor":8,"key":"REST"},{"data":"Hello World","floor":10,"key":"SMITH"},{"floor":15,"key":"REST"},{"floor":25,"key":"REST"},{"floor":27,"key":"REST"},{"floor":32,"key":"REST"}],"neow_cost":"NONE","seed_source_timestamp":4960884860367,"circlet_count":0,"master_deck":["Strike_B","Strike_B","Strike_B","Strike_B","Defend_B","Defend_B","Defend_B","Defend_B","Zap","Dualcast","Streamline","Hello World+1","Redo","Turbo","Auto Shields","Go for the Eyes","Reinforced Body","Gash","Steam+1","Aggregate","Creative AI","Doubt","Pride","Injury","Rebound","Chill","Stack+1","Gash","Streamline+1","Coolheaded+1","Reprogram","Leap","Defragment"],"relics":["Cracked Core","Turnip","Incense Burner","Happy Flower","Calling Bell","Ancient Tea Set","Mercury Hourglass","Du-Vu Doll","Strange Spoon","War Paint","Red Mask"],"potions_floor_usage":[5,6,7,14,31,31],"damage_taken":[{"damage":11,"enemies":"Jaw Worm","floor":1,"turns":2},{"damage":1,"enemies":"Cultist","floor":3,"turns":3},{"damage":9,"enemies":"Small Slimes","floor":4,"turns":4},{"damage":1,"enemies":"3 Louse","floor":5,"turns":2},{"damage":24,"enemies":"Lagavulin","floor":6,"turns":6},{"damage":13,"enemies":"Red Slaver","floor":7,"turns":2},{"damage":11,"enemies":"Exordium Wildlife","floor":13,"turns":4},{"damage":0,"enemies":"2 Fungi Beasts","floor":14,"turns":2},{"damage":35,"enemies":"Slime Boss","floor":16,"turns":9},{"damage":37,"enemies":"2 Thieves","floor":18,"turns":5},{"damage":17,"enemies":"3 Byrds","floor":20,"turns":6},{"damage":37,"enemies":"Snake Plant","floor":22,"turns":6},{"damage":3,"enemies":"Sentry and Sphere","floor":29,"turns":4},{"damage":8,"enemies":"Chosen and Byrds","floor":30,"turns":5},{"damage":25,"floor":31,"turns":5},{"damage":52,"enemies":"Automaton","floor":33,"turns":10}],"seed_played":"-1907285690433355085","potions_obtained":[{"floor":2,"key":"Swift Potion"},{"floor":2,"key":"EssenceOfSteel"},{"floor":2,"key":"Strength Potion"},{"floor":3,"key":"FairyPotion"},{"floor":6,"key":"Explosive Potion"},{"floor":13,"key":"Fruit Juice"},{"floor":22,"key":"EssenceOfSteel"},{"floor":29,"key":"Poison Potion"}],"is_trial":false,"path_per_floor":["M","?","M","M","M","E","M","R","T","R","$","?","M","M","R","B",null,"M","?","M","?","M","?","$","R","T","R","$","M","M","?","R"],"character_chosen":"DEFECT","items_purchased":["Happy Flower","Gash","Strange Spoon","Coolheaded"],"campfire_rested":5,"item_purchase_floors":[11,11,24,24],"current_hp_per_floor":[64,64,63,54,53,29,16,38,38,38,38,38,27,32,56,21,80,43,43,26,26,1,1,1,25,25,49,49,46,38,13,37,0],"gold":81,"neow_bonus":"THREE_CARDS","is_prod":false,"is_daily":false,"chose_seed":false,"campfire_upgraded":1,"win_rate":0.0,"timestamp":1529761527,"path_taken":["M","?","?","M","M","E","M","R","T","R","?","?","M","?","R","BOSS","M","?","?","?","?","?","?","R","T","R","?","?","M","?","R","BOSS"],"build_version":"2018-06-21v2","purchased_purges":0,"victory":false,"max_hp_per_floor":[75,75,75,75,75,75,75,75,75,75,75,75,75,80,80,80,80,80,80,80,80,80,80,80,80,80,80,80,80,80,80,80,80],"card_choices":[{"not_picked":["Sunder","Hologram"],"picked":"Streamline","floor":0},{"not_picked":["Barrage","Go for the Eyes"],"picked":"Hello World","floor":1},{"not_picked":["Hologram","Rebound"],"picked":"Redo","floor":3},{"not_picked":["Lockon","Redo"],"picked":"Turbo","floor":4},{"not_picked":["Ball Lightning","Echo Form"],"picked":"Auto Shields","floor":5},{"not_picked":["Barrage","Beam Cell"],"picked":"Go for the Eyes","floor":6},{"not_picked":["Consume","Turbo"],"picked":"Reinforced Body","floor":7},{"not_picked":["Streamline","Beam Cell"],"picked":"Steam","floor":13},{"not_picked":["Coolheaded","Melter"],"picked":"Aggregate","floor":14},{"not_picked":["Fission","Machine Learning"],"picked":"Creative AI","floor":16},{"not_picked":["Streamline","Barrage"],"picked":"Rebound","floor":18},{"not_picked":["Rebound","Turbo"],"picked":"Stack+1","floor":20},{"not_picked":["Rebound","Sweeping Beam"],"picked":"Streamline+1","floor":22},{"not_picked":["Heatsinks","Fusion+1"],"picked":"Reprogram","floor":29},{"not_picked":["Streamline","Turbo"],"picked":"Leap","floor":30},{"not_picked":["Static Discharge","Stack"],"picked":"Defragment","floor":31}],"player_experience":226213,"relics_obtained":[{"floor":6,"key":"Turnip"},{"floor":9,"key":"Incense Burner"},{"floor":17,"key":"Ancient Tea Set"},{"floor":17,"key":"Mercury Hourglass"},{"floor":17,"key":"Du-Vu Doll"},{"floor":26,"key":"War Paint"},{"floor":31,"key":"Red Mask"}],"event_choices":[{"event_name":"The Lab","player_choice":"Got Potions","floor":2,"damage_taken":0},{"event_name":"Golden Wing","player_choice":"Gained Gold","floor":12,"damage_taken":0},{"event_name":"The Library","player_choice":"Read","floor":19,"damage_taken":0},{"event_name":"Duplicator","player_choice":"One dupe","floor":21,"damage_taken":0},{"event_name":"Beggar","player_choice":"Ignored","floor":23,"damage_taken":0},{"event_name":"Masked Bandits","player_choice":"Fought over 53 gold","floor":31,"damage_taken":0}],"boss_relics":[{"not_picked":["Fusion Hammer","Ectoplasm"],"picked":"Calling Bell"}],"items_purged_floors":[],"is_endless":false,"potions_floor_spawned":[3,6,13,22,29],"killed_by":"Automaton","ascension_level":0}