{"path_per_floor":["M","M","?","T","M","R","M","R","T","R","E","M","$","M","R","B",null,"M","?","T","M","?","E","R","$","T","M","M","M","$","M","R"],"character_chosen":"IRONCLAD","items_purchased":["Self Forming Clay","Bronze Scales","Pen Nib","Good Instincts"],"gold_per_floor":[110,125,125,150,162,162,180,180,226,226,256,276,36,48,48,153,153,172,272,272,291,291,325,325,26,77,87,106,121,18,32,32,32],"floor_reached":33,"campfire_rested":1,"playtime":2782,"item_purchase_floors":[13,25,25,30],"current_hp_per_floor":[79,79,79,79,80,80,77,77,77,77,79,80,80,80,80,35,80,73,73,73,68,68,61,61,61,61,60,42,43,43,35,74,0],"items_purged":[],"gold":32,"score":269,"play_id":"abf397a1-d3d9-4f5d-a55b-6788d4e3e97b","local_time":"20180531194250","is_prod":false,"is_daily":false,"chose_seed":false,"is_ascension_mode":false,"campfire_upgraded":5,"win_rate":0,"timestamp":1527810170,"campfire_choices":[{"data":"Shockwave","floor":6,"key":"SMITH"},{"data":"Searing Blow","floor":8,"key":"SMITH"},{"data":"Searing Blow+1","floor":10,"key":"SMITH"},{"data":"Searing Blow+2","floor":15,"key":"SMITH"},{"data":"Juggernaut","floor":24,"key":"SMITH"},{"floor":32,"key":"REST"}],"path_taken":["M","M","?","?","M","R","M","R","T","R","E","M","$","M","R","BOSS","M","?","?","M","?","E","R","$","T","M","M","M","$","M","R","BOSS"],"build_version":"2018-05-24","seed_source_timestamp":12554406905601,"purchased_purges":0,"victory":false,"master_deck":["Strike_R","Strike_R","Strike_R","Strike_R","Strike_R","Defend_R","Defend_R+1","Defend_R","Defend_R","Bash+1","Shockwave+1","Dual Wield+1","Cleave","Searing Blow+3","Cleave","Twin Strike","Flex","Juggernaut+1","Shrug It Off","Anger","Feel No Pain+1","Body Slam","Iron Wave","Carnage","Good Instincts","Perfected Strike"],"max_hp_per_floor":[80,80,80,80,80,80,80,80,80,80,80,80,80,80,80,80,80,80,80,80,80,80,80,80,80,80,80,80,80,80,80,80,80],"relics":["Black Blood","Anchor","War Paint","Regal Pillow","Self Forming Clay","Bag of Marbles","Orichalcum","Bottled Lightning","Bronze Scales","Pen Nib","Bag of Preparation"],"card_choices":[{"not_picked":["Infernal Blade","Flex"],"picked":"Shockwave","floor":1},{"not_picked":["Twin Strike","Headbutt"],"picked":"Dual Wield","floor":2},{"not_picked":["Pommel Strike","Power Through"],"picked":"Cleave","floor":5},{"not_picked":["Flex","Havoc"],"picked":"Searing Blow","floor":7},{"not_picked":["Wild Strike","Rampage"],"picked":"Cleave","floor":11},{"not_picked":["Iron Wave","Body Slam"],"picked":"Twin Strike","floor":12},{"not_picked":["Hemokinesis","True Grit"],"picked":"Flex","floor":14},{"not_picked":["Demon Form","Bludgeon"],"picked":"Juggernaut","floor":16},{"not_picked":["Combust+1","Blood for Blood"],"picked":"Shrug It Off","floor":18},{"not_picked":["Burning Pact","Cleave"],"picked":"Anger","floor":21},{"not_picked":["Twin Strike","Blood for Blood"],"picked":"Feel No Pain+1","floor":23},{"not_picked":["Battle Trance","Havoc"],"picked":"Body Slam","floor":27},{"not_picked":["Heavy Blade+1","Juggernaut"],"picked":"Iron Wave","floor":28},{"not_picked":["True Grit","Body Slam"],"picked":"Carnage","floor":29},{"not_picked":["Warcry","Sword Boomerang"],"picked":"Perfected Strike","floor":31}],"player_experience":130359,"potions_floor_usage":[7,11,16,27,29],"damage_taken":[{"damage":7,"enemies":"2 Louse","floor":1,"turns":2},{"damage":6,"enemies":"Cultist","floor":2,"turns":4},{"damage":2,"enemies":"Small Slimes","floor":5,"turns":4},{"damage":9,"enemies":"Exordium Wildlife","floor":7,"turns":4},{"damage":4,"enemies":"3 Sentries","floor":11,"turns":6},{"damage":4,"enemies":"Blue Slaver","floor":12,"turns":3},{"damage":0,"enemies":"Red Slaver","floor":14,"turns":5},{"damage":51,"enemies":"Slime Boss","floor":16,"turns":12},{"damage":17,"enemies":"2 Thieves","floor":18,"turns":4},{"damage":15,"enemies":"Shell Parasite","floor":21,"turns":6},{"damage":17,"enemies":"Slavers","floor":23,"turns":6},{"damage":11,"enemies":"Chosen and Byrds","floor":27,"turns":5},{"damage":28,"enemies":"3 Cultists","floor":28,"turns":5},{"damage":9,"enemies":"Snake Plant","floor":29,"turns":4},{"damage":18,"enemies":"Sentry and Sphere","floor":31,"turns":4},{"damage":84,"enemies":"Automaton","floor":33,"turns":6}],"relics_obtained":[{"floor":4,"key":"Anchor"},{"floor":9,"key":"War Paint"},{"floor":11,"key":"Regal Pillow"},{"floor":20,"key":"Bag of Marbles"},{"floor":23,"key":"Bottled Lightning"},{"floor":26,"key":"Bag of Preparation"}],"event_choices":[{"event_name":"Purifier","player_choice":"Skipped","floor":3,"damage_taken":0},{"event_name":"Golden Shrine","player_choice":"Pray","floor":19,"damage_taken":0},{"event_name":"Wheel of Change","player_choice":"Relic","floor":22,"damage_taken":0}],"boss_relics":[{"not_picked":["Cursed Key","Runic Dome"],"picked":"Black Blood"}],"items_purged_floors":[],"potions_floor_spawned":[1,5,7,18,28],"seed_played":"8007794549675409075","killed_by":"Automaton","ascension_level":0,"potions_obtained":[{"floor":1,"key":"Strength Potion"},{"floor":5,"key":"SpeedPotion"},{"floor":7,"key":"Block Potion"},{"floor":18,"key":"PowerPotion"},{"floor":28,"key":"Weak Potion"}],"is_trial":false}