{"gold_per_floor":[111,124,48,48,48,48,64,64,64,74,102,102],"floor_reached":12,"playtime":275,"items_purged":[],"score":156,"play_id":"9ab97850-be2d-4e72-93f3-037a0fc76e65","local_time":"20190921125208","is_ascension_mode":true,"campfire_choices":[{"data":"Combust","floor":6,"key":"SMITH"},{"floor":8,"key":"REST"}],"neow_cost":"NONE","seed_source_timestamp":391243169114100,"circlet_count":0,"master_deck":["AscendersBane","Strike_R","Strike_R","Strike_R","Strike_R","Strike_R","Defend_R+1","Defend_R","Defend_R","Defend_R","Bash","Heavy Blade+1","Rampage","Brutality","Combust+1","Anger","Battle Trance","Disarm"],"relics":["Burning Blood","InkBottle","Strawberry","Potion Belt"],"potions_floor_usage":[11],"damage_taken":[{"damage":18,"enemies":"Cultist","floor":1,"turns":6},{"damage":19,"enemies":"Jaw Worm","floor":2,"turns":5},{"damage":9,"enemies":"2 Louse","floor":7,"turns":3},{"damage":17,"enemies":"Gremlin Gang","floor":10,"turns":4},{"damage":32,"enemies":"Lagavulin","floor":11,"turns":6},{"damage":0,"enemies":"Large Slime","floor":12,"turns":2}],"seed_played":"981982452612906511","potions_obtained":[{"floor":7,"key":"Ancient Potion"}],"is_trial":false,"path_per_floor":["M","M","$","?","?","R","M","R","T","M","E","M"],"character_chosen":"IRONCLAD","items_purchased":["Brutality"],"campfire_rested":1,"item_purchase_floors":[3],"current_hp_per_floor":[56,43,43,20,20,20,17,39,46,35,9,9],"gold":102,"neow_bonus":"RANDOM_COMMON_RELIC","is_prod":false,"is_daily":false,"chose_seed":false,"campfire_upgraded":1,"win_rate":0,"timestamp":1569095528,"path_taken":["M","M","$","?","?","R","M","R","T","?","E","M"],"build_version":"2019-09-20","purchased_purges":0,"victory":false,"max_hp_per_floor":[75,75,75,75,75,75,75,75,82,82,82,82],"card_choices":[{"not_picked":["Cleave","Dropkick"],"picked":"Heavy Blade","floor":1},{"not_picked":["True Grit","Clash"],"picked":"Rampage","floor":2},{"not_picked":["Sword Boomerang","Iron Wave"],"picked":"Anger","floor":7},{"not_picked":["Corruption","Iron Wave"],"picked":"Battle Trance","floor":10},{"not_picked":["Fire Breathing","Sword Boomerang"],"picked":"Disarm","floor":11}],"player_experience":917903,"relics_obtained":[{"floor":9,"key":"Strawberry"},{"floor":11,"key":"Potion Belt"}],"event_choices":[{"damage_healed":0,"gold_gain":0,"player_choice":"Entered Light","damage_taken":23,"max_hp_gain":0,"max_hp_loss":0,"event_name":"Shining Light","floor":4,"gold_loss":0,"cards_upgraded":["Heavy Blade","Defend_R"]},{"damage_healed":0,"gold_gain":0,"player_choice":"1 cards matched","damage_taken":0,"max_hp_gain":0,"max_hp_loss":0,"event_name":"Match and Keep!","floor":5,"gold_loss":0,"cards_obtained":["Combust"]}],"is_beta":true,"boss_relics":[],"items_purged_floors":[],"is_endless":false,"potions_floor_spawned":[7],"killed_by":"Large Slime","ascension_level":20}