{"gold_per_floor":[117,117,4,21,33,61,61,61,61,77,24,24,51,70,70,169,169,189,104,120,120,45,45,78,98,122,122,157,157,170,190,190,287,287,302,402,454,454,466,466,466,495,546,571,275,275,27,37,37,37],"floor_reached":51,"playtime":5654,"items_purged":["Strike_B","Strike_B","Strike_B"],"score":1139,"play_id":"236871d3-59b2-4833-bbc8-bd9e1a986066","local_time":"20190922044750","is_ascension_mode":true,"campfire_choices":[{"data":"Conserve Battery","floor":7.0,"key":"SMITH"},{"data":"Beam Cell","floor":12.0,"key":"SMITH"},{"data":"Steam","floor":15.0,"key":"SMITH"},{"floor":23.0,"key":"REST"},{"data":"Buffer","floor":32.0,"key":"SMITH"},{"data":"Go for the Eyes","floor":40.0,"key":"SMITH"},{"floor":49,"key":"REST"}],"neow_cost":"NONE","seed_source_timestamp":1142200483242853,"circlet_count":0,"master_deck":["AscendersBane","Defend_B","Defend_B","Defend_B","Defend_B","Zap","Dualcast+1","Gash","Leap+1","Skim","Gash","Conserve Battery+1","Self Repair","Beam Cell+1","Go for the Eyes+1","Steam+1","Buffer+1","Conserve Battery+1","Hologram+1","Gash","Rebound+1","Ghostly","Ghostly","Ghostly","Ghostly","Ghostly+1","Skim","All For One","FTL","Recycle+1","Seek","Gash"],"special_seed":0,"relics":["Cracked Core","Mercury Hourglass","Dream Catcher","Oddly Smooth Stone","Black Star","Lantern","Bag of Marbles","Anchor","Vajra","MutagenicStrength","Pen Nib","Juzu Bracelet","Lizard Tail","Gambling Chip","Du-Vu Doll","Potion Belt","Bottled Tornado","Bag of Preparation","Strawberry","Regal Pillow","Smiling Mask","War Paint"],"potions_floor_usage":[44,45,50,50],"damage_taken":[{"damage":8.0,"enemies":"2 Louse","floor":1.0,"turns":2.0},{"damage":6.0,"enemies":"Cultist","floor":4.0,"turns":3.0},{"damage":7.0,"enemies":"Jaw Worm","floor":5.0,"turns":4.0},{"damage":5.0,"enemies":"Lagavulin","floor":6.0,"turns":7.0},{"damage":3.0,"enemies":"Blue Slaver","floor":10.0,"turns":4.0},{"damage":15.0,"enemies":"3 Sentries","floor":13.0,"turns":5.0},{"damage":9.0,"enemies":"Exordium Wildlife","floor":14.0,"turns":4.0},{"damage":14.0,"enemies":"The Guardian","floor":16.0,"turns":11.0},{"damage":10.0,"enemies":"Spheric Guardian","floor":18.0,"turns":6.0},{"damage":46.0,"enemies":"3 Byrds","floor":20.0,"turns":6.0},{"damage":0.0,"enemies":"Gremlin Leader","floor":24.0,"turns":8.0},{"damage":0.0,"enemies":"Centurion and Healer","floor":25.0,"turns":8.0},{"damage":5.0,"enemies":"Slavers","floor":28.0,"turns":8.0},{"damage":8.0,"enemies":"Chosen and Byrds","floor":30.0,"turns":8.0},{"damage":1.0,"enemies":"3 Cultists","floor":31.0,"turns":6.0},{"damage":19.0,"enemies":"Automaton","floor":33.0,"turns":11.0},{"damage":1.0,"enemies":"Orb Walker","floor":35.0,"turns":4.0},{"damage":0.0,"enemies":"Mind Bloom Boss Battle","floor":36.0,"turns":4.0},{"damage":18.0,"enemies":"2 Orb Walkers","floor":37.0,"turns":6.0},{"damage":7.0,"enemies":"3 Shapes","floor":39.0,"turns":4.0},{"damage":1,"enemies":"Giant Head","floor":42,"turns":5},{"damage":18,"enemies":"Nemesis","floor":44,"turns":7},{"damage":0,"enemies":"Writhing Mass","floor":48,"turns":4},{"damage":3,"enemies":"Awakened One","floor":50,"turns":9}],"seed_played":"63271474803408497","potions_obtained":[{"floor":1.0,"key":"Poison Potion"},{"floor":5.0,"key":"Weak Potion"},{"floor":6.0,"key":"AttackPotion"},{"floor":14.0,"key":"SpeedPotion"},{"floor":24.0,"key":"Energy Potion"},{"floor":25.0,"key":"Swift Potion"},{"floor":28.0,"key":"SpeedPotion"},{"floor":31.0,"key":"Poison Potion"},{"floor":35.0,"key":"SkillPotion"},{"floor":39.0,"key":"Energy Potion"},{"floor":42,"key":"SkillPotion"},{"floor":44,"key":"Ancient Potion"},{"floor":48,"key":"SpeedPotion"}],"is_trial":false,"path_per_floor":["M","?","$","M","M","E","R","$","T","M","$","R","E","M","R","B",null,"M","?","M","?","?","R","E","M","T","?","E","?","M","M","R","B",null,"M","?","?","T","M","R","?","E","T","E","$","?","$","M","R","B",null],"character_chosen":"DEFECT","items_purchased":["Skim","Beam Cell","Gash","Fruit Juice","Poison Potion","SteroidPotion","War Paint","Swift Potion"],"campfire_rested":2,"item_purchase_floors":[3,11,45,45,45,45,47,47],"current_hp_per_floor":[60,60,60,54,47,42,42,42,42,39,39,39,31,29,29,22,62,59,59,20,20,20,42,49,56,56,56,58,37,36,37,37,25,34,37,37,26,26,26,26,26,25,32,21,26,26,26,33,49,46],"gold":37,"neow_bonus":"THREE_CARDS","is_prod":false,"is_daily":false,"chose_seed":false,"campfire_upgraded":5,"win_rate":0,"timestamp":1569142070,"path_taken":["M","?","$","M","M","E","R","?","T","M","$","R","E","M","R","BOSS","M","?","M","?","?","R","E","M","T","?","E","?","M","M","R","BOSS","M","?","?","?","M","R","?","E","T","E","?","?","$","M","R","BOSS"],"build_version":"2019-07-17","purchased_purges":3,"victory":true,"max_hp_per_floor":[75,75,75,75,75,75,75,75,75,75,75,75,75,75,75,75,75,75,75,75,75,75,75,75,75,75,75,75,37,37,37,37,37,37,37,37,37,37,37,37,37,37,44,44,49,49,49,49,49,49],"card_choices":[{"not_picked":["Ball Lightning","Compile Driver"],"picked":"Gash","floor":0.0},{"not_picked":["Tempest","Consume"],"picked":"Leap","floor":1.0},{"not_picked":["Cold Snap","Storm"],"picked":"Gash","floor":4.0},{"not_picked":["Barrage","Ball Lightning","Glacier"],"picked":"SKIP","floor":5.0},{"not_picked":["Creative AI","Stack"],"picked":"Conserve Battery","floor":6.0},{"not_picked":["Redo","Coolheaded"],"picked":"Self Repair","floor":10.0},{"not_picked":["Self Repair","Leap"],"picked":"Go for the Eyes","floor":13.0},{"not_picked":["Double Energy","Creative AI"],"picked":"Steam","floor":14.0},{"not_picked":["Multi-Cast","Biased Cognition"],"picked":"Buffer","floor":16.0},{"not_picked":["Redo","Ball Lightning"],"picked":"Conserve Battery+1","floor":18.0},{"not_picked":["Sweeping Beam","Streamline"],"picked":"Hologram+1","floor":20.0},{"not_picked":["Go for the Eyes","Steam"],"picked":"Rebound+1","floor":23.0},{"not_picked":["Glacier","Biased Cognition","Hello World"],"picked":"SKIP","floor":24.0},{"not_picked":["Aggregate","Heatsinks+1","Cold Snap"],"picked":"SKIP","floor":25.0},{"not_picked":["Compile Driver+1","Conserve Battery","Hyperbeam"],"picked":"SKIP","floor":28.0},{"not_picked":["Cold Snap","Steam+1","Tempest"],"picked":"SKIP","floor":30.0},{"not_picked":["Stack","Cold Snap"],"picked":"Skim","floor":31.0},{"not_picked":["Fission","Echo Form"],"picked":"All For One","floor":33.0},{"not_picked":["Steam","Coolheaded+1"],"picked":"FTL","floor":35.0},{"not_picked":["Double Energy","Barrage"],"picked":"Recycle+1","floor":37.0},{"not_picked":["Steam","Conserve Battery","Self Repair+1"],"picked":"SKIP","floor":39.0},{"not_picked":["Force Field","Sunder"],"picked":"Seek","floor":42},{"not_picked":["Beam Cell","Heatsinks","Conserve Battery+1"],"picked":"SKIP","floor":44},{"not_picked":["Capacitor","Defragment+1","Redo+1"],"picked":"SKIP","floor":48}],"player_experience":327222,"relics_obtained":[{"floor":6.0,"key":"Mercury Hourglass"},{"floor":9.0,"key":"Dream Catcher"},{"floor":13.0,"key":"Oddly Smooth Stone"},{"floor":24.0,"key":"Bag of Marbles"},{"floor":24.0,"key":"Anchor"},{"floor":26.0,"key":"Vajra"},{"floor":28.0,"key":"Pen Nib"},{"floor":28.0,"key":"Juzu Bracelet"},{"floor":36.0,"key":"Gambling Chip"},{"floor":37.0,"key":"Du-Vu Doll"},{"floor":38.0,"key":"Potion Belt"},{"floor":42,"key":"Bottled Tornado"},{"floor":42,"key":"Bag of Preparation"},{"floor":43,"key":"Strawberry"},{"floor":44,"key":"Regal Pillow"},{"floor":44,"key":"Smiling Mask"}],"event_choices":[{"damage_healed":0.0,"max_hp_gain":0.0,"max_hp_loss":0.0,"gold_gain":0.0,"event_name":"Upgrade Shrine","player_choice":"Upgraded","floor":2.0,"gold_loss":0.0,"damage_taken":0.0,"cards_upgraded":["Leap"]},{"damage_healed":0.0,"max_hp_gain":0.0,"max_hp_loss":0.0,"gold_gain":0.0,"event_name":"Addict","player_choice":"Obtained Relic","floor":19.0,"gold_loss":85.0,"damage_taken":0.0,"relics_obtained":["Lantern"]},{"damage_healed":0.0,"max_hp_gain":0.0,"max_hp_loss":0.0,"gold_gain":0.0,"event_name":"The Library","player_choice":"Read","floor":21.0,"gold_loss":0.0,"damage_taken":0.0,"cards_obtained":["Gash"]},{"cards_removed":["Strike_B"],"damage_healed":0.0,"max_hp_gain":0.0,"max_hp_loss":0.0,"gold_gain":0.0,"event_name":"Beggar","player_choice":"Gave Gold","floor":22.0,"gold_loss":75.0,"damage_taken":0.0},{"damage_healed":0.0,"max_hp_gain":0.0,"max_hp_loss":0.0,"gold_gain":0.0,"event_name":"Drug Dealer","player_choice":"Inject Mutagens","floor":27.0,"gold_loss":0.0,"damage_taken":0.0,"relics_obtained":["MutagenicStrength"]},{"damage_healed":0.0,"max_hp_gain":0.0,"max_hp_loss":38.0,"gold_gain":0.0,"event_name":"Ghosts","player_choice":"Became a Ghost","floor":29.0,"gold_loss":0.0,"damage_taken":0.0,"cards_obtained":["Ghostly","Ghostly","Ghostly","Ghostly","Ghostly"]},{"damage_healed":0.0,"max_hp_gain":0.0,"max_hp_loss":0.0,"gold_gain":0.0,"event_name":"MindBloom","player_choice":"Fight","floor":36.0,"gold_loss":0.0,"damage_taken":0.0},{"damage_healed":0.0,"max_hp_gain":0.0,"max_hp_loss":0.0,"gold_gain":0.0,"event_name":"Mysterious Sphere","player_choice":"Fight","floor":37.0,"gold_loss":0.0,"damage_taken":0.0},{"damage_healed":0.0,"max_hp_gain":0.0,"max_hp_loss":0.0,"gold_gain":0.0,"event_name":"Tomb of Lord Red Mask","player_choice":"Ignored","floor":41.0,"gold_loss":0.0,"damage_taken":0.0},{"damage_healed":0,"gold_gain":0,"player_choice":"Memory 1","damage_taken":0,"max_hp_gain":0,"max_hp_loss":0,"event_name":"SensoryStone","floor":46,"gold_loss":0}],"is_beta":false,"boss_relics":[{"not_picked":["Ectoplasm","Runic Pyramid"],"picked":"Black Star"},{"not_picked":["Eternal Feather","Inserter"],"picked":"Lizard Tail"}],"items_purged_floors":[3,45,47],"is_endless":false,"potions_floor_spawned":[1,5,6,14,24,25,28,31,35,39,42,44,48],"ascension_level":10}