{"gold_per_floor":[117,136,60,78,91,91,116,116,191,191,63,75,75,90,90,168,168,186,199,218,26,51,51,51,51,51,51,64,84,104,104,104,104],"floor_reached":33,"playtime":1154,"items_purged":["Strike_R","Strike_R"],"score":523,"play_id":"8cefd510-9549-430b-85c9-369bcbba7d28","local_time":"20190916173405","is_ascension_mode":true,"campfire_choices":[{"data":"Uppercut","floor":6,"key":"SMITH"},{"data":"Flame Barrier","floor":8,"key":"SMITH"},{"data":"Bash","floor":10,"key":"SMITH"},{"data":"Wild Strike","floor":15,"key":"SMITH"},{"data":"Spot Weakness","floor":23,"key":"SMITH"},{"data":"Immolate","floor":25,"key":"SMITH"},{"floor":27,"key":"REST"},{"floor":32,"key":"REST"}],"neow_cost":"NONE","seed_source_timestamp":379188657296600,"circlet_count":0,"master_deck":["AscendersBane","Defend_R","Defend_R","Defend_R","Defend_R","Bash+1","Headbutt","Uppercut+1","Wild Strike+1","Flame Barrier+1","Shrug It Off","Evolve","Immolate+1","PanicButton","Spot Weakness+1","Impervious","Anger+1","Bite","Bite","Bite","Bite","Bite"],"special_seed":0,"relics":["Burning Blood","NeowsBlessing","Unceasing Top","Question Card","Velvet Choker","Red Mask","Bird Faced Urn"],"potions_floor_usage":[7,16,18,30,33,33],"damage_taken":[{"damage":0.0,"enemies":"Cultist","floor":1.0,"turns":1.0},{"damage":0.0,"enemies":"2 Louse","floor":2.0,"turns":1.0},{"damage":0.0,"enemies":"Jaw Worm","floor":4.0,"turns":1.0},{"damage":7,"enemies":"Blue Slaver","floor":5,"turns":4},{"damage":32,"enemies":"Lagavulin","floor":7,"turns":7},{"damage":0,"enemies":"2 Fungi Beasts","floor":12,"turns":3},{"damage":3,"enemies":"Looter","floor":14,"turns":3},{"damage":18,"enemies":"The Guardian","floor":16,"turns":12},{"damage":23,"enemies":"Spheric Guardian","floor":18,"turns":4},{"damage":0,"enemies":"Chosen","floor":19,"turns":4},{"damage":8,"enemies":"Centurion and Healer","floor":20,"turns":5},{"damage":13,"enemies":"Masked Bandits","floor":22,"turns":4},{"damage":40,"enemies":"3 Cultists","floor":28,"turns":5},{"damage":18,"enemies":"Snecko","floor":29,"turns":6},{"damage":12,"enemies":"Cultist and Chosen","floor":30,"turns":6},{"damage":39,"enemies":"Collector","floor":33,"turns":5}],"seed_played":"-3131816822089271307","potions_obtained":[{"floor":1.0,"key":"PowerPotion"},{"floor":2.0,"key":"FearPotion"},{"floor":5,"key":"AttackPotion"},{"floor":7,"key":"Explosive Potion"},{"floor":19,"key":"Explosive Potion"},{"floor":20,"key":"LiquidBronze"},{"floor":22,"key":"Dexterity Potion"},{"floor":30,"key":"EssenceOfSteel"}],"is_trial":false,"path_per_floor":["M","M","$","M","M","R","E","R","T","R","$","M","?","M","R","B",null,"M","M","M","$","?","R","?","R","T","R","M","M","M","?","R","B"],"character_chosen":"IRONCLAD","items_purchased":["Uppercut","Shrug It Off","PanicButton"],"campfire_rested":2,"item_purchase_floors":[3,11,21],"current_hp_per_floor":[74,75,75,75,74,74,48,48,48,48,48,54,59,62,62,50,73,56,62,60,60,53,53,30,30,30,55,23,13,9,9,26,0],"gold":104,"neow_bonus":"THREE_ENEMY_KILL","is_prod":false,"is_daily":false,"chose_seed":false,"campfire_upgraded":6,"win_rate":0,"timestamp":1568680445,"path_taken":["M","?","?","M","M","R","E","R","T","R","$","M","?","M","R","BOSS","M","M","M","$","?","R","?","R","T","R","M","M","M","?","R","BOSS"],"build_version":"2019-07-17","purchased_purges":2,"victory":false,"max_hp_per_floor":[75,75,75,75,75,75,75,75,75,75,75,75,80,80,80,80,80,80,80,80,80,80,80,85,85,85,85,85,85,85,59,59,59],"card_choices":[{"not_picked":["Rupture","Sword Boomerang"],"picked":"Headbutt","floor":1.0},{"not_picked":["Dual Wield","Body Slam","True Grit"],"picked":"SKIP","floor":2.0},{"not_picked":["Rupture","Heavy Blade"],"picked":"Wild Strike","floor":4.0},{"not_picked":["Pummel","Havoc","True Grit"],"picked":"SKIP","floor":5},{"not_picked":["Havoc","Headbutt"],"picked":"Flame Barrier","floor":7},{"not_picked":["Armaments","Uppercut","Pommel Strike","True Grit"],"picked":"SKIP","floor":12},{"not_picked":["Wild Strike","Thunderclap","Clothesline"],"picked":"Evolve","floor":14},{"not_picked":["Brutality","Dark Embrace","Berserk"],"picked":"Immolate","floor":16},{"not_picked":["Warcry","Havoc","Second Wind","Entrench"],"picked":"SKIP","floor":18},{"not_picked":["Sword Boomerang","Rampage","Perfected Strike","Warcry"],"picked":"SKIP","floor":19},{"not_picked":["Iron Wave","Infernal Blade","Fire Breathing","Entrench+1"],"picked":"SKIP","floor":20},{"not_picked":["Perfected Strike","Headbutt","Inflame"],"picked":"Spot Weakness","floor":22},{"not_picked":["Cleave","Havoc","Headbutt","Rupture+1"],"picked":"SKIP","floor":28},{"not_picked":["Searing Blow+1","Intimidate","Havoc"],"picked":"Impervious","floor":29},{"not_picked":["Sentinel+1","True Grit","Pommel Strike"],"picked":"Anger+1","floor":30}],"player_experience":789327,"relics_obtained":[{"floor":7,"key":"Unceasing Top"},{"floor":9,"key":"Question Card"},{"floor":22,"key":"Red Mask"},{"floor":26,"key":"Bird Faced Urn"}],"event_choices":[{"damage_healed":0,"gold_gain":0,"player_choice":"Donut","damage_taken":0,"max_hp_gain":5,"max_hp_loss":0,"event_name":"Big Fish","floor":13,"gold_loss":0},{"damage_healed":0,"gold_gain":0,"player_choice":"Fought Bandits","damage_taken":0,"max_hp_gain":0,"max_hp_loss":0,"event_name":"Masked Bandits","floor":22,"gold_loss":0},{"damage_healed":0,"gold_gain":0,"player_choice":"Shed Blood","damage_taken":28,"max_hp_gain":5,"max_hp_loss":0,"event_name":"Forgotten Altar","floor":24,"gold_loss":0},{"damage_healed":0,"gold_gain":0,"player_choice":"Became a vampire","damage_taken":0,"max_hp_gain":0,"max_hp_loss":26,"event_name":"Vampires","floor":31,"gold_loss":0,"cards_obtained":["Bite","Bite","Bite","Bite","Bite"]}],"is_beta":false,"boss_relics":[{"not_picked":["Runic Pyramid","Lizard Tail"],"picked":"Velvet Choker"}],"items_purged_floors":[11,21],"is_endless":false,"potions_floor_spawned":[1,2,5,7,19,20,22,30],"killed_by":"Collector","ascension_level":20}