{"path_per_floor":["M","?","?","M","M","R","$","?","T","M","R","E","R","M","R","B",null,"M","M","$","M","M","R","M","?","T","?"],"character_chosen":"THE_SILENT","items_purchased":["Frozen Egg 2","Noxious Fumes","Letter Opener","Slice"],"gold_per_floor":[117,292,292,311,327,327,34,34,89,106,106,141,141,155,155,250,250,270,281,14,32,48,48,66,66,91,6,6],"floor_reached":28,"campfire_rested":2,"playtime":5256,"current_hp_per_floor":[70,70,52,52,52,52,52,70,70,64,64,37,37,30,51,12,70,64,50,50,20,35,56,23,7,7,7,0],"items_purged":[],"gold":6,"score":220,"play_id":"7b2f09eb-e5f4-4a7a-a99c-149ada4afee7","local_time":"20180523201341","is_prod":false,"is_daily":false,"chose_seed":false,"is_ascension_mode":false,"campfire_upgraded":3,"timestamp":1527120821,"campfire_choices":[{"data":"Quick Slash","floor":6,"key":"SMITH"},{"data":"Escape Plan","floor":11,"key":"SMITH"},{"data":"Calculated Gamble","floor":13,"key":"SMITH"},{"floor":15,"key":"REST"},{"floor":23,"key":"REST"}],"path_taken":["M","?","?","?","M","R","$","?","T","M","R","E","R","M","R","BOSS","M","M","$","M","?","R","M","?","T","?","M"],"build_version":"2018-05-17","seed_source_timestamp":19982147314812,"purchased_purges":0,"victory":false,"master_deck":["Defend_G","Defend_G","Defend_G","Defend_G","Defend_G","Strike_G","Strike_G","Strike_G","Strike_G","Strike_G","Survivor","Neutralize","Quick Slash+1","Doubt","Bouncing Flask","Bane","Noxious Fumes+1","Escape Plan+1","Calculated Gamble+1","Dagger Throw","A Thousand Cuts+1","Outmaneuver","Burst","Slice","Terror","Caltrops+1","Cloak And Dagger+1","Necronomicurse"],"max_hp_per_floor":[70,70,70,70,70,70,70,70,70,70,70,70,70,70,70,70,70,70,70,70,70,70,70,70,70,70,70,70],"relics":["Ring of the Snake","NeowsBlessing","Gremlin Horn","Frozen Egg 2","Tiny Chest","Orichalcum","Lizard Tail","Letter Opener","Necronomicon","Dream Catcher","Ornamental Fan"],"card_choices":[{"not_picked":["Choke","Bane"],"picked":"Quick Slash","floor":1},{"not_picked":["Deadly Poison","Flying Knee"],"picked":"Bouncing Flask","floor":4},{"not_picked":["Quick Slash","Flying Knee"],"picked":"Bane","floor":5},{"not_picked":["Dagger Spray","PiercingWail"],"picked":"Escape Plan","floor":10},{"not_picked":["Infinite Blades+1","Slice"],"picked":"Calculated Gamble","floor":12},{"not_picked":["Cloak And Dagger","Expertise"],"picked":"Dagger Throw","floor":14},{"not_picked":["Adrenaline","Die Die Die"],"picked":"A Thousand Cuts+1","floor":16},{"not_picked":["Calculated Gamble","Quick Slash"],"picked":"Outmaneuver","floor":18},{"not_picked":["Outmaneuver","Slice"],"picked":"Burst","floor":19},{"not_picked":["Outmaneuver","PiercingWail"],"picked":"Terror","floor":21},{"not_picked":["Choke","Flying Knee"],"picked":"Caltrops+1","floor":22},{"not_picked":["Outmaneuver","Acrobatics"],"picked":"Cloak And Dagger+1","floor":24}],"player_experience":68703,"potions_floor_usage":[12,21,21,24],"damage_taken":[{"damage":0,"enemies":"Jaw Worm","floor":1,"turns":1},{"damage":0,"enemies":"2 Louse","floor":4,"turns":1},{"damage":0,"enemies":"Cultist","floor":5,"turns":1},{"damage":6,"enemies":"3 Louse","floor":10,"turns":3},{"damage":27,"enemies":"Lagavulin","floor":12,"turns":7},{"damage":7,"enemies":"2 Fungi Beasts","floor":14,"turns":3},{"damage":39,"enemies":"Hexaghost","floor":16,"turns":11},{"damage":6,"enemies":"Chosen","floor":18,"turns":6},{"damage":14,"enemies":"Shell Parasite","floor":19,"turns":5},{"damage":30,"enemies":"Snake Plant","floor":21,"turns":4},{"damage":22,"enemies":"3 Cultists","floor":22,"turns":4},{"damage":33,"enemies":"Sentry and Sphere","floor":24,"turns":6},{"damage":7,"enemies":"Centurion and Healer","floor":28,"turns":1}],"relics_obtained":[{"floor":9,"key":"Tiny Chest"},{"floor":12,"key":"Orichalcum"},{"floor":25,"key":"Necronomicon"},{"floor":26,"key":"Dream Catcher"}],"event_choices":[{"event_name":"Liars Game","player_choice":"agreed","floor":2,"damage_taken":0},{"event_name":"Scrap Ooze","player_choice":"success","floor":3,"damage_taken":18},{"event_name":"Big Fish","player_choice":"Banana","floor":8,"damage_taken":0},{"event_name":"Cursed Tome","player_choice":"Obtained Book","floor":25,"damage_taken":0},{"event_name":"Addict","player_choice":"Obtained Relic","floor":27,"damage_taken":0}],"boss_relics":[{"not_picked":["Sozu","Runic Pyramid"],"picked":"Lizard Tail"}],"potions_floor_spawned":[1,4,5,21],"seed_played":"415806393716675641","killed_by":"Centurion and Healer","ascension_level":0,"potions_obtained":[{"floor":1,"key":"GhostInAJar"},{"floor":4,"key":"Explosive Potion"},{"floor":5,"key":"Fire Potion"},{"floor":21,"key":"FearPotion"}],"is_trial":false}