{"gold_per_floor":[109,109,122,139,159,159,186,209,235,261,280,9,9,9,9,84,84,103,3,14,31,47,47,47,74,128,143,143,174,174,187,187,187],"floor_reached":33,"playtime":1330,"items_purged":["Strike_R","Strike_R"],"score":594,"play_id":"6dcc36a0-1713-4252-885f-4c3a52903b3f","local_time":"20190913155420","is_ascension_mode":true,"campfire_choices":[{"data":"Bludgeon","floor":6,"key":"SMITH"},{"data":"Inflame","floor":13,"key":"SMITH"},{"data":"Shockwave","floor":15,"key":"SMITH"},{"data":"Barricade","floor":23,"key":"SMITH"},{"floor":28,"key":"REST"},{"floor":32,"key":"REST"}],"neow_cost":"NONE","seed_source_timestamp":113863930134500,"circlet_count":0,"master_deck":["AscendersBane","Strike_R","Strike_R","Strike_R","Defend_R","Defend_R","Defend_R","Bash","Shrug It Off","Ghostly Armor","Inflame+1","Bludgeon+1","Feel No Pain","Seeing Red","Shockwave+1","Twin Strike","Barricade+1","Shrug It Off+1","Bloodletting","Reckless Charge","Limit Break","Shrug It Off"],"relics":["Burning Blood","NeowsBlessing","Strawberry","Odd Mushroom","Potion Belt","Bag of Marbles","PreservedInsect","Velvet Choker","Smiling Mask","Blood Vial","Omamori"],"potions_floor_usage":[8,16,25,29,29,29,31],"damage_taken":[{"damage":0,"enemies":"2 Louse","floor":1,"turns":1},{"damage":0,"enemies":"Small Slimes","floor":3,"turns":1},{"damage":0,"enemies":"Cultist","floor":4,"turns":1},{"damage":19,"enemies":"Exordium Wildlife","floor":5,"turns":6},{"damage":25,"enemies":"Lagavulin","floor":7,"turns":6},{"damage":27,"enemies":"The Mushroom Lair","floor":8,"turns":4},{"damage":18,"enemies":"3 Sentries","floor":10,"turns":12},{"damage":6,"enemies":"Large Slime","floor":11,"turns":3},{"damage":15,"enemies":"The Guardian","floor":16,"turns":15},{"damage":6,"enemies":"3 Byrds","floor":18,"turns":6},{"damage":6,"enemies":"Spheric Guardian","floor":20,"turns":3},{"damage":4,"enemies":"Snecko","floor":21,"turns":5},{"damage":32,"enemies":"Snake Plant","floor":22,"turns":5},{"damage":31,"enemies":"Slavers","floor":25,"turns":5},{"damage":19,"enemies":"Shelled Parasite and Fungi","floor":27,"turns":6},{"damage":35,"enemies":"Gremlin Leader","floor":29,"turns":6},{"damage":0,"enemies":"Centurion and Healer","floor":31,"turns":6},{"damage":9,"enemies":"Champ","floor":33,"turns":20}],"seed_played":"-7107160253239457134","potions_obtained":[{"floor":4,"key":"SteroidPotion"},{"floor":5,"key":"Explosive Potion"},{"floor":10,"key":"PowerPotion"},{"floor":16,"key":"EssenceOfSteel"},{"floor":18,"key":"Block Potion"},{"floor":20,"key":"Energy Potion"},{"floor":29,"key":"Regen Potion"}],"is_trial":false,"path_per_floor":["M","?","M","M","M","R","E","?","T","E","M","$","R","?","R","B",null,"M","$","M","M","M","R","?","E","T","M","R","E","?","M","R","B"],"character_chosen":"IRONCLAD","items_purchased":["PreservedInsect","Twin Strike"],"campfire_rested":2,"item_purchase_floors":[12,12],"current_hp_per_floor":[74,67,73,75,62,62,50,29,29,17,17,17,17,44,44,35,70,70,70,70,72,46,46,46,21,21,10,34,7,7,30,54,47],"gold":187,"neow_bonus":"THREE_ENEMY_KILL","is_prod":false,"is_daily":false,"chose_seed":false,"campfire_upgraded":4,"win_rate":0,"timestamp":1568415260,"path_taken":["M","?","M","M","M","R","E","?","T","E","M","$","R","?","R","BOSS","M","$","M","M","M","R","?","E","T","M","R","E","?","?","R","BOSS"],"build_version":"2019-07-17","purchased_purges":2,"victory":false,"max_hp_per_floor":[75,75,75,75,75,75,82,82,82,82,82,82,82,82,82,82,82,82,82,82,82,82,82,82,82,82,82,82,82,82,82,82,82],"card_choices":[{"not_picked":["Cleave","Combust"],"picked":"Shrug It Off","floor":1},{"not_picked":["Cleave","Clash"],"picked":"Ghostly Armor","floor":3},{"not_picked":["Sword Boomerang","Pommel Strike"],"picked":"Inflame","floor":4},{"not_picked":["Heavy Blade","Fire Breathing"],"picked":"Bludgeon","floor":5},{"not_picked":["Iron Wave","Pommel Strike"],"picked":"Feel No Pain","floor":7},{"not_picked":["Clash","Inflame"],"picked":"Seeing Red","floor":10},{"not_picked":["Power Through","Thunderclap"],"picked":"Shockwave","floor":11},{"not_picked":["Limit Break","Berserk"],"picked":"Barricade","floor":16},{"not_picked":["Warcry","Clothesline","Intimidate"],"picked":"SKIP","floor":18},{"not_picked":["True Grit","Dropkick+1"],"picked":"Shrug It Off+1","floor":20},{"not_picked":["Uppercut","Thunderclap","Iron Wave"],"picked":"SKIP","floor":21},{"not_picked":["Perfected Strike","Iron Wave"],"picked":"Bloodletting","floor":22},{"not_picked":["Infernal Blade","Cleave"],"picked":"Reckless Charge","floor":25},{"not_picked":["Thunderclap","Twin Strike","Rupture"],"picked":"SKIP","floor":27},{"not_picked":["Heavy Blade","Flex"],"picked":"Limit Break","floor":29},{"not_picked":["True Grit","Armaments","Rampage"],"picked":"SKIP","floor":31}],"player_experience":750504,"relics_obtained":[{"floor":7,"key":"Strawberry"},{"floor":8,"key":"Odd Mushroom"},{"floor":9,"key":"Potion Belt"},{"floor":10,"key":"Bag of Marbles"},{"floor":25,"key":"Smiling Mask"},{"floor":26,"key":"Blood Vial"},{"floor":29,"key":"Omamori"}],"event_choices":[{"cards_removed":["Defend_R"],"damage_healed":0,"gold_gain":0,"player_choice":"Card Removal","damage_taken":7,"max_hp_gain":0,"max_hp_loss":0,"event_name":"Golden Wing","floor":2,"gold_loss":0},{"damage_healed":0,"gold_gain":0,"player_choice":"Fought Mushrooms","damage_taken":0,"max_hp_gain":0,"max_hp_loss":0,"event_name":"Mushrooms","floor":8,"gold_loss":0},{"damage_healed":27,"gold_gain":0,"player_choice":"Banana","damage_taken":0,"max_hp_gain":0,"max_hp_loss":0,"event_name":"Big Fish","floor":14,"gold_loss":0},{"damage_healed":0,"gold_gain":0,"player_choice":"Ignored","damage_taken":0,"max_hp_gain":0,"max_hp_loss":0,"event_name":"Ghosts","floor":24,"gold_loss":0},{"damage_healed":0,"gold_gain":0,"player_choice":"1 cards matched","damage_taken":0,"max_hp_gain":0,"max_hp_loss":0,"event_name":"Match and Keep!","floor":30,"gold_loss":0,"cards_obtained":["Shrug It Off"]}],"is_beta":false,"boss_relics":[{"not_picked":["Philosopher\u0027s Stone","Black Star"],"picked":"Velvet Choker"}],"items_purged_floors":[12,19],"is_endless":false,"potions_floor_spawned":[4,5,10,16,18,20,22,29],"killed_by":"Champ","ascension_level":20}