{"gold_per_floor":[119,119,138,154,154,154,185,206,206,206,220,220,255,274,274,370,370,394,415,438,36,57,57,70,70,70,15,15],"floor_reached":28,"playtime":793,"items_purged":["Strike_R"],"score":564,"play_id":"2d2ff8d8-aa98-492d-89c7-f4fa54b91d3c","local_time":"20190921211946","is_ascension_mode":true,"campfire_choices":[{"data":"Pummel","floor":6,"key":"SMITH"},{"floor":12,"key":"REST"},{"floor":15,"key":"REST"},{"floor":23,"key":"REST"}],"neow_cost":"NONE","seed_source_timestamp":421183361945000,"circlet_count":0,"master_deck":["AscendersBane","Strike_R","Strike_R","Strike_R","Defend_R","Defend_R","Defend_R","Defend_R","Bash","Uppercut+1","Pummel+1","Seeing Red","Limit Break","Double Tap","Flame Barrier","Reaper","Sword Boomerang","Shockwave+1","Immolate","Limit Break","Metallicize+1","Warcry+1","Ghostly","Ghostly","Ghostly","Normality"],"relics":["Burning Blood","Golden Idol","Bag of Marbles","Mercury Hourglass","Cursed Key","DollysMirror","Self Forming Clay","Nunchaku"],"potions_floor_usage":[7,7,13,16,19,20],"damage_taken":[{"damage":2,"enemies":"Jaw Worm","floor":1,"turns":6},{"damage":1,"enemies":"Cultist","floor":3,"turns":3},{"damage":7,"enemies":"Small Slimes","floor":4,"turns":4},{"damage":30,"enemies":"3 Sentries","floor":7,"turns":9},{"damage":9,"enemies":"Blue Slaver","floor":8,"turns":3},{"damage":9,"enemies":"Red Slaver","floor":11,"turns":4},{"damage":24,"enemies":"Gremlin Nob","floor":13,"turns":4},{"damage":6,"enemies":"Lots of Slimes","floor":14,"turns":3},{"damage":0,"enemies":"Slime Boss","floor":16,"turns":5},{"damage":22,"enemies":"Shell Parasite","floor":18,"turns":6},{"damage":25,"enemies":"Spheric Guardian","floor":19,"turns":6},{"damage":16,"enemies":"Snecko","floor":20,"turns":6},{"damage":18,"enemies":"3 Cultists","floor":22,"turns":4},{"damage":24,"enemies":"Snake Plant","floor":24,"turns":4},{"damage":0,"enemies":"Centurion and Healer","floor":28,"turns":7}],"seed_played":"1923760412435948076","potions_obtained":[{"floor":1,"key":"Swift Potion"},{"floor":4,"key":"DuplicationPotion"},{"floor":8,"key":"Strength Potion"},{"floor":13,"key":"SteroidPotion"},{"floor":14,"key":"Dexterity Potion"},{"floor":19,"key":"Block Potion"}],"is_trial":false,"path_per_floor":["M","?","M","M","?","R","E","M","T","?","M","R","E","M","R","B",null,"M","M","M","$","M","R","M","?","T","?","M"],"character_chosen":"IRONCLAD","items_purchased":["Immolate","DollysMirror"],"campfire_rested":3,"item_purchase_floors":[21,21],"current_hp_per_floor":[72,46,51,50,50,50,26,23,23,23,20,42,24,24,46,52,69,53,34,28,28,16,38,26,26,26,26,26],"gold":15,"neow_bonus":"THREE_CARDS","is_prod":false,"is_daily":false,"chose_seed":false,"campfire_upgraded":1,"win_rate":0,"timestamp":1569125986,"path_taken":["M","?","M","M","?","R","E","M","T","?","M","R","E","?","R","BOSS","M","M","M","$","M","R","M","?","T","?","?"],"build_version":"2019-09-20","purchased_purges":1,"victory":false,"max_hp_per_floor":[75,75,75,75,75,75,75,75,75,75,75,75,75,75,75,75,75,75,75,75,75,75,75,75,37,37,37,37],"card_choices":[{"not_picked":["Sword Boomerang","Headbutt"],"picked":"Uppercut","floor":0},{"not_picked":["Rupture","Body Slam","Sword Boomerang"],"picked":"SKIP","floor":1},{"not_picked":["Second Wind","Pommel Strike"],"picked":"Pummel","floor":3},{"not_picked":["Rage","Blood for Blood"],"picked":"Seeing Red","floor":4},{"not_picked":["Clash","Clothesline","Burning Pact"],"picked":"SKIP","floor":7},{"not_picked":["Disarm","Headbutt"],"picked":"Limit Break","floor":8},{"not_picked":["Thunderclap","Body Slam","Wild Strike"],"picked":"SKIP","floor":11},{"not_picked":["Dual Wield","Intimidate"],"picked":"Flame Barrier","floor":13},{"not_picked":["Twin Strike","Headbutt","Wild Strike"],"picked":"SKIP","floor":14},{"not_picked":["Feed","Bludgeon"],"picked":"Reaper","floor":16},{"not_picked":["Whirlwind+1","Headbutt"],"picked":"Sword Boomerang","floor":18},{"not_picked":["Warcry","Clash","Whirlwind"],"picked":"SKIP","floor":19},{"not_picked":["Second Wind","Clash"],"picked":"Shockwave+1","floor":20},{"not_picked":["Thunderclap","Sever Soul+1"],"picked":"Metallicize+1","floor":22},{"not_picked":["Shrug It Off","Hemokinesis"],"picked":"Warcry+1","floor":24}],"player_experience":945444,"relics_obtained":[{"floor":7,"key":"Bag of Marbles"},{"floor":13,"key":"Mercury Hourglass"},{"floor":26,"key":"Self Forming Clay"}],"event_choices":[{"damage_healed":0,"gold_gain":0,"player_choice":"Take Damage","damage_taken":26,"relics_obtained":["Golden Idol"],"max_hp_gain":0,"max_hp_loss":0,"event_name":"Golden Idol","floor":2,"gold_loss":0},{"damage_healed":0,"gold_gain":0,"player_choice":"Grow","damage_taken":0,"max_hp_gain":0,"max_hp_loss":0,"event_name":"Living Wall","floor":5,"gold_loss":0,"cards_upgraded":["Uppercut"]},{"damage_healed":0,"gold_gain":0,"cards_transformed":["Strike_R"],"player_choice":"Transformed","damage_taken":0,"max_hp_gain":0,"max_hp_loss":0,"event_name":"Transmorgrifier","floor":10,"gold_loss":0,"cards_obtained":["Double Tap"]},{"damage_healed":0,"gold_gain":0,"player_choice":"Became a Ghost","damage_taken":0,"max_hp_gain":0,"max_hp_loss":38,"event_name":"Ghosts","floor":25,"gold_loss":0,"cards_obtained":["Ghostly","Ghostly","Ghostly"]},{"damage_healed":0,"gold_gain":0,"player_choice":"Paid Gold","damage_taken":0,"relics_obtained":["Nunchaku"],"max_hp_gain":0,"max_hp_loss":0,"event_name":"WeMeetAgain","floor":27,"gold_loss":55}],"is_beta":true,"boss_relics":[{"not_picked":["Black Blood","Pandora\u0027s Box"],"picked":"Cursed Key"}],"items_purged_floors":[21],"is_endless":false,"potions_floor_spawned":[1,4,8,13,14,19],"killed_by":"Centurion and Healer","ascension_level":20}