{"gold_per_floor":[144,144,419,464,38,128,173,218,268,313,358,403,403,493,493,793,793,838,52,17,62,362,362,452,502,502,42,42,87,132,7,7,307,307,352,397,397,442,487,577,706,751,751,6,6,51,51,141,141,141],"floor_reached":51,"playtime":5345,"items_purged":[],"score":1064,"play_id":"cedea8d9-75ef-40f5-b55a-5f2e212611cb","local_time":"20190527193746","daily_mods":["Cursed Run","Time Dilation","Midas"],"is_ascension_mode":false,"campfire_choices":[{"floor":15,"key":"REST"},{"floor":23,"key":"REST"},{"floor":32,"key":"REST"},{"floor":47,"key":"REST"},{"floor":49,"key":"REST"}],"neow_cost":"","seed_source_timestamp":0,"circlet_count":0,"master_deck":["Defend_G","Defend_G","Defend_G","Defend_G","Defend_G","Strike_G","Strike_G","Strike_G","Strike_G","Strike_G","Survivor","Poisoned Stab","Regret","Deadly Poison","Bandage Up","Caltrops","Bane","Bane","Blade Dance","Pain","Riddle With Holes+1","Crippling Poison","Deflect","Escape Plan","Doubt","Malaise","Flying Knee","Panache","Infinite Blades","Poisoned Stab","Dark Shackles","Blade Dance","Cloak And Dagger","Concentrate","Noxious Fumes+1","Deflect","Dodge and Roll","Doubt","Pain","Envenom","RitualDagger","Accuracy","Quick Slash","Mind Blast","Finisher","Doubt","Bullet Time","Injury","Shame","Clumsy","Dagger Spray+1","Glass Knife","Outmaneuver","Dagger Throw","Masterful Stab+1","Acrobatics","Footwork+1","Injury","Jack Of All Trades","Underhanded Strike","Writhe","Catalyst+1","Prepared+1","Regret"],"special_seed":18043,"relics":["Cursed Key","Darkstone Periapt","Du-Vu Doll","Boot","PreservedInsect","Ancient Tea Set","Oddly Smooth Stone","Snake Skull","Eternal Feather","StoneCalendar","The Specimen","Pantograph","Matryoshka","Lantern","Regal Pillow","Art of War","Meat on the Bone","Orichalcum","Centennial Puzzle","Calling Bell","Juzu Bracelet","Dodecahedron","Bird Faced Urn","Unceasing Top","Gambling Chip","Smiling Mask","TwistedFunnel","Kunai","Bag of Preparation","Strawberry"],"potions_floor_usage":[16,16,22,33,33,39],"damage_taken":[{"damage":0,"enemies":"Jaw Worm","floor":1,"turns":4},{"damage":0,"enemies":"Cultist","floor":4,"turns":3},{"damage":22,"enemies":"3 Sentries","floor":6,"turns":6},{"damage":2,"enemies":"2 Louse","floor":7,"turns":3},{"damage":11,"enemies":"Lots of Slimes","floor":8,"turns":4},{"damage":6,"enemies":"Large Slime","floor":10,"turns":3},{"damage":2,"enemies":"Exordium Wildlife","floor":11,"turns":2},{"damage":0,"enemies":"Blue Slaver","floor":12,"turns":3},{"damage":6,"enemies":"Lagavulin","floor":14,"turns":2},{"damage":24,"enemies":"Hexaghost","floor":16,"turns":6},{"damage":12,"enemies":"2 Thieves","floor":18,"turns":4},{"damage":0,"enemies":"Spheric Guardian","floor":21,"turns":1},{"damage":18,"enemies":"Colosseum Slavers","floor":22,"turns":4},{"damage":18,"enemies":"Colosseum Nobs","floor":22,"turns":4},{"damage":37,"enemies":"Slavers","floor":24,"turns":4},{"damage":8,"enemies":"Snecko","floor":29,"turns":4},{"damage":0,"enemies":"Chosen and Byrds","floor":30,"turns":5},{"damage":56,"enemies":"Automaton","floor":33,"turns":7},{"damage":6,"enemies":"Orb Walker","floor":35,"turns":1},{"damage":3,"enemies":"3 Darklings","floor":36,"turns":2},{"damage":15,"enemies":"Sphere and 2 Shapes","floor":38,"turns":2},{"damage":24,"enemies":"Transient","floor":39,"turns":5},{"damage":24,"enemies":"Giant Head","floor":40,"turns":6},{"damage":20,"enemies":"2 Orb Walkers","floor":41,"turns":3},{"damage":2,"enemies":"Writhing Mass","floor":42,"turns":2},{"damage":13,"enemies":"4 Shapes","floor":46,"turns":4},{"damage":0,"enemies":"Nemesis","floor":48,"turns":1},{"damage":40,"enemies":"Time Eater","floor":50,"turns":8}],"seed_played":"-8145905015127377607","potions_obtained":[{"floor":4,"key":"Regen Potion"},{"floor":6,"key":"LiquidBronze"},{"floor":8,"key":"Weak Potion"},{"floor":18,"key":"GhostInAJar"},{"floor":22,"key":"Explosive Potion"},{"floor":29,"key":"FearPotion"},{"floor":33,"key":"Energy Potion"},{"floor":35,"key":"Explosive Potion"},{"floor":39,"key":"SkillPotion"}],"is_trial":false,"path_per_floor":["M","?","?","M","$","E","M","M","T","M","M","M","?","E","R","B",null,"M","$","$","M","?","R","E","T","T","$","?","M","M","$","R","B",null,"M","M","?","M","M","E","?","M","T","$","?","M","R","E","R","B",null],"character_chosen":"THE_SILENT","items_purchased":["Boot","PreservedInsect","Bandage Up","Caltrops","StoneCalendar","Panache","Infinite Blades","Poisoned Stab","Dark Shackles","Blade Dance","Cloak And Dagger","Concentrate","Orichalcum","Centennial Puzzle","Envenom","Mind Blast","Finisher","TwistedFunnel","Kunai","Bag of Preparation","Jack Of All Trades","Underhanded Strike"],"campfire_rested":5,"item_purchase_floors":[5,5,5,5,19,19,19,19,19,19,19,20,27,27,27,31,31,44,44,44,44,44],"current_hp_per_floor":[70,70,76,76,76,58,60,53,59,57,55,59,59,53,77,63,88,80,80,80,84,56,88,51,57,63,63,57,53,57,57,100,66,124,122,119,119,104,84,64,58,64,70,70,109,108,136,143,143,116],"gold":141,"neow_bonus":"","is_prod":false,"is_daily":true,"chose_seed":false,"campfire_upgraded":0,"win_rate":0,"timestamp":1559000266,"path_taken":["M","?","?","M","$","E","M","M","T","M","?","M","?","E","R","BOSS","M","?","$","M","?","R","E","?","T","?","?","?","M","$","R","BOSS","M","M","?","M","M","E","?","M","T","?","?","M","R","E","R","BOSS"],"build_version":"2019-01-23","purchased_purges":0,"victory":true,"max_hp_per_floor":[70,70,76,76,76,76,76,76,82,82,82,82,82,82,82,88,88,88,88,88,88,88,88,88,94,100,100,100,100,100,100,100,106,124,124,124,124,124,124,124,124,124,130,130,136,136,136,143,143,149],"card_choices":[{"not_picked":["Dagger Throw","Sucker Punch"],"picked":"Poisoned Stab","floor":1},{"not_picked":["Finisher","PiercingWail"],"picked":"Deadly Poison","floor":4},{"not_picked":["All Out Attack","Endless Agony"],"picked":"Bane","floor":6},{"not_picked":["Cloak And Dagger","Terror"],"picked":"Bane","floor":7},{"not_picked":["Finisher","PiercingWail"],"picked":"Blade Dance","floor":8},{"not_picked":["Calculated Gamble","Crippling Poison"],"picked":"Riddle With Holes","floor":10},{"not_picked":["Cloak And Dagger","Dagger Throw"],"picked":"Crippling Poison","floor":11},{"not_picked":["Dodge and Roll","Accuracy"],"picked":"Deflect","floor":12},{"not_picked":["Finisher","Quick Slash"],"picked":"Escape Plan","floor":14},{"not_picked":["Unload","Phantasmal Killer"],"picked":"Malaise","floor":16},{"not_picked":["Dash+1","Sucker Punch"],"picked":"Flying Knee","floor":18},{"not_picked":["Predator","PiercingWail"],"picked":"Noxious Fumes+1","floor":21},{"not_picked":["PiercingWail","Flying Knee"],"picked":"Deflect","floor":22},{"not_picked":["Calculated Gamble","Deflect"],"picked":"Dodge and Roll","floor":24},{"not_picked":["Outmaneuver","Expertise"],"picked":"Accuracy","floor":29},{"not_picked":["Flying Knee+1","Outmaneuver"],"picked":"Quick Slash","floor":30},{"not_picked":["Adrenaline","Venomology"],"picked":"Bullet Time","floor":33},{"not_picked":["Quick Slash+1","Cloak And Dagger+1"],"picked":"Dagger Spray+1","floor":35},{"not_picked":["Predator+1","Sucker Punch+1"],"picked":"Glass Knife","floor":36},{"not_picked":["Flying Knee","Quick Slash+1"],"picked":"Outmaneuver","floor":38},{"not_picked":["Dodge and Roll+1","Backflip"],"picked":"Dagger Throw","floor":39},{"not_picked":["Phantasmal Killer","Backflip"],"picked":"Masterful Stab+1","floor":40},{"not_picked":["Blade Dance+1","PiercingWail+1"],"picked":"Acrobatics","floor":41},{"not_picked":["Quick Slash+1","Bane"],"picked":"Footwork+1","floor":42},{"not_picked":["Sucker Punch","All Out Attack"],"picked":"Catalyst+1","floor":46},{"not_picked":["Blur","Footwork+1"],"picked":"Prepared+1","floor":48}],"player_experience":708464,"relics_obtained":[{"floor":6,"key":"Ancient Tea Set"},{"floor":9,"key":"Oddly Smooth Stone"},{"floor":14,"key":"Snake Skull"},{"floor":22,"key":"The Specimen"},{"floor":22,"key":"Pantograph"},{"floor":24,"key":"Matryoshka"},{"floor":25,"key":"Lantern"},{"floor":25,"key":"Regal Pillow"},{"floor":26,"key":"Art of War"},{"floor":26,"key":"Meat on the Bone"},{"floor":34,"key":"Juzu Bracelet"},{"floor":34,"key":"Dodecahedron"},{"floor":34,"key":"Bird Faced Urn"},{"floor":40,"key":"Unceasing Top"},{"floor":41,"key":"Gambling Chip"},{"floor":43,"key":"Smiling Mask"},{"floor":48,"key":"Strawberry"}],"event_choices":[{"damage_healed":0,"gold_gain":0,"player_choice":"Ignored","damage_taken":0,"max_hp_gain":0,"max_hp_loss":0,"event_name":"Golden Wing","floor":2,"gold_loss":0},{"damage_healed":0,"gold_gain":275,"player_choice":"Desecrate","damage_taken":0,"max_hp_gain":0,"max_hp_loss":0,"event_name":"Golden Shrine","floor":3,"gold_loss":0,"cards_obtained":["Regret"]},{"damage_healed":0,"gold_gain":0,"player_choice":"Upgraded","damage_taken":0,"max_hp_gain":0,"max_hp_loss":0,"event_name":"Upgrade Shrine","floor":13,"gold_loss":0,"cards_upgraded":["Riddle With Holes"]},{"damage_healed":0,"gold_gain":0,"player_choice":"Fight","damage_taken":0,"max_hp_gain":0,"max_hp_loss":0,"event_name":"Colosseum","floor":22,"gold_loss":0},{"damage_healed":0,"gold_gain":0,"player_choice":"Fought Nobs","damage_taken":0,"max_hp_gain":0,"max_hp_loss":0,"event_name":"Colosseum","floor":22,"gold_loss":0},{"damage_healed":0,"gold_gain":0,"player_choice":"Joined the Cult","damage_taken":6,"max_hp_gain":0,"max_hp_loss":0,"event_name":"Nest","floor":28,"gold_loss":0,"cards_obtained":["RitualDagger"]},{"cards_removed":["Neutralize"],"damage_healed":0,"gold_gain":0,"player_choice":"Removed Attack","damage_taken":0,"max_hp_gain":0,"max_hp_loss":0,"event_name":"Falling","floor":37,"gold_loss":0},{"damage_healed":0,"gold_gain":0,"player_choice":"Fight","damage_taken":0,"max_hp_gain":0,"max_hp_loss":0,"event_name":"Mysterious Sphere","floor":41,"gold_loss":0},{"damage_healed":33,"gold_gain":0,"player_choice":"Writhe","damage_taken":0,"max_hp_gain":0,"max_hp_loss":0,"event_name":"Winding Halls","floor":45,"gold_loss":0,"cards_obtained":["Writhe"]}],"is_beta":false,"boss_relics":[{"not_picked":["HoveringKite","Tiny House"],"picked":"Eternal Feather"},{"not_picked":["Coffee Dripper","WristBlade"],"picked":"Calling Bell"}],"items_purged_floors":[],"is_endless":false,"potions_floor_spawned":[4,6,8,10,12,18,22,29,33,35,38,39,40,48],"ascension_level":0}