{"gold_per_floor":[114,114,289,304,4,34,34,49,124,124,139,44,74,104,104,204,254,269,284,284,299,259,259],"floor_reached":23,"playtime":1720,"items_purged":[],"score":284,"play_id":"6861c6fd-0a67-48fc-b9e3-bec9754279b8","local_time":"20190515221337","daily_mods":["Allstar","Time Dilation","DeadlyEvents"],"is_ascension_mode":false,"campfire_choices":[{"data":"Mind Blast","floor":7,"key":"SMITH"},{"data":"Barricade","floor":15,"key":"SMITH"}],"neow_cost":"","seed_source_timestamp":0,"circlet_count":0,"master_deck":["Strike_R","Strike_R","Strike_R","Strike_R+1","Strike_R","Defend_R+1","Defend_R","Defend_R","Defend_R","Bash","Enlightenment+1","Mind Blast+1","Good Instincts","Madness+1","Secret Technique","Shrug It Off+1","Doubt","Dropkick","Wild Strike","Shockwave","Perfected Strike+1","Bandage Up","Metallicize","Barricade+1","Bludgeon+1","Flex","Dark Embrace+1","Feel No Pain","Shame","Carnage+1"],"special_seed":18032,"relics":["Burning Blood","Unceasing Top","Singing Bowl","Molten Egg 2","Potion Belt","Pantograph","Tiny House","Sundial"],"potions_floor_usage":[13,16,16,23],"damage_taken":[{"damage":4,"enemies":"Cultist","floor":1,"turns":4},{"damage":7,"enemies":"Small Slimes","floor":4,"turns":4},{"damage":34,"enemies":"Lagavulin","floor":6,"turns":8},{"damage":0,"enemies":"2 Louse","floor":8,"turns":3},{"damage":8,"enemies":"2 Fungi Beasts","floor":11,"turns":3},{"damage":0,"enemies":"Gremlin Nob","floor":13,"turns":2},{"damage":10,"enemies":"3 Sentries","floor":14,"turns":7},{"damage":0,"enemies":"Slime Boss","floor":16,"turns":9},{"damage":8,"enemies":"Shell Parasite","floor":18,"turns":2},{"damage":18,"enemies":"3 Byrds","floor":19,"turns":7},{"damage":32,"enemies":"Snake Plant","floor":21,"turns":4},{"damage":60,"enemies":"Slavers","floor":23,"turns":6}],"seed_played":"-1426792424504152410","potions_obtained":[{"floor":4,"key":"Fire Potion"},{"floor":8,"key":"Ancient Potion"},{"floor":13,"key":"Ancient Potion"},{"floor":17,"key":"Ancient Potion"}],"is_trial":false,"path_per_floor":["M","?","?","M","$","E","R","M","T","?","M","$","E","E","R","B",null,"M","M","?","M","?","E"],"character_chosen":"IRONCLAD","items_purchased":["Unceasing Top","Bandage Up"],"campfire_rested":0,"item_purchase_floors":[5,12],"current_hp_per_floor":[80,64,64,63,63,35,35,41,41,41,39,39,49,49,49,80,85,85,77,77,55,55,0],"gold":259,"neow_bonus":"","is_prod":false,"is_daily":true,"chose_seed":false,"campfire_upgraded":2,"win_rate":0,"timestamp":1557972817,"path_taken":["M","?","?","M","$","E","R","?","T","?","M","$","?","E","R","BOSS","M","M","?","M","?","E"],"build_version":"2019-01-23","purchased_purges":0,"victory":false,"max_hp_per_floor":[80,80,80,80,80,80,80,80,80,80,80,80,80,80,80,80,85,85,85,85,85,85,85],"card_choices":[{"not_picked":["Sword Boomerang","Intimidate"],"picked":"Shrug It Off","floor":1},{"not_picked":["Heavy Blade","Clothesline"],"picked":"Dropkick","floor":4},{"not_picked":["Headbutt","Heavy Blade"],"picked":"Wild Strike","floor":6},{"not_picked":["Shrug It Off","Searing Blow"],"picked":"Shockwave","floor":8},{"not_picked":["Sword Boomerang+1","Body Slam+1"],"picked":"Perfected Strike+1","floor":11},{"not_picked":["Burning Pact","Searing Blow+1"],"picked":"Metallicize","floor":13},{"not_picked":["Sword Boomerang+1","Havoc"],"picked":"Barricade","floor":14},{"not_picked":["Double Tap","Berserk"],"picked":"Bludgeon+1","floor":16},{"not_picked":["Wild Strike+1","Cleave+1"],"picked":"Flex","floor":17},{"not_picked":["Headbutt+1","Bloodletting"],"picked":"Dark Embrace","floor":18},{"not_picked":["True Grit+1","Flex+1"],"picked":"Feel No Pain","floor":19},{"not_picked":["Shrug It Off","Dropkick+1"],"picked":"Carnage+1","floor":21}],"player_experience":672629,"relics_obtained":[{"floor":6,"key":"Singing Bowl"},{"floor":9,"key":"Molten Egg 2"},{"floor":13,"key":"Potion Belt"},{"floor":14,"key":"Pantograph"}],"event_choices":[{"damage_healed":0,"gold_gain":0,"player_choice":"Entered Light","damage_taken":16,"max_hp_gain":0,"max_hp_loss":0,"event_name":"Shining Light","floor":2,"gold_loss":0,"cards_upgraded":["Enlightenment","Strike_R"]},{"damage_healed":0,"gold_gain":175,"player_choice":"AGREE","damage_taken":0,"max_hp_gain":0,"max_hp_loss":0,"event_name":"Liars Game","floor":3,"gold_loss":0,"cards_obtained":["Doubt"]},{"damage_healed":0,"gold_gain":0,"player_choice":"Grow","damage_taken":0,"max_hp_gain":0,"max_hp_loss":0,"event_name":"Living Wall","floor":10,"gold_loss":0,"cards_upgraded":["Madness"]},{"damage_healed":0,"gold_gain":0,"player_choice":"Stole Relic","damage_taken":0,"relics_obtained":["Sundial"],"max_hp_gain":0,"max_hp_loss":0,"event_name":"Addict","floor":20,"gold_loss":0,"cards_obtained":["Shame"]},{"damage_healed":0,"gold_gain":0,"player_choice":"Upgraded Two","damage_taken":0,"max_hp_gain":0,"max_hp_loss":0,"event_name":"Designer","floor":22,"gold_loss":40,"cards_upgraded":["Defend_R","Dark Embrace"]}],"is_beta":false,"boss_relics":[{"not_picked":["Velvet Choker","Cursed Key"],"picked":"Tiny House"}],"items_purged_floors":[],"is_endless":false,"potions_floor_spawned":[4,8,13],"killed_by":"Slavers","ascension_level":0}