{"gold_per_floor":[113,130,130,140,140,140,151,182,182,182,182,182,206,250,250,341,341,360,360,374,388,93,93,126,139,139,139,173,173,191,191,191,191],"floor_reached":33,"playtime":976,"items_purged":["Strike_R"],"score":644,"play_id":"e12bfd04-c0c8-4db3-8541-2442b6bdd6ec","local_time":"20190923132218","is_ascension_mode":true,"campfire_choices":[{"data":"Spot Weakness","floor":6.0,"key":"SMITH"},{"data":"Battle Trance","floor":10.0,"key":"SMITH"},{"floor":15.0,"key":"REST"},{"data":"Heavy Blade","floor":23.0,"key":"SMITH"},{"data":"Heavy Blade","floor":27.0,"key":"SMITH"},{"data":"Sword Boomerang","floor":29.0,"key":"SMITH"},{"floor":32.0,"key":"REST"}],"neow_cost":"NONE","seed_source_timestamp":564975749156200,"circlet_count":0,"master_deck":["AscendersBane","Strike_R","Strike_R","Defend_R","Defend_R","Defend_R","Defend_R","Bash+1","Armaments+1","Spot Weakness+1","Battle Trance+1","Pommel Strike","Headbutt","Heavy Blade+1","Sword Boomerang+1","Immolate+1","Inflame+1","Pummel","Shrug It Off","Inflame+1","Heavy Blade+1","Shrug It Off"],"special_seed":0,"relics":["Burning Blood","Bronze Scales","Frozen Egg 2","Golden Idol","Bird Faced Urn","Sozu","Sling","Singing Bowl","Shuriken","Mercury Hourglass"],"potions_floor_usage":[],"damage_taken":[{"damage":4.0,"enemies":"2 Louse","floor":1.0,"turns":4.0},{"damage":12.0,"enemies":"Jaw Worm","floor":2.0,"turns":3.0},{"damage":6.0,"enemies":"Cultist","floor":4.0,"turns":3.0},{"damage":6.0,"enemies":"Large Slime","floor":7.0,"turns":8.0},{"damage":33.0,"enemies":"3 Sentries","floor":8.0,"turns":10.0},{"damage":0.0,"enemies":"Gremlin Gang","floor":12.0,"turns":1.0},{"damage":0.0,"enemies":"Red Slaver","floor":13.0,"turns":5.0},{"damage":27.0,"enemies":"Lagavulin","floor":14.0,"turns":8.0},{"damage":1.0,"enemies":"The Guardian","floor":16.0,"turns":9.0},{"damage":5.0,"enemies":"Chosen","floor":18.0,"turns":4.0},{"damage":7.0,"enemies":"3 Byrds","floor":20.0,"turns":2.0},{"damage":13.0,"enemies":"Snake Plant","floor":21.0,"turns":2.0},{"damage":0.0,"enemies":"Gremlin Leader","floor":24.0,"turns":4.0},{"damage":6.0,"enemies":"Sentry and Sphere","floor":25.0,"turns":3.0},{"damage":36.0,"enemies":"Book of Stabbing","floor":28.0,"turns":4.0},{"damage":38.0,"enemies":"Shelled Parasite and Fungi","floor":30.0,"turns":4.0},{"damage":59,"enemies":"Champ","floor":33,"turns":9}],"seed_played":"8045659026906167771","potions_obtained":[{"floor":1.0,"key":"SmokeBomb"},{"floor":8.0,"key":"SkillPotion"},{"floor":13.0,"key":"GamblersBrew"}],"is_trial":false,"path_per_floor":["M","M","?","M","?","R","M","E","T","R","?","M","M","E","R","B",null,"M","?","M","M","$","R","E","M","T","R","E","R","M","?","R","B"],"character_chosen":"IRONCLAD","items_purchased":["Shrug It Off","Sling"],"campfire_rested":2,"item_purchase_floors":[22,22],"current_hp_per_floor":[70,64,57,57,57,57,57,30,30,30,30,36,42,21,41,46,63,64,64,65,60,60,60,68,68,68,68,40,40,14,14,35,0],"gold":191,"neow_bonus":"UPGRADE_CARD","is_prod":false,"is_daily":false,"chose_seed":false,"campfire_upgraded":5,"win_rate":0,"timestamp":1569270138,"path_taken":["M","M","?","M","?","R","?","E","T","R","?","M","M","E","R","BOSS","M","?","M","M","$","R","E","M","T","R","E","R","?","?","R","BOSS"],"build_version":"2019-09-23","purchased_purges":1,"victory":false,"max_hp_per_floor":[75,75,75,75,75,75,75,75,75,75,68,68,68,68,68,68,68,68,68,68,68,68,68,68,68,68,68,68,68,70,70,70,70],"card_choices":[{"not_picked":["Entrench","Warcry"],"picked":"Armaments","floor":1.0},{"not_picked":["Shrug It Off","Cleave"],"picked":"Spot Weakness","floor":2.0},{"not_picked":["Juggernaut","Flex"],"picked":"Battle Trance","floor":4.0},{"not_picked":["Cleave","Entrench"],"picked":"Pommel Strike","floor":7.0},{"not_picked":["Intimidate","Twin Strike"],"picked":"Headbutt","floor":8.0},{"not_picked":["Burning Pact","Thunderclap"],"picked":"Heavy Blade","floor":13.0},{"not_picked":["Armaments","Anger"],"picked":"Sword Boomerang","floor":14.0},{"not_picked":["Fiend Fire","Impervious"],"picked":"Immolate","floor":16.0},{"not_picked":["Clash","Shrug It Off"],"picked":"Inflame+1","floor":18.0},{"not_picked":["Warcry","Clothesline","Perfected Strike"],"picked":"SKIP","floor":20.0},{"not_picked":["Uppercut","Burning Pact"],"picked":"Pummel","floor":21.0},{"not_picked":["Reckless Charge","Bloodletting"],"picked":"Inflame+1","floor":24.0},{"not_picked":["Bludgeon","Warcry"],"picked":"Heavy Blade","floor":25.0},{"not_picked":["Body Slam","Entrench"],"picked":"Shrug It Off","floor":28.0},{"not_picked":["Bloodletting+1","Sword Boomerang","Sentinel"],"picked":"Singing Bowl","floor":30.0}],"player_experience":985056,"relics_obtained":[{"floor":8.0,"key":"Bronze Scales"},{"floor":9.0,"key":"Frozen Egg 2"},{"floor":14.0,"key":"Bird Faced Urn"},{"floor":24.0,"key":"Singing Bowl"},{"floor":26.0,"key":"Shuriken"},{"floor":28.0,"key":"Mercury Hourglass"}],"event_choices":[{"cards_removed":["Strike_R"],"damage_healed":0.0,"max_hp_gain":0.0,"max_hp_loss":0.0,"gold_gain":0.0,"event_name":"Golden Wing","player_choice":"Card Removal","floor":3.0,"gold_loss":0.0,"damage_taken":7.0},{"damage_healed":0.0,"max_hp_gain":0.0,"max_hp_loss":0.0,"gold_gain":0.0,"event_name":"Accursed Blacksmith","player_choice":"Forge","floor":5.0,"gold_loss":0.0,"damage_taken":0.0,"cards_upgraded":["Armaments"]},{"damage_healed":0.0,"max_hp_gain":0.0,"max_hp_loss":7.0,"gold_gain":0.0,"event_name":"Golden Idol","player_choice":"Lose Max HP","floor":11.0,"gold_loss":0.0,"damage_taken":0.0,"relics_obtained":["Golden Idol"]},{"damage_healed":0.0,"max_hp_gain":0.0,"max_hp_loss":0.0,"gold_gain":0.0,"event_name":"Upgrade Shrine","player_choice":"Upgraded","floor":19.0,"gold_loss":0.0,"damage_taken":0.0,"cards_upgraded":["Immolate"]},{"cards_removed":["Strike_R"],"damage_healed":0.0,"max_hp_gain":0.0,"max_hp_loss":0.0,"gold_gain":0.0,"event_name":"Purifier","player_choice":"Purged","floor":31.0,"gold_loss":0.0,"damage_taken":0.0}],"is_beta":true,"boss_relics":[{"not_picked":["Runic Cube","Cursed Key"],"picked":"Sozu"}],"items_purged_floors":[22],"is_endless":false,"potions_floor_spawned":[1,8,12,13,21,28,30],"killed_by":"Champ","ascension_level":20}