{"gold_per_floor":[119,119,139,149,196,196,216,242,287,287,297,330,330,340,340,417,417,431,441,171,171,42,42,54,54,54,72,91,91,105,117,117,196,196,210,210,76,87,12,12,31,44,44,55,72,72,106,106,106,106,106],"floor_reached":52,"playtime":2275,"items_purged":["Strike_R","Strike_R"],"score":1996,"play_id":"e8f5f661-c0bf-4c2f-9181-cad2678ae326","local_time":"20190922102636","is_ascension_mode":true,"campfire_choices":[{"data":"Wild Strike","floor":6,"key":"SMITH"},{"floor":10,"key":"REST"},{"data":"Headbutt","floor":15,"key":"SMITH"},{"data":"Barricade","floor":23,"key":"SMITH"},{"floor":25,"key":"REST"},{"data":"Defend_R","floor":29,"key":"SMITH"},{"floor":32,"key":"REST"},{"data":"Feel No Pain","floor":40,"key":"SMITH"},{"floor":46,"key":"REST"},{"floor":49,"key":"REST"}],"neow_cost":"NONE","seed_source_timestamp":466903564900800,"circlet_count":0,"master_deck":["AscendersBane","Defend_R","Defend_R","Defend_R","Defend_R+1","Bash+1","Wild Strike+1","Headbutt+1","Infernal Blade+1","Shrug It Off+1","Barricade+1","Shrug It Off+1","Master of Strategy+1","Shrug It Off+1","Seeing Red+1","Power Through+1","Body Slam+1","Feel No Pain+1","Headbutt","Impervious+1","Disarm+1","True Grit+1","Entrench+1","Body Slam","Impervious+1","Deep Breath+1","Purity+1"],"relics":["Burning Blood","Letter Opener","Pen Nib","Toxic Egg 2","Bag of Marbles","Dream Catcher","Cursed Key","Empty Cage","Red Skull"],"potions_floor_usage":[8,19,24,28,33,33,42,47],"damage_taken":[{"damage":7,"enemies":"Cultist","floor":1,"turns":4},{"damage":9,"enemies":"Jaw Worm","floor":3,"turns":4},{"damage":5,"enemies":"2 Louse","floor":4,"turns":3},{"damage":9,"enemies":"Red Slaver","floor":7,"turns":3},{"damage":35,"enemies":"3 Sentries","floor":8,"turns":9},{"damage":0,"enemies":"2 Fungi Beasts","floor":11,"turns":1},{"damage":19,"enemies":"Lagavulin","floor":12,"turns":6},{"damage":8,"enemies":"Blue Slaver","floor":14,"turns":2},{"damage":40,"enemies":"The Guardian","floor":16,"turns":12},{"damage":22,"enemies":"Shell Parasite","floor":18,"turns":5},{"damage":22,"enemies":"Spheric Guardian","floor":19,"turns":5},{"damage":14,"enemies":"Chosen and Byrds","floor":24,"turns":6},{"damage":0,"enemies":"Snake Plant","floor":27,"turns":4},{"damage":19,"enemies":"Cultist and Chosen","floor":28,"turns":4},{"damage":3,"enemies":"Sentry and Sphere","floor":30,"turns":10},{"damage":13,"enemies":"Snake Plant","floor":31,"turns":3},{"damage":0,"enemies":"Automaton","floor":33,"turns":12},{"damage":0,"enemies":"3 Shapes","floor":35,"turns":9},{"damage":0,"enemies":"Orb Walker","floor":38,"turns":3},{"damage":4,"enemies":"3 Darklings","floor":41,"turns":8},{"damage":10,"enemies":"Spire Growth","floor":42,"turns":6},{"damage":2,"enemies":"4 Shapes","floor":44,"turns":9},{"damage":2,"enemies":"Sphere and 2 Shapes","floor":45,"turns":12},{"damage":25,"enemies":"Reptomancer","floor":47,"turns":13},{"damage":29,"enemies":"Donu and Deca","floor":50,"turns":11},{"damage":0,"enemies":"Time Eater","floor":51,"turns":6}],"seed_played":"-8547964554640471470","potions_obtained":[{"floor":1,"key":"Ancient Potion"},{"floor":4,"key":"Strength Potion"},{"floor":11,"key":"BloodPotion"},{"floor":21,"key":"GamblersBrew"},{"floor":27,"key":"Fire Potion"},{"floor":31,"key":"PowerPotion"},{"floor":35,"key":"SneckoOil"},{"floor":41,"key":"Weak Potion"},{"floor":47,"key":"FearPotion"}],"is_trial":false,"path_per_floor":["M","T","M","M","T","R","M","E","T","R","M","E","?","M","R","B",null,"M","M","$","?","$","R","M","R","T","M","M","R","M","M","R","B",null,"M","?","$","M","?","R","M","M","T","M","M","R","E","?","R","B","B",null],"character_chosen":"IRONCLAD","items_purchased":["Master of Strategy+1","Shrug It Off+1","Disarm+1","True Grit+1"],"campfire_rested":5,"item_purchase_floors":[20,22,37,37],"current_hp_per_floor":[67,67,64,65,65,65,62,33,33,55,61,48,73,71,71,37,66,50,49,49,49,49,49,41,63,63,69,56,56,59,52,74,75,75,75,75,75,75,75,75,75,71,71,75,75,75,56,46,68,45,51],"gold":106,"neow_bonus":"UPGRADE_CARD","is_prod":false,"is_daily":false,"chose_seed":false,"campfire_upgraded":5,"win_rate":0,"timestamp":1569173196,"path_taken":["M","?","M","M","?","R","M","E","T","R","M","E","?","M","R","BOSS","M","M","$","?","$","R","?","R","T","M","M","R","M","M","R","BOSS","M","?","$","M","?","R","?","M","T","M","?","R","E","?","R","BOSS","BOSS"],"build_version":"2019-09-20","purchased_purges":2,"victory":true,"max_hp_per_floor":[75,75,75,75,75,75,75,75,75,75,75,75,75,75,75,75,75,75,75,75,75,75,75,75,75,75,75,75,75,75,75,75,75,75,75,75,75,75,75,75,75,75,75,75,75,75,75,75,75,75,75],"card_choices":[{"not_picked":["Warcry","Infernal Blade"],"picked":"Wild Strike","floor":1},{"not_picked":["Intimidate","Body Slam"],"picked":"Headbutt","floor":3},{"not_picked":["Body Slam","Twin Strike","Heavy Blade"],"picked":"SKIP","floor":4},{"not_picked":["Thunderclap","Twin Strike","Infernal Blade"],"picked":"SKIP","floor":7},{"not_picked":["Perfected Strike","Heavy Blade"],"picked":"Infernal Blade","floor":8},{"not_picked":["True Grit+1","Warcry+1"],"picked":"Shrug It Off+1","floor":11},{"not_picked":["Twin Strike","Intimidate+1","Cleave"],"picked":"SKIP","floor":12},{"not_picked":["Havoc+1","Twin Strike","Thunderclap"],"picked":"SKIP","floor":14},{"not_picked":["Exhume+1","Demon Form"],"picked":"Barricade","floor":16},{"not_picked":["Hemokinesis","Seeing Red+1","Intimidate+1"],"picked":"SKIP","floor":18},{"not_picked":["Blood for Blood","True Grit+1"],"picked":"Shrug It Off+1","floor":19},{"not_picked":["Clash","Perfected Strike","Headbutt"],"picked":"SKIP","floor":24},{"not_picked":["Havoc+1","Armaments+1"],"picked":"Seeing Red+1","floor":25},{"not_picked":["Headbutt","Armaments+1"],"picked":"Power Through+1","floor":27},{"not_picked":["Dual Wield+1","Headbutt","Havoc+1"],"picked":"SKIP","floor":28},{"not_picked":["Bloodletting+1","Sword Boomerang"],"picked":"Body Slam+1","floor":30},{"not_picked":["Iron Wave","Second Wind+1"],"picked":"Feel No Pain","floor":31},{"not_picked":["Reaper","Infernal Blade+1"],"picked":"Headbutt","floor":32},{"not_picked":["Immolate","Demon Form"],"picked":"Impervious+1","floor":33},{"not_picked":["Bloodletting+1","Havoc+1","Twin Strike"],"picked":"SKIP","floor":35},{"not_picked":["Cleave","Ghostly Armor+1","Inflame+1"],"picked":"SKIP","floor":38},{"not_picked":["Twin Strike","Cleave","Clothesline"],"picked":"SKIP","floor":41},{"not_picked":["Sword Boomerang","Perfected Strike"],"picked":"Entrench+1","floor":42},{"not_picked":["Havoc+1","Twin Strike","Thunderclap"],"picked":"SKIP","floor":44},{"not_picked":["Perfected Strike","Reckless Charge"],"picked":"Body Slam","floor":45},{"not_picked":["Searing Blow+1","Twin Strike"],"picked":"Impervious+1","floor":47},{"not_picked":["Magnetism","Blind+1"],"picked":"Deep Breath+1","floor":48},{"not_picked":["Swift Strike","Madness+1"],"picked":"Purity+1","floor":48}],"player_experience":953170,"relics_obtained":[{"floor":2,"key":"Letter Opener"},{"floor":5,"key":"Pen Nib"},{"floor":8,"key":"Toxic Egg 2"},{"floor":9,"key":"Bag of Marbles"},{"floor":12,"key":"Dream Catcher"},{"floor":47,"key":"Red Skull"}],"event_choices":[{"damage_healed":25,"gold_gain":0,"player_choice":"Banana","damage_taken":0,"max_hp_gain":0,"max_hp_loss":0,"event_name":"Big Fish","floor":13,"gold_loss":0},{"damage_healed":0,"gold_gain":0,"player_choice":"Got Potions","damage_taken":0,"max_hp_gain":0,"max_hp_loss":0,"event_name":"Lab","floor":21,"gold_loss":0},{"damage_healed":0,"gold_gain":0,"player_choice":"Ignored","damage_taken":0,"max_hp_gain":0,"max_hp_loss":0,"event_name":"Tomb of Lord Red Mask","floor":36,"gold_loss":0},{"cards_removed":["Strike_R"],"damage_healed":0,"gold_gain":0,"player_choice":"Single Remove","damage_taken":0,"max_hp_gain":0,"max_hp_loss":0,"event_name":"Designer","floor":39,"gold_loss":75},{"damage_healed":0,"gold_gain":0,"player_choice":"Memory 3","damage_taken":10,"max_hp_gain":0,"max_hp_loss":0,"event_name":"SensoryStone","floor":48,"gold_loss":0}],"is_beta":true,"boss_relics":[{"not_picked":["Astrolabe","Ectoplasm"],"picked":"Cursed Key"},{"not_picked":["Runic Pyramid","Coffee Dripper"],"picked":"Empty Cage"}],"items_purged_floors":[20,22],"is_endless":false,"potions_floor_spawned":[1,4,11,16,27,31,35,41,47],"ascension_level":20}