{"path_per_floor":["M","M","?","?","?","E","M","R","T","?","$","M","M","?","R"],"character_chosen":"DEFECT","items_purchased":["Self Repair","Finesse","Sweeping Beam"],"gold_per_floor":[114,129,129,129,129,159,174,174,199,199,27,42,57,57,57,57],"floor_reached":16,"campfire_rested":0,"playtime":1361,"item_purchase_floors":[11,11,11],"current_hp_per_floor":[72,67,67,67,60,41,38,38,38,35,35,45,52,52,52,0],"items_purged":[],"gold":57,"score":225,"play_id":"22b306bc-15ac-425a-a1cb-f28c060c995a","local_time":"20180620225806","daily_mods":["Diverse","Night Terrors","Hoarder"],"is_prod":false,"is_daily":true,"chose_seed":false,"is_ascension_mode":false,"campfire_upgraded":2,"win_rate":0.0,"timestamp":1529549886,"campfire_choices":[{"data":"Armaments","floor":8,"key":"SMITH"},{"data":"Self Repair","floor":15,"key":"SMITH"}],"path_taken":["M","M","?","?","?","E","?","R","T","?","?","M","?","?","R","BOSS"],"build_version":"2018-06-14v2","seed_source_timestamp":0,"purchased_purges":0,"victory":false,"master_deck":["Strike_B","Strike_B","Strike_B","Strike_B","Defend_B","Defend_B","Defend_B","Defend_B","Zap","Dualcast","Doom and Gloom","Doom and Gloom","Doom and Gloom","Armaments","Armaments+1","Armaments","Regret","Regret","BootSequence","BootSequence","BootSequence","Chaos","Chaos","Chaos","Self Repair+1","Self Repair","Self Repair","Finesse","Finesse","Finesse","Sweeping Beam","Sweeping Beam","Sweeping Beam","Sword Boomerang","Sword Boomerang","Sword Boomerang","Phantasmal Killer","Phantasmal Killer","Phantasmal Killer","Injury","Injury","Injury"],"max_hp_per_floor":[75,75,75,75,75,75,75,75,75,75,75,75,75,75,75,75],"special_seed":17703,"relics":["Cracked Core","Vajra","Boot","Oddly Smooth Stone","Ancient Tea Set","Golden Idol"],"card_choices":[{"not_picked":["Scrape","Rupture"],"picked":"Doom and Gloom","floor":1},{"not_picked":["Ghostly Armor","Clothesline"],"picked":"Armaments","floor":2},{"not_picked":["Armaments","Iron Wave"],"picked":"BootSequence","floor":6},{"not_picked":["Consume","Pommel Strike"],"picked":"Chaos","floor":7},{"not_picked":["Body Slam","Clash"],"picked":"Sword Boomerang","floor":12},{"not_picked":["Acrobatics","Reflex"],"picked":"Phantasmal Killer","floor":13}],"player_experience":216481,"potions_floor_usage":[6,6,6,7,16],"damage_taken":[{"damage":3,"enemies":"Jaw Worm","floor":1,"turns":3},{"damage":5,"enemies":"Small Slimes","floor":2,"turns":2},{"damage":19,"enemies":"Lagavulin","floor":6,"turns":5},{"damage":3,"enemies":"2 Louse","floor":7,"turns":3},{"damage":14,"enemies":"Exordium Thugs","floor":12,"turns":5},{"damage":0,"enemies":"Lots of Slimes","floor":13,"turns":2},{"damage":56,"enemies":"Hexaghost","floor":16,"turns":9}],"relics_obtained":[{"floor":6,"key":"Boot"},{"floor":9,"key":"Oddly Smooth Stone"}],"event_choices":[{"event_name":"Big Fish","player_choice":"Box","floor":3,"damage_taken":0},{"event_name":"The Lab","player_choice":"Got Potions","floor":4,"damage_taken":0},{"event_name":"Golden Wing","player_choice":"Card Removal","floor":5,"damage_taken":0},{"event_name":"Scrap Ooze","player_choice":"success","floor":10,"damage_taken":3},{"event_name":"Golden Idol","player_choice":"Take Wound","floor":14,"damage_taken":0}],"boss_relics":[],"items_purged_floors":[],"is_endless":false,"potions_floor_spawned":[1,6,13],"seed_played":"-2047804934668331113","killed_by":"Hexaghost","ascension_level":0,"potions_obtained":[{"floor":1,"key":"Poison Potion"},{"floor":4,"key":"EssenceOfSteel"},{"floor":4,"key":"Fire Potion"},{"floor":6,"key":"Strength Potion"},{"floor":13,"key":"Energy Potion"}],"is_trial":false}