{"path_per_floor":["M","?","?","M","?","R","E","R","T","R","$","M","M","M","R","B",null,"M","?","M"],"character_chosen":"DEFECT","items_purchased":["Bandage Up","Hello World"],"gold_per_floor":[115,115,115,135,135,135,160,160,187,187,9,28,38,51,51,153,153,133,333,351,351],"floor_reached":21,"campfire_rested":0,"playtime":1738,"item_purchase_floors":[11,11],"current_hp_per_floor":[74,71,71,70,70,70,49,49,49,49,49,53,47,43,43,16,75,43,43,32,0],"items_purged":[],"gold":351,"score":179,"play_id":"346e732a-bb38-4918-871a-2ed5b07b6f2b","local_time":"20180614185008","is_prod":false,"is_daily":false,"chose_seed":false,"is_ascension_mode":false,"campfire_upgraded":4,"win_rate":0.0,"timestamp":1529016608,"campfire_choices":[{"data":"Genetic Algorithm","floor":6,"key":"SMITH"},{"data":"Zap","floor":8,"key":"SMITH"},{"data":"Turbo","floor":10,"key":"SMITH"},{"data":"Hello World","floor":15,"key":"SMITH"}],"path_taken":["M","?","?","M","?","R","E","R","T","R","?","M","?","M","R","BOSS","M","?","M","?"],"build_version":"2018-06-07v3","seed_source_timestamp":11878920444271,"purchased_purges":0,"victory":false,"master_deck":["Strike_B","Strike_B","Strike_B","Strike_B","Defend_B","Defend_B","Defend_B","Defend_B","Zap+1","Genetic Algorithm+1","Conserve Battery","Turbo+1","Bandage Up","Hello World+1","Beam Cell","Coolheaded","Glacier","Fission","White Noise","Gash","Sweeping Beam","Defragment","Heatsinks","Turbo","Reinforced Body+1"],"max_hp_per_floor":[75,75,75,75,75,75,75,75,75,75,75,75,75,75,75,75,75,75,75,75,75],"relics":["Cracked Core","Pantograph","Peace Pipe","Bag of Marbles","Orrery"],"card_choices":[{"not_picked":["Barrage","Rip and Tear"],"picked":"Genetic Algorithm","floor":1},{"not_picked":["Stack","Lockon"],"picked":"Conserve Battery","floor":4},{"not_picked":["Auto Shields","Gash"],"picked":"Turbo","floor":7},{"not_picked":["Conserve Battery","Redo"],"picked":"Beam Cell","floor":12},{"not_picked":["Lockon","Steam"],"picked":"Coolheaded","floor":13},{"not_picked":["Lockon","Multi-Cast"],"picked":"Glacier","floor":14},{"not_picked":["Machine Learning","Meteor Strike"],"picked":"Fission","floor":16},{"not_picked":["Go for the Eyes","Conserve Battery"],"picked":"White Noise","floor":17},{"not_picked":["Chaos","Ball Lightning"],"picked":"Gash","floor":17},{"not_picked":["Ball Lightning","Stack"],"picked":"Sweeping Beam","floor":17},{"not_picked":["Skim","Steam"],"picked":"Defragment","floor":17},{"not_picked":["Rebound","Core Surge"],"picked":"Heatsinks","floor":17},{"not_picked":["Lockon","Streamline"],"picked":"Turbo","floor":18},{"not_picked":["BootSequence","Hologram+1"],"picked":"Reinforced Body+1","floor":20}],"player_experience":202244,"potions_floor_usage":[14,16,18,20],"damage_taken":[{"damage":1,"enemies":"2 Louse","floor":1,"turns":2},{"damage":1,"enemies":"Jaw Worm","floor":4,"turns":4},{"damage":21,"enemies":"Lagavulin","floor":7,"turns":8},{"damage":0,"enemies":"Small Slimes","floor":12,"turns":3},{"damage":10,"enemies":"2 Fungi Beasts","floor":13,"turns":4},{"damage":8,"enemies":"Gremlin Gang","floor":14,"turns":5},{"damage":56,"enemies":"Hexaghost","floor":16,"turns":13},{"damage":36,"enemies":"2 Thieves","floor":18,"turns":5},{"damage":15,"enemies":"Spheric Guardian","floor":20,"turns":8},{"damage":52,"enemies":"Chosen and Byrds","floor":21,"turns":6}],"relics_obtained":[{"floor":7,"key":"Peace Pipe"},{"floor":9,"key":"Bag of Marbles"}],"event_choices":[{"event_name":"Scrap Ooze","player_choice":"success","floor":2,"damage_taken":3},{"event_name":"The Cleric","player_choice":"Leave","floor":3,"damage_taken":0},{"event_name":"Purifier","player_choice":"One Purge","floor":5,"damage_taken":0},{"event_name":"Wheel of Change","player_choice":"Gold","floor":19,"damage_taken":0}],"boss_relics":[{"not_picked":["White Beast Statue","Runic Dome"],"picked":"Orrery"}],"items_purged_floors":[],"potions_floor_spawned":[7,12,16,18],"seed_played":"-9160317199943348717","killed_by":"Chosen and Byrds","ascension_level":0,"potions_obtained":[{"floor":7,"key":"PowerPotion"},{"floor":12,"key":"FearPotion"},{"floor":16,"key":"Poison Potion"},{"floor":18,"key":"Dexterity Potion"}],"is_trial":false}