{"gold_per_floor":[112,128,128,128,128,159,159,184,209,134,177,192,192,15,15,106,106,122,122,136,51,51,51,85,85,111,134,160,160,201,226,226,317,317,330,34,34,58,82,82,106,142,165,180,193,236,236,32,32,32,32],"floor_reached":52,"playtime":2581,"items_purged":["Strike_R+1"],"score":2366,"play_id":"7101386c-c18e-4b8a-ab0e-5458df64be8d","local_time":"20190921174933","is_ascension_mode":true,"campfire_choices":[{"floor":7,"key":"REST"},{"data":"Immolate","floor":13,"key":"SMITH"},{"data":"Feel No Pain","floor":15,"key":"SMITH"},{"data":"Barricade","floor":23,"key":"SMITH"},{"data":"Metallicize","floor":25,"key":"SMITH"},{"data":"Entrench","floor":29,"key":"SMITH"},{"data":"Warcry","floor":32,"key":"SMITH"},{"data":"Offering","floor":40,"key":"SMITH"},{"data":"Corruption","floor":49,"key":"SMITH"}],"neow_cost":"NONE","seed_source_timestamp":406762419002200,"circlet_count":0,"master_deck":["AscendersBane","Strike_R+1","Defend_R","Defend_R+1","Defend_R","Defend_R+1","Carnage","Immolate+1","Feel No Pain+1","Offering+1","Barricade+1","CurseOfTheBell","True Grit","Feel No Pain+1","Havoc+1","Metallicize+1","True Grit","Entrench+1","Warcry+1","Rampage+1","Limit Break+1","Double Tap+1","Flame Barrier+1","Shrug It Off+1","Corruption+1","Warcry+1","Dark Embrace","Armaments+1","Battle Trance+1","Burning Pact+1"],"special_seed":0,"relics":["Burning Blood","NeowsBlessing","Golden Idol","Bag of Marbles","Mummified Hand","Lantern","Vajra","Calling Bell","Anchor","Molten Egg 2","Mango","Nilry\u0027s Codex","Pantograph","Whetstone","War Paint","Letter Opener","Astrolabe","Toxic Egg 2","PreservedInsect","Art of War","InkBottle"],"potions_floor_usage":[8,11,16,16,30,30,39,45,51],"damage_taken":[{"damage":0.0,"enemies":"Jaw Worm","floor":1.0,"turns":1.0},{"damage":0,"enemies":"2 Louse","floor":2,"turns":1},{"damage":0,"enemies":"Lagavulin","floor":6,"turns":1},{"damage":0,"enemies":"Small Slimes","floor":8,"turns":2},{"damage":0,"enemies":"Gremlin Nob","floor":11,"turns":2},{"damage":0,"enemies":"2 Fungi Beasts","floor":12,"turns":1},{"damage":6,"enemies":"Slime Boss","floor":16,"turns":2},{"damage":16,"enemies":"Chosen","floor":18,"turns":4},{"damage":2,"enemies":"3 Byrds","floor":20,"turns":4},{"damage":15,"enemies":"Gremlin Leader","floor":24,"turns":6},{"damage":3,"enemies":"Snecko","floor":27,"turns":5},{"damage":6,"enemies":"Book of Stabbing","floor":30,"turns":9},{"damage":19,"enemies":"Chosen and Byrds","floor":31,"turns":7},{"damage":12,"enemies":"Champ","floor":33,"turns":17},{"damage":6,"enemies":"3 Shapes","floor":35,"turns":4},{"damage":18,"enemies":"3 Darklings","floor":38,"turns":6},{"damage":15,"enemies":"Sphere and 2 Shapes","floor":39,"turns":14},{"damage":6,"enemies":"4 Shapes","floor":41,"turns":9},{"damage":0,"enemies":"Giant Head","floor":42,"turns":11},{"damage":0,"enemies":"Maw","floor":44,"turns":11},{"damage":12,"enemies":"Transient","floor":45,"turns":6},{"damage":6,"enemies":"Reptomancer","floor":46,"turns":6},{"damage":6,"enemies":"Donu and Deca","floor":50,"turns":12},{"damage":65,"enemies":"Awakened One","floor":51,"turns":9}],"seed_played":"4732625092533860197","potions_obtained":[{"floor":2,"key":"SteroidPotion"},{"floor":6,"key":"Block Potion"},{"floor":8,"key":"DuplicationPotion"},{"floor":12,"key":"Strength Potion"},{"floor":18,"key":"Weak Potion"},{"floor":20,"key":"ElixirPotion"},{"floor":27,"key":"Regen Potion"},{"floor":31,"key":"Block Potion"},{"floor":38,"key":"SteroidPotion"},{"floor":41,"key":"FearPotion"}],"is_trial":false,"path_per_floor":["M","M","?","?","?","E","R","M","T","?","E","M","R","$","R","B",null,"M","?","M","$","?","R","E","R","T","M","T","R","E","M","R","B",null,"M","$","?","M","M","R","M","E","T","M","M","E","?","$","R","B","B",null],"character_chosen":"IRONCLAD","items_purchased":["Feel No Pain","Offering","Metallicize","Toxic Egg 2","Shrug It Off+1","Battle Trance+1","Burning Pact+1"],"campfire_rested":1,"item_purchase_floors":[14,14,21,36,36,48,48],"current_hp_per_floor":[74,75,49,26,21,27,49,55,55,55,61,67,67,67,67,67,87,77,77,81,81,60,60,51,51,51,54,54,54,69,56,56,75,86,86,86,86,74,65,65,65,71,71,77,71,71,71,71,71,89,30],"gold":32,"neow_bonus":"THREE_ENEMY_KILL","is_prod":false,"is_daily":false,"chose_seed":false,"campfire_upgraded":8,"win_rate":0,"timestamp":1569113373,"path_taken":["M","M","?","?","?","E","R","M","T","?","E","M","R","$","R","BOSS","M","?","M","?","?","R","E","R","T","M","?","R","E","M","R","BOSS","M","$","?","M","?","R","M","E","T","M","M","E","?","$","R","BOSS","BOSS"],"build_version":"2019-09-20","purchased_purges":1,"victory":true,"max_hp_per_floor":[75,75,75,75,75,75,75,75,75,75,75,75,75,75,75,75,89,89,89,89,89,89,89,89,89,89,89,89,89,89,89,89,89,89,89,89,89,89,89,89,89,89,89,89,89,89,89,89,89,89,89],"card_choices":[{"not_picked":["Flex","Burning Pact","Bloodletting"],"picked":"SKIP","floor":1},{"not_picked":["Havoc","Sentinel"],"picked":"Carnage","floor":2},{"not_picked":["Hemokinesis","Feel No Pain"],"picked":"Immolate","floor":6},{"not_picked":["Anger","Perfected Strike"],"picked":"Disarm","floor":8},{"not_picked":["Pummel","Rupture","True Grit"],"picked":"SKIP","floor":11},{"not_picked":["Rampage","Body Slam","Anger"],"picked":"SKIP","floor":12},{"not_picked":["Limit Break","Berserk"],"picked":"Barricade","floor":16},{"not_picked":["Pommel Strike+1","Iron Wave+1"],"picked":"True Grit","floor":18},{"not_picked":["Armaments","Wild Strike+1"],"picked":"Havoc+1","floor":20},{"not_picked":["Armaments","Brutality"],"picked":"True Grit","floor":24},{"not_picked":["Heavy Blade+1","Shrug It Off"],"picked":"Entrench","floor":27},{"not_picked":["Sever Soul+1","Cleave+1"],"picked":"Warcry","floor":30},{"not_picked":["Intimidate","Heavy Blade+1","Armaments"],"picked":"SKIP","floor":31},{"not_picked":["Dropkick+1","Perfected Strike+1"],"picked":"Flame Barrier+1","floor":35},{"not_picked":["Heavy Blade+1","Iron Wave+1","Thunderclap+1"],"picked":"SKIP","floor":38},{"not_picked":["Feel No Pain","Iron Wave+1"],"picked":"Corruption","floor":39},{"not_picked":["Iron Wave+1","Blood for Blood+1"],"picked":"Warcry+1","floor":41},{"not_picked":["Blood for Blood+1","Seeing Red+1"],"picked":"Dark Embrace","floor":42},{"not_picked":["Carnage+1","Sword Boomerang+1","Thunderclap+1"],"picked":"SKIP","floor":44},{"not_picked":["Searing Blow+1","Wild Strike+1","Flex+1"],"picked":"SKIP","floor":45},{"not_picked":["Feed+1","Spot Weakness+1"],"picked":"Armaments+1","floor":46}],"player_experience":932145,"relics_obtained":[{"floor":6,"key":"Mummified Hand"},{"floor":9,"key":"Lantern"},{"floor":11,"key":"Vajra"},{"floor":17,"key":"Anchor"},{"floor":17,"key":"Molten Egg 2"},{"floor":17,"key":"Mango"},{"floor":22,"key":"Nilry\u0027s Codex"},{"floor":24,"key":"Pantograph"},{"floor":26,"key":"Whetstone"},{"floor":28,"key":"War Paint"},{"floor":30,"key":"Letter Opener"},{"floor":42,"key":"PreservedInsect"},{"floor":43,"key":"Art of War"},{"floor":46,"key":"InkBottle"}],"event_choices":[{"damage_healed":0,"gold_gain":0,"player_choice":"Take Damage","damage_taken":26,"relics_obtained":["Golden Idol"],"max_hp_gain":0,"max_hp_loss":0,"event_name":"Golden Idol","floor":3,"gold_loss":0},{"damage_healed":0,"gold_gain":0,"player_choice":"Entered Light","damage_taken":23,"max_hp_gain":0,"max_hp_loss":0,"event_name":"Shining Light","floor":4,"gold_loss":0,"cards_upgraded":["Strike_R","Strike_R"]},{"damage_healed":0,"gold_gain":0,"player_choice":"Success","damage_taken":5,"relics_obtained":["Bag of Marbles"],"max_hp_gain":0,"max_hp_loss":0,"event_name":"Scrap Ooze","floor":5,"gold_loss":0},{"cards_removed":["Strike_R"],"damage_healed":0,"gold_gain":0,"player_choice":"Card Removal","damage_taken":0,"max_hp_gain":0,"max_hp_loss":0,"event_name":"The Cleric","floor":10,"gold_loss":75},{"damage_healed":0,"gold_gain":0,"player_choice":"Copied","damage_taken":0,"max_hp_gain":0,"max_hp_loss":0,"event_name":"Duplicator","floor":19,"gold_loss":0,"cards_obtained":["Feel No Pain"]},{"damage_healed":0,"gold_gain":0,"player_choice":"Obtained Book","damage_taken":21,"max_hp_gain":0,"max_hp_loss":0,"event_name":"Cursed Tome","floor":22,"gold_loss":0},{"damage_healed":0,"gold_gain":0,"player_choice":"Ignored","damage_taken":0,"max_hp_gain":0,"max_hp_loss":0,"event_name":"SecretPortal","floor":37,"gold_loss":0},{"cards_removed":["Disarm"],"damage_healed":0,"gold_gain":0,"player_choice":"Removed Skill","damage_taken":0,"max_hp_gain":0,"max_hp_loss":0,"event_name":"Falling","floor":47,"gold_loss":0}],"is_beta":true,"boss_relics":[{"not_picked":["Empty Cage","Tiny House"],"picked":"Calling Bell"},{"not_picked":["Philosopher\u0027s Stone","Fusion Hammer"],"picked":"Astrolabe"}],"items_purged_floors":[48],"is_endless":false,"potions_floor_spawned":[2,6,8,12,18,20,27,31,38,41],"ascension_level":20}