{"gold_per_floor":[114,129,144,319,319,349,349,364,364,379,379,394,4,19,19,119,119,134,134,149,18,33,63,63,63,63,93,93,108,108],"floor_reached":30,"playtime":2264,"items_purged":[],"score":422,"play_id":"74e74250-6d25-4f22-a80f-3618cd008063","local_time":"20190519213219","daily_mods":["Shiny","Green Cards","Elite Swarm"],"is_ascension_mode":false,"campfire_choices":[{"floor":7,"key":"REST"},{"floor":15,"key":"REST"},{"floor":25,"key":"REST"},{"floor":28,"key":"REST"}],"neow_cost":"","seed_source_timestamp":0,"circlet_count":0,"master_deck":["Venomology","Corpse Explosion","Malaise","Phantasmal Killer","Die Die Die","Adrenaline","Envenom","Doppelganger","Burst","Wraith Form v2","Tools of the Trade","Night Terror","Unload","After Image","Bullet Time","Storm of Steel","Glass Knife","A Thousand Cuts","Grand Finale","Multi-Cast","Hyperbeam","Thunder Strike","Biased Cognition","Machine Learning","Electrodynamics","Buffer","Rainbow","Seek","Meteor Strike","Echo Form","All For One","Reboot","Amplify","Creative AI","Fission","Core Surge","BootSequence","Endless Agony","Hello World","Doubt","Seek","Turbo","Dagger Throw","Sunder","The Bomb","Dark Shackles","Loop","Slice","Prepared","Beam Cell","Bullet Time","Steam Power+1","Melter+1","FTL","Go for the Eyes","Deadly Poison","Coolheaded","Reboot","Writhe","Wraith Form v2","Backstab+1"],"special_seed":18036,"relics":["Cracked Core","Mango","Blue Candle","Lantern","Cursed Key","FaceOfCleric","Bag of Marbles","Dodecahedron","Anchor"],"potions_floor_usage":[2,10,16,27,27,30],"damage_taken":[{"damage":6,"enemies":"Cultist","floor":1,"turns":4},{"damage":0,"enemies":"Small Slimes","floor":2,"turns":4},{"damage":7,"enemies":"Jaw Worm","floor":3,"turns":3},{"damage":49,"enemies":"Gremlin Nob","floor":6,"turns":5},{"damage":0,"enemies":"Red Slaver","floor":8,"turns":2},{"damage":9,"enemies":"Blue Slaver","floor":10,"turns":3},{"damage":0,"enemies":"Exordium Thugs","floor":12,"turns":2},{"damage":2,"enemies":"Gremlin Gang","floor":14,"turns":2},{"damage":0,"enemies":"Slime Boss","floor":16,"turns":6},{"damage":0,"enemies":"Spheric Guardian","floor":18,"turns":3},{"damage":21,"enemies":"Shell Parasite","floor":20,"turns":5},{"damage":30,"enemies":"Snecko","floor":22,"turns":4},{"damage":33,"enemies":"Slavers","floor":23,"turns":4},{"damage":4,"enemies":"Gremlin Leader","floor":27,"turns":5},{"damage":22,"enemies":"Snake Plant","floor":29,"turns":5},{"damage":44,"enemies":"Cultist and Chosen","floor":30,"turns":4}],"seed_played":"1966369025298368100","potions_obtained":[{"floor":1,"key":"Ancient Potion"},{"floor":2,"key":"FearPotion"},{"floor":6,"key":"Energy Potion"},{"floor":10,"key":"FocusPotion"},{"floor":23,"key":"EssenceOfSteel"},{"floor":24,"key":"GamblersBrew"},{"floor":24,"key":"Explosive Potion"},{"floor":29,"key":"Energy Potion"}],"is_trial":false,"path_per_floor":["M","M","M","?","?","E","R","M","T","M","?","M","$","M","R","B",null,"M","?","M","$","M","E","?","R","T","E","R","M","M"],"character_chosen":"DEFECT","items_purchased":["The Bomb","Dark Shackles","Loop","Slice","Prepared","FTL","Go for the Eyes","Deadly Poison"],"campfire_rested":4,"item_purchase_floors":[13,13,13,13,13,21,21,21],"current_hp_per_floor":[69,69,62,62,62,27,53,53,53,44,44,44,44,42,68,68,89,89,89,69,69,40,8,8,35,35,32,59,38,0],"gold":108,"neow_bonus":"","is_prod":false,"is_daily":true,"chose_seed":false,"campfire_upgraded":0,"win_rate":0,"timestamp":1558315939,"path_taken":["M","M","?","?","?","E","R","M","T","?","?","M","$","M","R","BOSS","M","?","M","$","?","E","?","R","T","E","R","M","M"],"build_version":"2019-01-23","purchased_purges":0,"victory":false,"max_hp_per_floor":[75,75,75,75,75,89,89,89,89,89,89,89,89,89,89,89,89,89,89,90,90,91,92,92,92,92,93,93,94,94],"card_choices":[{"not_picked":["Riddle With Holes","Finisher"],"picked":"BootSequence","floor":1},{"not_picked":["Blade Dance","Dagger Throw"],"picked":"Endless Agony","floor":2},{"not_picked":["BootSequence","Skim"],"picked":"Hello World","floor":3},{"not_picked":["Biased Cognition","Phantasmal Killer"],"picked":"Seek","floor":6},{"not_picked":["Barrage","Conserve Battery"],"picked":"Turbo","floor":8},{"not_picked":["Terror","Barrage"],"picked":"Dagger Throw","floor":10},{"not_picked":["Cloak And Dagger","Backflip"],"picked":"Sunder","floor":12},{"not_picked":["Cloak And Dagger","PiercingWail"],"picked":"Beam Cell","floor":14},{"not_picked":["Night Terror","Biased Cognition"],"picked":"Bullet Time","floor":16},{"not_picked":["Bane","Beam Cell"],"picked":"Steam Power+1","floor":18},{"not_picked":["All Out Attack+1","Streamline+1"],"picked":"Melter+1","floor":20},{"not_picked":["Blade Dance+1","Streamline+1"],"picked":"Coolheaded","floor":22},{"not_picked":["Thunder Strike","Fission"],"picked":"Reboot","floor":23},{"not_picked":["Night Terror","Meteor Strike"],"picked":"Wraith Form v2","floor":27},{"not_picked":["Bane+1","Leap"],"picked":"Backstab+1","floor":29}],"player_experience":689261,"relics_obtained":[{"floor":6,"key":"Mango"},{"floor":9,"key":"Blue Candle"},{"floor":23,"key":"Bag of Marbles"},{"floor":26,"key":"Dodecahedron"},{"floor":27,"key":"Anchor"}],"event_choices":[{"damage_healed":0,"gold_gain":175,"player_choice":"AGREE","damage_taken":0,"max_hp_gain":0,"max_hp_loss":0,"event_name":"Liars Game","floor":4,"gold_loss":0,"cards_obtained":["Doubt"]},{"damage_healed":0,"gold_gain":0,"player_choice":"Bought 0 Potions","damage_taken":0,"max_hp_gain":0,"max_hp_loss":0,"event_name":"The Woman in Blue","floor":5,"gold_loss":0},{"damage_healed":0,"gold_gain":0,"player_choice":"Gave Potion","damage_taken":0,"relics_obtained":["Lantern"],"max_hp_gain":0,"max_hp_loss":0,"event_name":"WeMeetAgain","floor":11,"gold_loss":0},{"damage_healed":0,"gold_gain":0,"player_choice":"Trade","damage_taken":0,"relics_obtained":["FaceOfCleric"],"max_hp_gain":0,"max_hp_loss":0,"event_name":"FaceTrader","floor":19,"gold_loss":0},{"damage_healed":0,"gold_gain":0,"player_choice":"Got Potions","damage_taken":0,"max_hp_gain":0,"max_hp_loss":0,"event_name":"Lab","floor":24,"gold_loss":0}],"is_beta":false,"boss_relics":[{"not_picked":["Philosopher\u0027s Stone","White Beast Statue"],"picked":"Cursed Key"}],"items_purged_floors":[],"is_endless":false,"potions_floor_spawned":[1,2,6,10,23,29],"killed_by":"Cultist and Chosen","ascension_level":0}