{"gold_per_floor":[112,287,287,34,50,80,80,112,136,7,25,44,63,81,81,180,180,193,0,15,29,29,29,29,29,29,41,52,3,36,36,36,141,141,155,170,170,188,43,43,63,63,63,63,74,74,74,74,74,74],"floor_reached":51,"playtime":3925,"items_purged":["Doubt","Normality"],"score":677,"play_id":"e44a0032-9965-47e0-9603-563621a8fc40","local_time":"20190924173048","is_ascension_mode":false,"campfire_choices":[{"data":"Infinite Blades","floor":7,"key":"SMITH"},{"floor":15,"key":"REST"},{"floor":23,"key":"REST"},{"data":"Tools of the Trade","floor":25,"key":"SMITH"},{"floor":32,"key":"REST"},{"floor":40,"key":"REST"},{"data":"Terror","floor":42,"key":"SMITH"},{"data":"Underhanded Strike","floor":44,"key":"SMITH"},{"data":"Tools of the Trade","floor":46,"key":"SMITH"},{"floor":49,"key":"REST"}],"neow_cost":"NONE","seed_source_timestamp":208957798164800,"circlet_count":0,"master_deck":["Strike_G","Strike_G","Strike_G","Defend_G","Defend_G","Defend_G","Defend_G","Defend_G","Survivor","Neutralize","Underhanded Strike+1","Deflect","Infinite Blades+1","Acrobatics","Acrobatics","Dagger Throw+1","Prepared","Terror+1","Underhanded Strike+1","Tools of the Trade+1","Tools of the Trade+1","Prepared+1","Mind Blast+1","Blur","Endless Agony+1","J.A.X.","Backstab+1","Infinite Blades+1","Flying Knee+1","Dash+1","Corpse Explosion","Dash+1","Finisher+1","Parasite","Slice+1","Slice+1","Mind Blast+1"],"relics":["Ring of the Snake","NeowsBlessing","Molten Egg 2","Bag of Preparation","Vajra","Lantern","Calling Bell","Darkstone Periapt","StoneCalendar","Bag of Marbles","Mercury Hourglass","Tough Bandages","Empty Cage","Boot","Oddly Smooth Stone"],"potions_floor_usage":[8,21,33,33,33,37,50,50],"damage_taken":[{"damage":0,"enemies":"Jaw Worm","floor":1,"turns":1},{"damage":0,"enemies":"Small Slimes","floor":5,"turns":1},{"damage":0,"enemies":"Gremlin Nob","floor":6,"turns":1},{"damage":27,"enemies":"3 Sentries","floor":8,"turns":10},{"damage":0,"enemies":"Cultist","floor":11,"turns":2},{"damage":13,"enemies":"Gremlin Gang","floor":12,"turns":4},{"damage":2,"enemies":"3 Louse","floor":13,"turns":3},{"damage":0,"enemies":"Large Slime","floor":14,"turns":4},{"damage":3,"enemies":"Slime Boss","floor":16,"turns":7},{"damage":3,"enemies":"Shell Parasite","floor":18,"turns":4},{"damage":25,"enemies":"3 Byrds","floor":20,"turns":5},{"damage":4,"enemies":"Snake Plant","floor":21,"turns":3},{"damage":3,"enemies":"Sentry and Sphere","floor":27,"turns":3},{"damage":3,"enemies":"Centurion and Healer","floor":28,"turns":3},{"damage":28,"enemies":"Book of Stabbing","floor":30,"turns":3},{"damage":22,"enemies":"Champ","floor":33,"turns":7},{"damage":17,"enemies":"3 Shapes","floor":35,"turns":2},{"damage":1,"enemies":"Orb Walker","floor":36,"turns":2},{"damage":3,"enemies":"Transient","floor":38,"turns":5},{"damage":8,"enemies":"Writhing Mass","floor":41,"turns":4},{"damage":6,"enemies":"Maw","floor":45,"turns":5},{"damage":116,"enemies":"Awakened One","floor":50,"turns":9}],"seed_played":"-8571358138077327310","potions_obtained":[{"floor":1,"key":"SkillPotion"},{"floor":11,"key":"SkillPotion"},{"floor":12,"key":"SpeedPotion"},{"floor":14,"key":"Ancient Potion"},{"floor":21,"key":"SkillPotion"},{"floor":30,"key":"AttackPotion"},{"floor":35,"key":"Strength Potion"},{"floor":36,"key":"Block Potion"},{"floor":37,"key":"Fruit Juice"},{"floor":37,"key":"FairyPotion"}],"is_trial":false,"path_per_floor":["M","?","?","$","M","E","R","E","T","$","M","M","M","M","R","B",null,"M","$","M","M","?","R","?","R","T","M","M","$","E","$","R","B",null,"M","M","?","M","$","R","M","R","T","R","M","R","?","?","R","B",null],"character_chosen":"THE_SILENT","items_purchased":["Molten Egg 2","Dagger Throw+1","Mind Blast+1","Flying Knee+1","Boot"],"campfire_rested":5,"item_purchase_floors":[4,10,19,29,39],"current_hp_per_floor":[70,70,70,70,70,70,70,43,43,43,43,30,28,28,49,46,70,67,67,42,38,38,59,59,59,59,56,53,53,25,25,46,24,70,53,52,57,54,54,75,73,73,73,73,67,67,67,67,81,2],"gold":74,"neow_bonus":"THREE_ENEMY_KILL","is_prod":false,"is_daily":false,"chose_seed":false,"campfire_upgraded":5,"win_rate":0.0,"timestamp":1569339048,"path_taken":["M","?","?","$","M","E","R","E","T","$","M","?","M","M","R","BOSS","M","$","M","?","?","R","?","R","T","M","M","$","E","?","R","BOSS","M","M","?","M","?","R","M","R","T","R","?","R","?","?","R","BOSS"],"build_version":"2019-07-17","purchased_purges":2,"victory":true,"max_hp_per_floor":[70,70,70,70,70,70,70,70,70,70,70,70,70,70,70,70,70,70,70,70,70,70,70,70,70,70,70,70,70,70,70,70,70,70,70,70,75,75,75,75,81,81,81,81,81,81,81,81,81,81],"card_choices":[{"not_picked":["Tactician","Catalyst"],"picked":"Underhanded Strike","floor":1},{"not_picked":["Riddle With Holes+1","Flechettes+1"],"picked":"Infinite Blades","floor":5},{"not_picked":["Escape Plan","Bouncing Flask"],"picked":"Acrobatics","floor":6},{"not_picked":["Sucker Punch+1","Dagger Spray+1"],"picked":"Acrobatics","floor":8},{"not_picked":["Acrobatics","Tactician"],"picked":"Prepared","floor":11},{"not_picked":["Noxious Fumes","Bane+1"],"picked":"Terror","floor":12},{"not_picked":["Catalyst","Deadly Poison"],"picked":"Underhanded Strike+1","floor":13},{"not_picked":["Noxious Fumes","Backflip"],"picked":"Tools of the Trade","floor":14},{"not_picked":["Night Terror","Adrenaline"],"picked":"Tools of the Trade","floor":16},{"not_picked":["Skewer+1","Deflect+1"],"picked":"Prepared+1","floor":18},{"not_picked":["Finisher+1","Leg Sweep+1"],"picked":"Blur","floor":20},{"not_picked":["Terror","Slice+1"],"picked":"Endless Agony+1","floor":21},{"not_picked":["Prepared","Sucker Punch+1"],"picked":"Backstab+1","floor":27},{"not_picked":["PiercingWail","Deadly Poison"],"picked":"Infinite Blades+1","floor":28},{"not_picked":["Prepared+1","Dagger Spray+1"],"picked":"Dash+1","floor":30},{"not_picked":["Unload+1","A Thousand Cuts"],"picked":"Corpse Explosion","floor":33},{"not_picked":["Bane+1","Slice+1"],"picked":"Dash+1","floor":35},{"not_picked":["Noxious Fumes+1","PiercingWail"],"picked":"Finisher+1","floor":36},{"not_picked":["Sucker Punch+1","Heel Hook+1","Dagger Spray+1"],"picked":"SKIP","floor":38},{"not_picked":["Noxious Fumes+1","Expertise+1"],"picked":"Slice+1","floor":41},{"not_picked":["Dagger Throw+1","Distraction"],"picked":"Slice+1","floor":45},{"not_picked":["Purity","Blind"],"picked":"Mind Blast+1","floor":47}],"player_experience":42356,"relics_obtained":[{"floor":6,"key":"Bag of Preparation"},{"floor":8,"key":"Vajra"},{"floor":9,"key":"Lantern"},{"floor":17,"key":"Darkstone Periapt"},{"floor":17,"key":"StoneCalendar"},{"floor":17,"key":"Bag of Marbles"},{"floor":26,"key":"Mercury Hourglass"},{"floor":30,"key":"Tough Bandages"},{"floor":43,"key":"Oddly Smooth Stone"}],"event_choices":[{"damage_healed":0,"gold_gain":175,"player_choice":"AGREE","damage_taken":0,"max_hp_gain":0,"max_hp_loss":0,"event_name":"Liars Game","floor":2,"gold_loss":0,"cards_obtained":["Doubt"]},{"damage_healed":0,"gold_gain":0,"cards_transformed":["Strike_G"],"player_choice":"Transformed","damage_taken":0,"max_hp_gain":0,"max_hp_loss":0,"event_name":"Transmorgrifier","floor":3,"gold_loss":0,"cards_obtained":["Deflect"]},{"damage_healed":0,"gold_gain":0,"player_choice":"Ignored","damage_taken":0,"max_hp_gain":0,"max_hp_loss":0,"event_name":"Vampires","floor":22,"gold_loss":0},{"damage_healed":0,"gold_gain":0,"player_choice":"Obtain J.A.X.","damage_taken":0,"max_hp_gain":0,"max_hp_loss":0,"event_name":"Drug Dealer","floor":24,"gold_loss":0,"cards_obtained":["J.A.X."]},{"damage_healed":0,"gold_gain":0,"player_choice":"Got Potions","damage_taken":0,"max_hp_gain":0,"max_hp_loss":0,"event_name":"Lab","floor":37,"gold_loss":0},{"damage_healed":0,"gold_gain":0,"player_choice":"Memory 1","damage_taken":0,"max_hp_gain":0,"max_hp_loss":0,"event_name":"SensoryStone","floor":47,"gold_loss":0},{"cards_removed":["Strike_G"],"damage_healed":0,"gold_gain":0,"player_choice":"Purged","damage_taken":0,"max_hp_gain":0,"max_hp_loss":0,"event_name":"Purifier","floor":48,"gold_loss":0}],"is_beta":false,"boss_relics":[{"not_picked":["Eternal Feather","HoveringKite"],"picked":"Calling Bell"},{"not_picked":["Orrery","Philosopher\u0027s Stone"],"picked":"Empty Cage"}],"items_purged_floors":[10,19],"is_endless":false,"potions_floor_spawned":[1,11,12,14,20,21,30,35,36,45],"ascension_level":0}