{"path_per_floor":["M","M","?","$","M","R","E","R","T","M","?","M","R","$","R","B",null,"M","M","M","?"],"character_chosen":"DEFECT","items_purchased":["Defragment","Leap","Beam Cell","Gash","Conserve Battery"],"gold_per_floor":[109,122,122,21,41,41,68,68,94,113,113,132,132,11,11,108,108,118,135,155,155,155],"floor_reached":22,"campfire_rested":2,"playtime":4840,"item_purchase_floors":[4,4,14,14,14],"current_hp_per_floor":[69,64,64,64,64,64,60,60,60,45,20,13,37,37,61,22,82,67,49,8,8,0],"items_purged":[],"gold":155,"score":186,"play_id":"4e295ba6-d738-4d90-9a21-4220bcb46b8e","local_time":"20180603161052","is_prod":false,"is_daily":false,"chose_seed":false,"is_ascension_mode":false,"campfire_upgraded":2,"win_rate":0.0,"timestamp":1528056652,"campfire_choices":[{"data":"Chaos","floor":6,"key":"SMITH"},{"data":"Storm","floor":8,"key":"SMITH"},{"floor":13,"key":"REST"},{"floor":15,"key":"REST"}],"path_taken":["M","M","?","$","?","R","E","R","T","M","?","M","R","$","R","BOSS","M","?","M","?","M"],"build_version":"2018-05-31","seed_source_timestamp":643842767322,"purchased_purges":0,"victory":false,"master_deck":["Strike_B","Strike_B","Strike_B","Strike_B","Defend_B","Defend_B","Defend_B","Zap+1","Dualcast","Static Discharge","Gash","Fusion","Defragment","Leap","Chaos+1","Storm+1","Auto Shields","Heatsinks","Beam Cell","Gash","Conserve Battery","Rainbow","Sweeping Beam+1","Coolheaded","Streamline+1"],"max_hp_per_floor":[75,75,75,75,75,75,82,82,82,82,82,82,82,82,82,82,82,82,82,82,82,82],"relics":["Cracked Core","Strawberry","Vajra","Blue Candle","Inserter"],"card_choices":[{"not_picked":["Loop","Lockon"],"picked":"Static Discharge","floor":1},{"not_picked":["Leap","Undo"],"picked":"Gash","floor":2},{"not_picked":["Go for the Eyes","Streamline"],"picked":"Chaos","floor":5},{"not_picked":["Aggregate","Rebound"],"picked":"Storm","floor":7},{"not_picked":["Gash","Redo"],"picked":"Auto Shields","floor":10},{"not_picked":["Beam Cell","Conserve Battery"],"picked":"Heatsinks","floor":12},{"not_picked":["Thunder Strike","Buffer"],"picked":"Rainbow","floor":16},{"not_picked":["Leap","Streamline"],"picked":"Sweeping Beam+1","floor":18},{"not_picked":["Hologram+1","Rebound"],"picked":"Coolheaded","floor":19},{"not_picked":["Coolheaded","Beam Cell+1"],"picked":"Streamline+1","floor":20}],"player_experience":155474,"potions_floor_usage":[16,16,18,22,22],"damage_taken":[{"damage":6,"enemies":"Jaw Worm","floor":1,"turns":3},{"damage":5,"enemies":"Small Slimes","floor":2,"turns":3},{"damage":0,"enemies":"Cultist","floor":5,"turns":3},{"damage":11,"enemies":"3 Sentries","floor":7,"turns":6},{"damage":15,"enemies":"Looter","floor":10,"turns":3},{"damage":7,"enemies":"Large Slime","floor":12,"turns":4},{"damage":39,"enemies":"Hexaghost","floor":16,"turns":7},{"damage":15,"enemies":"3 Byrds","floor":18,"turns":3},{"damage":18,"enemies":"Spheric Guardian","floor":19,"turns":4},{"damage":41,"enemies":"Chosen and Byrds","floor":20,"turns":7},{"damage":9,"enemies":"Snake Plant","floor":22,"turns":2}],"relics_obtained":[{"floor":7,"key":"Strawberry"},{"floor":9,"key":"Vajra"}],"event_choices":[{"event_name":"Living Wall","player_choice":"Change","floor":3,"damage_taken":0},{"event_name":"Scrap Ooze","player_choice":"success","floor":11,"damage_taken":25},{"event_name":"Ghosts","player_choice":"Ignored","floor":21,"damage_taken":0}],"boss_relics":[{"not_picked":["White Beast Statue","Black Star"],"picked":"Inserter"}],"items_purged_floors":[],"potions_floor_spawned":[1,2,5,16,18],"seed_played":"6254615906455173952","killed_by":"Snake Plant","ascension_level":0,"potions_obtained":[{"floor":1,"key":"Energy Potion"},{"floor":2,"key":"SteroidPotion"},{"floor":5,"key":"FearPotion"},{"floor":16,"key":"SkillPotion"},{"floor":18,"key":"Explosive Potion"}],"is_trial":false}