{"gold_per_floor":[109,109,125,136,154,182,193,193,216,216,216,216,232,257,257,347,347,320,320,199,212,212,237,237,262,288,142,167,192,192,192,192,287,287,305,638,638,10,30,30,62,0,0,0,15,42,42,52,52,52],"floor_reached":51,"playtime":5436,"items_purged":["Strike_B","Strike_B","Defend_B"],"score":1245,"play_id":"d154de06-5beb-41be-9a08-417c23c7f1f3","local_time":"20190924033956","is_ascension_mode":true,"campfire_choices":[{"data":"Reinforced Body","floor":8.0,"key":"SMITH"},{"data":"Go for the Eyes","floor":10.0,"key":"SMITH"},{"data":"Self Repair","floor":12.0,"key":"SMITH"},{"data":"Skim","floor":15.0,"key":"SMITH"},{"data":"Steam","floor":24.0,"key":"SMITH"},{"data":"Reinforced Body","floor":32.0,"key":"SMITH"},{"data":"Impatience","floor":40.0,"key":"SMITH"},{"data":"Beam Cell","floor":44.0,"key":"SMITH"},{"data":"Hologram","floor":49.0,"key":"SMITH"}],"neow_cost":"NONE","seed_source_timestamp":1307784638494716,"circlet_count":0,"master_deck":["AscendersBane","Defend_B","Zap","Dualcast","Reinforced Body+1","Ball Lightning","Skim+1","Gash","Go for the Eyes+1","Self Repair+1","Gash","Steam+1","Beam Cell+1","Gash","Reinforced Body+1","Sunder","Redo","Impatience+1","Gash","Hologram+1","Loop","Loop"],"special_seed":0,"relics":["Coffee Dripper","Du-Vu Doll","Lantern","Nuclear Battery","Dream Catcher","Ice Cream","Inserter","Symbiotic Virus","Cables","Boot","Red Mask","Question Card","Regal Pillow","Bronze Scales"],"potions_floor_usage":[50],"damage_taken":[{"damage":0.0,"enemies":"Small Slimes","floor":1.0,"turns":3.0},{"damage":0.0,"enemies":"Cultist","floor":3.0,"turns":4.0},{"damage":6.0,"enemies":"Jaw Worm","floor":4.0,"turns":4.0},{"damage":4.0,"enemies":"Large Slime","floor":5.0,"turns":5.0},{"damage":35.0,"enemies":"3 Sentries","floor":6.0,"turns":7.0},{"damage":2.0,"enemies":"2 Fungi Beasts","floor":7.0,"turns":3.0},{"damage":2.0,"enemies":"Exordium Wildlife","floor":13.0,"turns":3.0},{"damage":7.0,"enemies":"Exordium Thugs","floor":14.0,"turns":5.0},{"damage":13.0,"enemies":"The Guardian","floor":16.0,"turns":11.0},{"damage":10.0,"enemies":"2 Thieves","floor":18.0,"turns":5.0},{"damage":0.0,"enemies":"Chosen","floor":21.0,"turns":4.0},{"damage":13.0,"enemies":"Snake Plant","floor":23.0,"turns":5.0},{"damage":3.0,"enemies":"Cultist and Chosen","floor":25.0,"turns":8.0},{"damage":40.0,"enemies":"Sentry and Sphere","floor":28.0,"turns":6.0},{"damage":5.0,"enemies":"Shelled Parasite and Fungi","floor":29.0,"turns":7.0},{"damage":34.0,"enemies":"Champ","floor":33.0,"turns":10.0},{"damage":0.0,"enemies":"3 Darklings","floor":35.0,"turns":7.0},{"damage":0.0,"enemies":"3 Shapes","floor":39.0,"turns":4.0},{"damage":25.0,"enemies":"Giant Head","floor":41.0,"turns":8.0},{"damage":8.0,"enemies":"Writhing Mass","floor":45.0,"turns":5.0},{"damage":26.0,"enemies":"Nemesis","floor":46.0,"turns":5.0},{"damage":0.0,"enemies":"Transient","floor":48.0,"turns":5.0},{"damage":36,"enemies":"Time Eater","floor":50,"turns":7}],"seed_played":"-2797642800616447034","potions_obtained":[{"floor":1.0,"key":"Ancient Potion"},{"floor":4.0,"key":"EssenceOfSteel"},{"floor":6.0,"key":"Swift Potion"},{"floor":14.0,"key":"FearPotion"},{"floor":16.0,"key":"PowerPotion"},{"floor":21.0,"key":"Poison Potion"},{"floor":23.0,"key":"Regen Potion"},{"floor":29.0,"key":"Ancient Potion"},{"floor":33.0,"key":"LiquidBronze"},{"floor":45.0,"key":"Fire Potion"},{"floor":46.0,"key":"Strength Potion"},{"floor":48.0,"key":"SpeedPotion"}],"is_trial":false,"path_per_floor":["M","?","M","M","M","E","M","R","T","R","?","R","M","M","R","B",null,"M","?","$","M","?","M","R","M","T","$","M","M","T","?","R","B",null,"M","?","?","$","M","R","E","?","T","R","M","E","T","M","R","B",null],"character_chosen":"DEFECT","items_purchased":["Gash","Gash","Symbiotic Virus","Cables"],"campfire_rested":0,"item_purchase_floors":[20,27,38,38],"current_hp_per_floor":[64,64,64,58,54,19,17,17,17,17,17,17,25,28,28,25,56,56,56,56,66,66,63,63,66,66,66,36,56,56,56,56,32,58,66,66,66,66,66,66,51,51,51,51,53,37,37,47,47,11],"gold":52,"neow_bonus":"BOSS_RELIC","is_prod":false,"is_daily":false,"chose_seed":false,"campfire_upgraded":9,"win_rate":0,"timestamp":1569310796,"path_taken":["M","?","M","?","M","E","M","R","T","R","?","R","M","M","R","BOSS","M","?","$","M","?","M","R","?","T","?","M","?","?","?","R","BOSS","M","?","?","$","M","R","E","?","T","R","?","E","?","M","R","BOSS"],"build_version":"2019-07-17","purchased_purges":3,"victory":true,"max_hp_per_floor":[71,71,71,71,71,71,71,71,71,71,66,66,66,66,66,66,66,66,66,66,66,66,66,66,66,66,66,66,66,66,66,66,66,66,66,66,66,66,66,66,66,66,66,66,66,66,66,66,66,66],"card_choices":[{"not_picked":["Leap","Sweeping Beam"],"picked":"Reinforced Body","floor":1.0},{"not_picked":["Force Field","Stack"],"picked":"Ball Lightning","floor":3.0},{"not_picked":["Conserve Battery","Ball Lightning"],"picked":"Skim","floor":4.0},{"not_picked":["Reinforced Body","Steam Power"],"picked":"Gash","floor":5.0},{"not_picked":["Defragment","Rebound"],"picked":"Go for the Eyes","floor":6.0},{"not_picked":["Redo","Steam"],"picked":"Self Repair","floor":7.0},{"not_picked":["Stack","Undo","Loop"],"picked":"SKIP","floor":13.0},{"not_picked":["Barrage","Rebound","Redo"],"picked":"SKIP","floor":14.0},{"not_picked":["Melter","Reinforced Body","Blizzard+1"],"picked":"SKIP","floor":18.0},{"not_picked":["Conserve Battery","Stack"],"picked":"Steam","floor":21.0},{"not_picked":["Lockon","Double Energy","Reprogram+1"],"picked":"SKIP","floor":23.0},{"not_picked":["Sunder","Ball Lightning"],"picked":"Beam Cell","floor":25.0},{"not_picked":["Fusion","Cold Snap"],"picked":"Reinforced Body","floor":28.0},{"not_picked":["Fusion","Stack","Ball Lightning"],"picked":"SKIP","floor":29.0},{"not_picked":["Fusion","Stack","Ball Lightning"],"picked":"SKIP","floor":29.0},{"not_picked":["Coolheaded","Fusion+1","Rip and Tear"],"picked":"SKIP","floor":35.0},{"not_picked":["Transmutation","Mind Blast"],"picked":"Impatience","floor":37.0},{"not_picked":["Glacier","Hello World","Ball Lightning"],"picked":"SKIP","floor":39.0},{"not_picked":["Beam Cell","Reinforced Body"],"picked":"Gash","floor":41.0},{"not_picked":["Aggregate","Stack","Double Energy"],"picked":"Hologram","floor":45.0},{"not_picked":["Ball Lightning","Lockon","Storm"],"picked":"Loop","floor":46.0},{"not_picked":["Blizzard","Sweeping Beam+1","Ball Lightning+1"],"picked":"Loop","floor":48.0}],"player_experience":369603,"relics_obtained":[{"floor":6.0,"key":"Du-Vu Doll"},{"floor":9.0,"key":"Lantern"},{"floor":26.0,"key":"Dream Catcher"},{"floor":30.0,"key":"Ice Cream"},{"floor":41.0,"key":"Boot"},{"floor":43.0,"key":"Question Card"},{"floor":46.0,"key":"Regal Pillow"},{"floor":47.0,"key":"Bronze Scales"}],"event_choices":[{"cards_removed":["Strike_B"],"damage_healed":0.0,"max_hp_gain":0.0,"max_hp_loss":0.0,"gold_gain":0.0,"event_name":"Wheel of Change","player_choice":"Card Removal","floor":2.0,"gold_loss":0.0,"damage_taken":0.0},{"damage_healed":0.0,"max_hp_gain":0.0,"max_hp_loss":5.0,"gold_gain":0.0,"event_name":"Golden Idol","player_choice":"Lose Max HP","floor":11.0,"gold_loss":0.0,"damage_taken":0.0,"relics_obtained":["Golden Idol"]},{"cards_removed":["Defend_B"],"damage_healed":0.0,"max_hp_gain":0.0,"max_hp_loss":0.0,"gold_gain":0.0,"event_name":"Back to Basics","player_choice":"Elegance","floor":19.0,"gold_loss":0.0,"damage_taken":0.0},{"damage_healed":0.0,"max_hp_gain":0.0,"max_hp_loss":0.0,"gold_gain":0.0,"event_name":"Ghosts","player_choice":"Ignored","floor":22.0,"gold_loss":0.0,"damage_taken":0.0},{"damage_healed":0.0,"max_hp_gain":0.0,"max_hp_loss":0.0,"gold_gain":0.0,"cards_transformed":["Strike_B","Defend_B"],"event_name":"Drug Dealer","player_choice":"Became Test Subject","floor":31.0,"gold_loss":0.0,"damage_taken":0.0,"cards_obtained":["Sunder","Redo"]},{"damage_healed":0.0,"max_hp_gain":0.0,"max_hp_loss":0.0,"gold_gain":333.0,"event_name":"The Moai Head","player_choice":"Gave Idol","floor":36.0,"relics_lost":["Golden Idol"],"gold_loss":0.0,"damage_taken":0.0},{"damage_healed":0.0,"max_hp_gain":0.0,"max_hp_loss":0.0,"gold_gain":0.0,"event_name":"SensoryStone","player_choice":"Memory 1","floor":37.0,"gold_loss":0.0,"damage_taken":0.0},{"damage_healed":0.0,"max_hp_gain":0.0,"max_hp_loss":0.0,"gold_gain":0.0,"event_name":"Tomb of Lord Red Mask","player_choice":"Paid","floor":42.0,"gold_loss":62.0,"damage_taken":0.0,"relics_obtained":["Red Mask"]}],"is_beta":false,"boss_relics":[{"not_picked":["Runic Pyramid","Busted Crown"],"picked":"Nuclear Battery"},{"not_picked":["Lizard Tail","Philosopher\u0027s Stone"],"picked":"Inserter"}],"items_purged_floors":[20,27,38],"is_endless":false,"potions_floor_spawned":[1,4,6,14,16,21,23,29,33,45,46,48],"ascension_level":14}