{"gold_per_floor":[114,9,9,9,29,59,78,111,111,141,45,60,60,78,78,177,177,200,31,54,54,68,0,19,19,94,106],"floor_reached":27,"playtime":806,"items_purged":[],"score":516,"play_id":"f67f8017-46c1-438f-98c6-e11116629ecf","local_time":"20190922122549","is_ascension_mode":true,"campfire_choices":[{"data":"Limit Break","floor":15.0,"key":"SMITH"},{"data":"Corruption","floor":25,"key":"SMITH"}],"neow_cost":"NONE","seed_source_timestamp":475476107440300,"circlet_count":0,"master_deck":["AscendersBane","Strike_R","Strike_R","Strike_R","Defend_R","Defend_R","Defend_R","Defend_R","Bash","True Grit","Flash of Steel","Disarm","Spot Weakness","Sword Boomerang","Second Wind","Purity","Limit Break+1","Flame Barrier","Fiend Fire","Corruption+1","True Grit","Reaper"],"special_seed":0,"relics":["Burning Blood","NeowsBlessing","PreservedInsect","Centennial Puzzle","Dodecahedron","Matryoshka","Incense Burner","Golden Idol","Empty Cage","Happy Flower","MawBank","Toxic Egg 2"],"potions_floor_usage":[22],"damage_taken":[{"damage":0.0,"enemies":"2 Louse","floor":1.0,"turns":1.0},{"damage":0.0,"enemies":"Jaw Worm","floor":5.0,"turns":1.0},{"damage":0.0,"enemies":"Gremlin Nob","floor":6.0,"turns":1.0},{"damage":15.0,"enemies":"Small Slimes","floor":7.0,"turns":4.0},{"damage":33.0,"enemies":"3 Sentries","floor":8.0,"turns":9.0},{"damage":16.0,"enemies":"Lagavulin","floor":10.0,"turns":6.0},{"damage":12.0,"enemies":"3 Louse","floor":12.0,"turns":3.0},{"damage":6.0,"enemies":"Large Slime","floor":14.0,"turns":5.0},{"damage":13.0,"enemies":"Hexaghost","floor":16.0,"turns":9.0},{"damage":7.0,"enemies":"Spheric Guardian","floor":18.0,"turns":4.0},{"damage":14.0,"enemies":"Shell Parasite","floor":20.0,"turns":6.0},{"damage":30,"enemies":"3 Cultists","floor":22,"turns":6},{"damage":27,"enemies":"Snecko","floor":24,"turns":7},{"damage":43,"enemies":"Sentry and Sphere","floor":27,"turns":6}],"seed_played":"-2885348106029596498","potions_obtained":[{"floor":8.0,"key":"Explosive Potion"},{"floor":12.0,"key":"Block Potion"},{"floor":18.0,"key":"Strength Potion"},{"floor":22,"key":"FairyPotion"}],"is_trial":false,"path_per_floor":["M","$","?","T","M","E","M","E","T","E","$","M","?","M","R","B",null,"M","$","M","?","M","?","M","R","T","M"],"character_chosen":"IRONCLAD","items_purchased":["Flash of Steel","Purity","Happy Flower"],"campfire_rested":0,"item_purchase_floors":[2,11,19],"current_hp_per_floor":[74,74,74,74,75,75,66,39,39,29,29,23,23,23,23,16,55,54,54,46,46,22,22,48,48,48,5],"gold":106,"neow_bonus":"THREE_ENEMY_KILL","is_prod":false,"is_daily":false,"chose_seed":false,"campfire_upgraded":2,"win_rate":0,"timestamp":1569180349,"path_taken":["M","$","?","?","M","E","?","E","T","E","$","M","?","M","R","BOSS","M","$","M","?","M","?","M","R","T","M"],"build_version":"2019-09-20","purchased_purges":0,"victory":false,"max_hp_per_floor":[75,75,75,75,75,75,75,75,75,75,75,75,68,68,68,68,68,68,68,68,68,68,68,68,68,68,68],"card_choices":[{"not_picked":["Warcry","Burning Pact"],"picked":"True Grit","floor":1.0},{"not_picked":["Infernal Blade","Flex"],"picked":"Disarm","floor":5.0},{"not_picked":["Clash","Wild Strike"],"picked":"Spot Weakness","floor":6.0},{"not_picked":["Havoc","Cleave"],"picked":"Sword Boomerang","floor":7.0},{"not_picked":["Entrench","Twin Strike","Clash"],"picked":"SKIP","floor":8.0},{"not_picked":["Clash","Thunderclap"],"picked":"Second Wind","floor":10.0},{"not_picked":["Twin Strike","Blood for Blood"],"picked":"Limit Break","floor":12.0},{"not_picked":["Heavy Blade","Warcry"],"picked":"Flame Barrier","floor":14.0},{"not_picked":["Juggernaut","Reaper"],"picked":"Fiend Fire","floor":16.0},{"not_picked":["Clash","Headbutt","Perfected Strike"],"picked":"SKIP","floor":18.0},{"not_picked":["Ghostly Armor","Entrench"],"picked":"Corruption","floor":20.0},{"not_picked":["Body Slam","Clash"],"picked":"Reaper","floor":22},{"not_picked":["Heavy Blade","Dual Wield","Flex"],"picked":"SKIP","floor":24}],"player_experience":961095,"relics_obtained":[{"floor":4.0,"key":"PreservedInsect"},{"floor":6.0,"key":"Centennial Puzzle"},{"floor":8.0,"key":"Dodecahedron"},{"floor":9.0,"key":"Matryoshka"},{"floor":10.0,"key":"Incense Burner"},{"floor":26,"key":"MawBank"},{"floor":26,"key":"Toxic Egg 2"}],"event_choices":[{"damage_healed":0.0,"max_hp_gain":0.0,"max_hp_loss":0.0,"gold_gain":0.0,"event_name":"Liars Game","player_choice":"Ignored","floor":3.0,"gold_loss":0.0,"damage_taken":0.0},{"damage_healed":0.0,"max_hp_gain":0.0,"max_hp_loss":7.0,"gold_gain":0.0,"event_name":"Golden Idol","player_choice":"Lose Max HP","floor":13.0,"gold_loss":0.0,"damage_taken":0.0,"relics_obtained":["Golden Idol"]},{"damage_healed":0.0,"max_hp_gain":0.0,"max_hp_loss":0.0,"gold_gain":0.0,"event_name":"The Library","player_choice":"Read","floor":21.0,"gold_loss":0.0,"damage_taken":0.0,"cards_obtained":["True Grit"]},{"damage_healed":0,"gold_gain":0,"player_choice":"Paid Fearfully","damage_taken":0,"max_hp_gain":0,"max_hp_loss":0,"event_name":"Masked Bandits","floor":23,"gold_loss":68}],"is_beta":true,"boss_relics":[{"not_picked":["Calling Bell","Black Blood"],"picked":"Empty Cage"}],"items_purged_floors":[],"is_endless":false,"potions_floor_spawned":[8,12,16,18,20,22],"killed_by":"Sentry and Sphere","ascension_level":20}