{"path_per_floor":["M","$","?","M","$","E","$","R","T","R","?","T","M","M","R","B",null,"M","$","M","?","$","E","R","?","T","M","?","R","?","M","R"],"character_chosen":"THE_SILENT","items_purchased":["Flash of Steel","Footwork","Good Instincts","Quick Slash","Acrobatics","Dagger Throw","Deadly Poison","Noxious Fumes"],"gold_per_floor":[114,13,188,203,2,32,7,7,7,7,7,7,22,37,37,137,137,122,44,59,59,24,54,54,54,54,69,69,69,69,84,84,84],"floor_reached":33,"campfire_rested":0,"playtime":3181,"item_purchase_floors":[2,5,5,5,7,19,19,22],"current_hp_per_floor":[68,67,66,65,64,47,47,47,47,47,47,47,47,43,43,37,52,31,31,19,19,19,18,44,44,43,28,22,45,29,25,42,0],"items_purged":[],"gold":84,"score":336,"play_id":"10d88f5c-d093-4f91-8da0-4fe9d98fb7df","local_time":"20180530211649","daily_mods":["Insanity","Time Dilation","Terminal"],"is_prod":false,"is_daily":true,"chose_seed":false,"is_ascension_mode":false,"campfire_upgraded":6,"win_rate":0,"timestamp":1527729409,"campfire_choices":[{"data":"Blur","floor":8,"key":"SMITH"},{"data":"Well Laid Plans","floor":10,"key":"SMITH"},{"data":"Infinite Blades","floor":15,"key":"SMITH"},{"data":"Blur","floor":24,"key":"SMITH"},{"data":"Concentrate","floor":29,"key":"SMITH"},{"data":"Tools of the Trade","floor":32,"key":"SMITH"}],"path_taken":["M","$","?","M","$","E","$","R","T","R","?","?","M","M","R","BOSS","M","$","M","?","$","E","R","?","T","?","?","R","?","M","R","BOSS"],"build_version":"2018-05-24","seed_source_timestamp":16705262511761,"purchased_purges":0,"victory":false,"master_deck":["Burst","Heel Hook","Tools of the Trade","Well Laid Plans+1","Dash","Underhanded Strike","Venomology","Expertise","Strike_G","Prepared","Neutralize","Caltrops","Wraith Form v2","Dagger Spray","Bouncing Flask","Acrobatics","Bouncing Flask","Skewer","Infinite Blades+1","Quick Slash","Unload","Neutralize","Tools of the Trade+1","Accuracy","Unload","Tools of the Trade","Cloak And Dagger","Concentrate+1","Blade Dance","Neutralize","Distraction","Escape Plan","Infinite Blades","Catalyst","Poisoned Stab","Endless Agony","Strike_G","Cloak And Dagger","A Thousand Cuts","Calculated Gamble","Neutralize","Escape Plan","Corpse Explosion","Distraction","Distraction","Blade Dance","Skewer","Strike_G","Leg Sweep","All Out Attack","Flechettes","Flash of Steel","Doubt","Blur+1","Footwork","Good Instincts","Quick Slash","Dagger Spray","Acrobatics","Regret","A Thousand Cuts","Reflex","Bullet Time","PiercingWail+1","Dagger Throw","Deadly Poison","Blur+1","Noxious Fumes","Cloak And Dagger","Terror","Phantasmal Killer","Deflect"],"max_hp_per_floor":[68,67,66,65,64,63,62,61,60,59,58,57,56,55,54,53,52,51,50,49,48,47,46,45,44,43,42,46,45,44,43,42,42],"relics":["Ring of the Snake","Blue Candle","Question Card","Anchor","Tingsha","Eternal Feather","Dead Branch","Bottled Tornado","Nilry\u0027s Codex"],"card_choices":[{"not_picked":["Flying Knee","PiercingWail"],"picked":"Flechettes","floor":1},{"not_picked":["Backflip","Dagger Spray"],"picked":"Blur","floor":4},{"not_picked":["Underhanded Strike","Bane"],"picked":"Dagger Spray","floor":6},{"not_picked":["Heel Hook","Caltrops","Catalyst"],"picked":"A Thousand Cuts","floor":13},{"not_picked":["Dagger Throw","Caltrops","Quick Slash"],"picked":"Reflex","floor":14},{"not_picked":["Glass Knife","Unload","Wraith Form v2"],"picked":"Bullet Time","floor":16},{"not_picked":["Poisoned Stab","Infinite Blades+1","Endless Agony"],"picked":"PiercingWail+1","floor":18},{"not_picked":["Reflex","PiercingWail","Blade Dance+1"],"picked":"Blur","floor":20},{"not_picked":["PiercingWail","Dagger Throw+1","Footwork"],"picked":"Cloak And Dagger","floor":23},{"not_picked":["Prepared","Choke","Sucker Punch"],"picked":"Phantasmal Killer","floor":27},{"not_picked":["Poisoned Stab","Slice","Sucker Punch+1"],"picked":"Deflect","floor":31}],"player_experience":121476,"potions_floor_usage":[16,16,16,20,31,31],"damage_taken":[{"damage":0,"enemies":"2 Louse","floor":1,"turns":2},{"damage":0,"enemies":"Small Slimes","floor":4,"turns":3},{"damage":17,"enemies":"Lagavulin","floor":6,"turns":6},{"damage":0,"enemies":"Jaw Worm","floor":13,"turns":2},{"damage":4,"enemies":"2 Fungi Beasts","floor":14,"turns":4},{"damage":6,"enemies":"Hexaghost","floor":16,"turns":8},{"damage":21,"enemies":"2 Thieves","floor":18,"turns":4},{"damage":17,"enemies":"Spheric Guardian","floor":20,"turns":6},{"damage":1,"enemies":"Gremlin Leader","floor":23,"turns":8},{"damage":15,"enemies":"Centurion and Healer","floor":27,"turns":6},{"damage":4,"enemies":"Snake Plant","floor":31,"turns":4},{"damage":58,"enemies":"Collector","floor":33,"turns":7}],"relics_obtained":[{"floor":6,"key":"Blue Candle"},{"floor":9,"key":"Question Card"},{"floor":12,"key":"Tingsha"},{"floor":23,"key":"Dead Branch"},{"floor":26,"key":"Bottled Tornado"},{"floor":30,"key":"Nilry\u0027s Codex"}],"event_choices":[{"event_name":"Liars Game","player_choice":"agreed","floor":3,"damage_taken":0},{"event_name":"Big Fish","player_choice":"Box","floor":11,"damage_taken":0},{"event_name":"Vampires","player_choice":"Ignored","floor":21,"damage_taken":0},{"event_name":"The Library","player_choice":"Read","floor":25,"damage_taken":0},{"event_name":"Forgotten Altar","player_choice":"Shed Blood","floor":28,"damage_taken":0},{"event_name":"Cursed Tome","player_choice":"Obtained Book","floor":30,"damage_taken":0}],"boss_relics":[{"not_picked":["Sozu","Runic Dome"],"picked":"Eternal Feather"}],"items_purged_floors":[],"potions_floor_spawned":[1,4,6,23,27],"seed_played":"-8525478308114596577","killed_by":"Collector","ascension_level":0,"potions_obtained":[{"floor":1,"key":"EssenceOfSteel"},{"floor":4,"key":"Strength Potion"},{"floor":6,"key":"Fire Potion"},{"floor":23,"key":"PowerPotion"},{"floor":27,"key":"Block Potion"}],"is_trial":false}