{"gold_per_floor":[219,219,184,195,210,210,45,77,77,107,33,52,127,143,143,220,220,237,237,72,122,96,96,96,113,137,152,152,0,26,38,38,116,116,130,147,160,160],"floor_reached":38,"playtime":1492,"items_purged":[],"score":987,"play_id":"3bbe2398-0934-4127-a74c-675ed4bb704d","local_time":"20190917220948","is_ascension_mode":true,"campfire_choices":[{"data":"Spot Weakness","floor":6.0,"key":"SMITH"},{"floor":15.0,"key":"REST"},{"data":"Barricade","floor":23.0,"key":"SMITH"},{"floor":28.0,"key":"REST"},{"floor":32.0,"key":"REST"}],"neow_cost":"NONE","seed_source_timestamp":77714577334200,"circlet_count":0,"master_deck":["AscendersBane","Strike_R+1","Defend_R+1","Defend_R","Defend_R","Defend_R","Bash","Headbutt","Spot Weakness+1","Immolate","Pummel","Shrug It Off","Feel No Pain","Evolve","Ghostly Armor","Corruption","Juggernaut","Warcry+1","True Grit","Infernal Blade","Barricade+1","Power Through","Offering","Entrench","Burning Pact","Body Slam","Power Through","Second Wind","Shrug It Off","Sentinel"],"special_seed":0,"relics":["Burning Blood","Charon\u0027s Ashes","Singing Bowl","Prayer Wheel","Empty Cage","Bag of Marbles","Art of War","Fusion Hammer"],"potions_floor_usage":[38,38],"damage_taken":[{"damage":5.0,"enemies":"2 Louse","floor":1.0,"turns":3.0},{"damage":9.0,"enemies":"Small Slimes","floor":4.0,"turns":6.0},{"damage":7.0,"enemies":"Jaw Worm","floor":5.0,"turns":5.0},{"damage":32.0,"enemies":"Gremlin Nob","floor":8.0,"turns":4.0},{"damage":5.0,"enemies":"3 Sentries","floor":10.0,"turns":4.0},{"damage":0.0,"enemies":"Exordium Wildlife","floor":12.0,"turns":1.0},{"damage":11.0,"enemies":"Blue Slaver","floor":14.0,"turns":3.0},{"damage":41.0,"enemies":"Slime Boss","floor":16.0,"turns":10.0},{"damage":15.0,"enemies":"3 Byrds","floor":18.0,"turns":3.0},{"damage":19.0,"enemies":"2 Thieves","floor":22.0,"turns":4.0},{"damage":18.0,"enemies":"Cultist and Chosen","floor":25.0,"turns":5.0},{"damage":22.0,"enemies":"Sentry and Sphere","floor":27.0,"turns":5.0},{"damage":34.0,"enemies":"Slavers","floor":30.0,"turns":4.0},{"damage":7.0,"enemies":"Shelled Parasite and Fungi","floor":31.0,"turns":3.0},{"damage":6.0,"enemies":"Champ","floor":33.0,"turns":10.0},{"damage":9.0,"enemies":"Orb Walker","floor":35.0,"turns":5.0},{"damage":0.0,"enemies":"3 Shapes","floor":36.0,"turns":4.0},{"damage":48.0,"enemies":"Maw","floor":37.0,"turns":10.0},{"damage":61,"enemies":"2 Orb Walkers","floor":38,"turns":4}],"seed_played":"5658014823579726666","potions_obtained":[{"floor":1.0,"key":"Swift Potion"},{"floor":8.0,"key":"Swift Potion"},{"floor":12.0,"key":"SkillPotion"},{"floor":14.0,"key":"SkillPotion"},{"floor":16.0,"key":"SkillPotion"},{"floor":18.0,"key":"EssenceOfSteel"},{"floor":25.0,"key":"AttackPotion"},{"floor":30.0,"key":"AttackPotion"},{"floor":33.0,"key":"Explosive Potion"},{"floor":35.0,"key":"Regen Potion"},{"floor":37.0,"key":"SkillPotion"}],"is_trial":false,"path_per_floor":["M","?","?","M","M","R","$","E","T","E","$","M","?","M","R","B",null,"M","?","$","?","M","R","?","M","T","M","R","?","E","M","R","B",null,"M","M","M","?"],"character_chosen":"IRONCLAD","items_purchased":["Immolate","Feel No Pain","Barricade"],"campfire_rested":3,"item_purchase_floors":[7,11,20],"current_hp_per_floor":[69,46,64,61,60,60,60,34,34,35,35,41,30,27,50,15,62,53,53,53,53,40,40,40,28,28,16,40,40,14,15,40,42,76,75,83,60,0],"gold":160,"neow_bonus":"HUNDRED_GOLD","is_prod":false,"is_daily":false,"chose_seed":false,"campfire_upgraded":2,"win_rate":0,"timestamp":1568783388,"path_taken":["M","?","?","M","M","R","$","E","T","E","?","?","?","M","R","BOSS","M","?","$","?","M","R","?","M","T","M","R","?","E","?","R","BOSS","M","M","M","?"],"build_version":"2019-07-17","purchased_purges":0,"victory":false,"max_hp_per_floor":[75,75,75,75,75,75,75,75,75,75,75,75,75,77,77,77,77,77,77,77,77,77,77,77,77,77,81,81,81,83,85,85,87,87,89,91,95,95],"card_choices":[{"not_picked":["Whirlwind","Heavy Blade","Thunderclap"],"picked":"SKIP","floor":1.0},{"not_picked":["Heavy Blade","Clash"],"picked":"Headbutt","floor":4.0},{"not_picked":["Pommel Strike","Clash"],"picked":"Spot Weakness","floor":5.0},{"not_picked":["Pommel Strike","Burning Pact"],"picked":"Pummel","floor":8.0},{"not_picked":["Brutality","Pummel"],"picked":"Shrug It Off","floor":10.0},{"not_picked":["Flex","Twin Strike"],"picked":"Evolve","floor":12.0},{"not_picked":["Havoc","Rampage"],"picked":"Ghostly Armor","floor":12.0},{"not_picked":["Body Slam","Headbutt","Intimidate"],"picked":"Singing Bowl","floor":14.0},{"not_picked":["Clash","Dropkick"],"picked":"Corruption","floor":14.0},{"not_picked":["Exhume","Impervious"],"picked":"Juggernaut","floor":16.0},{"not_picked":["Intimidate","Metallicize"],"picked":"Warcry+1","floor":18.0},{"not_picked":["Carnage+1","Cleave"],"picked":"True Grit","floor":18.0},{"not_picked":["Iron Wave","Body Slam"],"picked":"Power Through","floor":22.0},{"not_picked":["Havoc","Dual Wield"],"picked":"Offering","floor":22.0},{"not_picked":["Dropkick","Heavy Blade+1"],"picked":"Body Slam","floor":25.0},{"not_picked":["Clash","Headbutt"],"picked":"Power Through","floor":25.0},{"not_picked":["Spot Weakness","Havoc","Flex"],"picked":"Singing Bowl","floor":27.0},{"not_picked":["Cleave+1","Thunderclap","Havoc"],"picked":"Singing Bowl","floor":27.0},{"not_picked":["Iron Wave","Berserk","Armaments"],"picked":"Singing Bowl","floor":30.0},{"not_picked":["Heavy Blade","Corruption","Hemokinesis"],"picked":"Singing Bowl","floor":31.0},{"not_picked":["Sword Boomerang","Shrug It Off"],"picked":"Second Wind","floor":31.0},{"not_picked":["Feed","Bludgeon","Barricade"],"picked":"Singing Bowl","floor":33.0},{"not_picked":["Body Slam","Hemokinesis+1","Dual Wield"],"picked":"Singing Bowl","floor":35.0},{"not_picked":["Rupture","Searing Blow"],"picked":"Shrug It Off","floor":35.0},{"not_picked":["Rupture","Cleave"],"picked":"Sentinel","floor":36.0},{"not_picked":["Inflame+1","Infernal Blade","Flex"],"picked":"Singing Bowl","floor":36.0},{"not_picked":["Havoc","Spot Weakness","Clothesline+1"],"picked":"Singing Bowl","floor":37.0},{"not_picked":["Flex","Thunderclap","Warcry"],"picked":"Singing Bowl","floor":37.0}],"player_experience":830116,"relics_obtained":[{"floor":8.0,"key":"Charon\u0027s Ashes"},{"floor":9.0,"key":"Singing Bowl"},{"floor":10.0,"key":"Prayer Wheel"},{"floor":26.0,"key":"Bag of Marbles"},{"floor":30.0,"key":"Art of War"}],"event_choices":[{"damage_healed":0.0,"max_hp_gain":0.0,"max_hp_loss":0.0,"gold_gain":0.0,"event_name":"Shining Light","player_choice":"Entered Light","floor":2.0,"gold_loss":0.0,"damage_taken":23.0,"cards_upgraded":["Defend_R","Strike_R"]},{"damage_healed":18.0,"max_hp_gain":0.0,"max_hp_loss":0.0,"gold_gain":0.0,"event_name":"The Cleric","player_choice":"Healed","floor":3.0,"gold_loss":35.0,"damage_taken":0.0},{"damage_healed":0.0,"max_hp_gain":0.0,"max_hp_loss":0.0,"gold_gain":75.0,"event_name":"World of Goop","player_choice":"Gather Gold","floor":13.0,"gold_loss":0.0,"damage_taken":11.0},{"damage_healed":0.0,"max_hp_gain":0.0,"max_hp_loss":0.0,"gold_gain":0.0,"event_name":"The Library","player_choice":"Read","floor":19.0,"gold_loss":0.0,"damage_taken":0.0,"cards_obtained":["Infernal Blade"]},{"damage_healed":0.0,"max_hp_gain":0.0,"max_hp_loss":0.0,"gold_gain":50.0,"event_name":"Nest","player_choice":"Stole From Cult","floor":21.0,"gold_loss":0.0,"damage_taken":0.0},{"damage_healed":0.0,"max_hp_gain":0.0,"max_hp_loss":0.0,"gold_gain":0.0,"cards_transformed":["Strike_R","Strike_R"],"event_name":"Drug Dealer","player_choice":"Became Test Subject","floor":24.0,"gold_loss":0.0,"damage_taken":0.0,"cards_obtained":["Entrench","Burning Pact"]},{"damage_healed":0.0,"max_hp_gain":0.0,"max_hp_loss":0.0,"gold_gain":0.0,"event_name":"Masked Bandits","player_choice":"Paid Fearfully","floor":29.0,"gold_loss":152.0,"damage_taken":0.0},{"damage_healed":0,"gold_gain":0,"player_choice":"Fight","damage_taken":0,"max_hp_gain":0,"max_hp_loss":0,"event_name":"Mysterious Sphere","floor":38,"gold_loss":0}],"is_beta":false,"boss_relics":[{"not_picked":["Eternal Feather","Runic Dome"],"picked":"Empty Cage"},{"not_picked":["Black Blood","Philosopher\u0027s Stone"],"picked":"Fusion Hammer"}],"items_purged_floors":[],"is_endless":false,"potions_floor_spawned":[1,8,12,14,16,18,25,30,33,35,37],"killed_by":"2 Orb Walkers","ascension_level":20}