{"gold_per_floor":[144,16,191,236,281,281,371,416,416,461,18,18,0,49,49,374,374,423,427,476,476],"floor_reached":21,"playtime":1521,"items_purged":[],"score":208,"play_id":"535890f1-100e-4d8c-be69-93a57bd9f61f","local_time":"20180724161311","daily_mods":["Diverse","Midas","Uncertain Future"],"is_ascension_mode":false,"campfire_choices":[{"floor":6,"key":"REST"},{"floor":15,"key":"REST"}],"neow_cost":"","seed_source_timestamp":0,"circlet_count":0,"master_deck":["Strike_R","Strike_R","Strike_R","Strike_R","Strike_R","Defend_R","Defend_R","Defend_R","Defend_R","Bash","Underhanded Strike","Metallicize","Streamline","Doubt","Static Discharge","Beam Cell","All For One","Concentrate","Deflect","Self Repair","Deep Breath","Conserve Battery","Dagger Throw","Clothesline","Injury","Stack","Outmaneuver","Barricade","Conserve Battery+1","Body Slam+1","Anger"],"special_seed":17736,"relics":["Burning Blood","Potion Belt","Nunchaku","Membership Card","Golden Idol","Eternal Feather"],"potions_floor_usage":[7,8,18,18,18,18,19],"damage_taken":[{"damage":2,"enemies":"2 Louse","floor":1,"turns":2},{"damage":5,"enemies":"Jaw Worm","floor":4,"turns":4},{"damage":10,"enemies":"Cultist","floor":5,"turns":4},{"damage":29,"enemies":"3 Sentries","floor":7,"turns":8},{"damage":26,"enemies":"Exordium Thugs","floor":8,"turns":4},{"damage":19,"enemies":"Large Slime","floor":10,"turns":9},{"damage":3,"enemies":"Looter","floor":13,"turns":4},{"damage":5,"enemies":"3 Louse","floor":14,"turns":2},{"damage":28,"enemies":"Hexaghost","floor":16,"turns":9},{"damage":10,"enemies":"3 Byrds","floor":18,"turns":8},{"damage":26,"enemies":"2 Thieves","floor":19,"turns":5},{"damage":40,"enemies":"Snake Plant","floor":20,"turns":9},{"damage":45,"enemies":"Centurion and Healer","floor":21,"turns":8}],"seed_played":"-218002140433653239","potions_obtained":[{"floor":4,"key":"SteroidPotion"},{"floor":7,"key":"PowerPotion"},{"floor":8,"key":"Block Potion"},{"floor":16,"key":"EntropicBrew"},{"floor":18,"key":"SteroidPotion"}],"is_trial":false,"path_per_floor":["M","$","?","M","M","R","E","M","T","M","$","?","M","M","R","B",null,"M","M","M"],"character_chosen":"IRONCLAD","items_purchased":["Metallicize","Streamline","Membership Card","Self Repair","Deep Breath","Conserve Battery","Dagger Throw","Clothesline"],"campfire_rested":2,"item_purchase_floors":[2,2,11,11,11,11,11,11],"current_hp_per_floor":[80,80,80,80,76,80,57,37,37,24,24,24,34,35,59,44,80,80,67,40,0],"gold":476,"neow_bonus":"","is_prod":false,"is_daily":true,"chose_seed":false,"campfire_upgraded":0,"win_rate":0,"timestamp":1532463191,"path_taken":["M","$","?","M","M","R","E","M","T","M","?","?","M","M","R","BOSS","M","M","M","M"],"build_version":"2018-07-19v2","purchased_purges":0,"victory":false,"max_hp_per_floor":[80,80,80,80,80,80,80,80,80,80,80,80,80,80,80,80,80,80,80,80,80],"card_choices":[{"not_picked":["Body Slam","Warcry"],"picked":"Underhanded Strike","floor":1},{"not_picked":["Expertise","Disarm"],"picked":"Static Discharge","floor":4},{"not_picked":["Lockon","Dodge and Roll"],"picked":"Beam Cell","floor":5},{"not_picked":["Offering","Calculated Gamble"],"picked":"All For One","floor":7},{"not_picked":["True Grit","Blizzard"],"picked":"Concentrate","floor":8},{"not_picked":["Combust","Poisoned Stab"],"picked":"Deflect","floor":10},{"not_picked":["Cold Snap","Leap"],"picked":"Stack","floor":13},{"not_picked":["Clash","Sweeping Beam"],"picked":"Outmaneuver","floor":14},{"not_picked":["Seek","Biased Cognition"],"picked":"Barricade","floor":16},{"not_picked":["Havoc","Armaments"],"picked":"Conserve Battery+1","floor":18},{"not_picked":["Endless Agony+1","Outmaneuver"],"picked":"Body Slam+1","floor":19},{"not_picked":["Quick Slash","Leap+1"],"picked":"Anger","floor":20}],"player_experience":325408,"relics_obtained":[{"floor":7,"key":"Potion Belt"},{"floor":9,"key":"Nunchaku"}],"event_choices":[{"event_name":"Liars Game","player_choice":"agreed","floor":3,"damage_taken":0},{"event_name":"Golden Idol","player_choice":"Take Wound","floor":12,"damage_taken":0}],"is_beta":false,"boss_relics":[{"not_picked":["Sozu","Runic Cube"],"picked":"Eternal Feather"}],"items_purged_floors":[],"is_endless":false,"potions_floor_spawned":[4,7,8,16,18],"killed_by":"Centurion and Healer","ascension_level":0}