{"gold_per_floor":[115,126,126,51,51,51,79,79,105,2,19,33,33,63,63,142,142,152,170,170,170,184,184,216,216,216,216,251,3,15,25,25,25],"floor_reached":33,"playtime":929,"items_purged":["Strike_R"],"score":586,"play_id":"80e908ce-9371-4231-9253-456a7622bc1d","local_time":"20190921115242","is_ascension_mode":true,"campfire_choices":[{"data":"Anger","floor":6.0,"key":"SMITH"},{"data":"Fire Breathing","floor":13.0,"key":"SMITH"},{"floor":15.0,"key":"REST"},{"floor":23.0,"key":"REST"},{"floor":25.0,"key":"REST"},{"floor":27.0,"key":"REST"},{"floor":32,"key":"REST"}],"neow_cost":"NONE","seed_source_timestamp":386982100085400,"circlet_count":0,"master_deck":["AscendersBane","Strike_R","Defend_R","Defend_R","Defend_R","Defend_R","Bash+1","Anger+1","Shrug It Off","Fire Breathing+1","Panacea","Inflame","Immolate","Wild Strike","Rage","Reaper","Double Tap","Headbutt","Power Through","Second Wind","Power Through","Juggernaut","Evolve","Shrug It Off","Disarm"],"special_seed":0,"relics":["Burning Blood","Vajra","Darkstone Periapt","Dream Catcher","Bronze Scales","Velvet Choker","Pen Nib","Singing Bowl","Ornamental Fan","Membership Card"],"potions_floor_usage":[33],"damage_taken":[{"damage":2.0,"enemies":"2 Louse","floor":1.0,"turns":4.0},{"damage":8.0,"enemies":"Small Slimes","floor":2.0,"turns":4.0},{"damage":22.0,"enemies":"Lagavulin","floor":7.0,"turns":6.0},{"damage":4.0,"enemies":"Jaw Worm","floor":11.0,"turns":3.0},{"damage":0.0,"enemies":"2 Fungi Beasts","floor":12.0,"turns":3.0},{"damage":31.0,"enemies":"Gremlin Nob","floor":14.0,"turns":4.0},{"damage":45.0,"enemies":"The Guardian","floor":16.0,"turns":14.0},{"damage":37.0,"enemies":"Shell Parasite","floor":18.0,"turns":5.0},{"damage":6.0,"enemies":"2 Thieves","floor":19.0,"turns":3.0},{"damage":30.0,"enemies":"Shelled Parasite and Fungi","floor":22.0,"turns":4.0},{"damage":36.0,"enemies":"Slavers","floor":24.0,"turns":7.0},{"damage":37.0,"enemies":"Book of Stabbing","floor":28.0,"turns":4.0},{"damage":11,"enemies":"Sentry and Sphere","floor":30,"turns":4},{"damage":12,"enemies":"Snecko","floor":31,"turns":5},{"damage":110,"enemies":"Champ","floor":33,"turns":8}],"seed_played":"6063082115217974516","potions_obtained":[{"floor":12.0,"key":"Explosive Potion"},{"floor":16.0,"key":"FearPotion"},{"floor":18.0,"key":"SpeedPotion"},{"floor":22.0,"key":"EntropicBrew"},{"floor":28.0,"key":"Explosive Potion"},{"floor":31,"key":"ElixirPotion"}],"is_trial":false,"path_per_floor":["M","M","?","?","?","R","E","?","T","$","M","M","R","E","R","B",null,"M","M","?","?","M","R","E","R","T","R","E","$","M","M","R","B"],"character_chosen":"IRONCLAD","items_purchased":["Panacea","Membership Card","Evolve","Shrug It Off"],"campfire_rested":5,"item_purchase_floors":[10,29,29,29],"current_hp_per_floor":[79,77,82,82,56,56,40,40,40,40,42,48,48,23,49,10,68,37,37,37,37,13,39,24,50,50,76,45,45,49,45,72,0],"gold":25,"neow_bonus":"TEN_PERCENT_HP_BONUS","is_prod":false,"is_daily":false,"chose_seed":false,"campfire_upgraded":2,"win_rate":0,"timestamp":1569091962,"path_taken":["M","M","?","?","?","R","E","?","T","$","M","M","R","E","R","BOSS","M","M","?","?","M","R","E","R","T","R","E","$","M","M","R","BOSS"],"build_version":"2019-09-20","purchased_purges":1,"victory":false,"max_hp_per_floor":[82,82,87,87,87,87,87,87,87,87,87,87,87,87,87,87,87,87,87,87,87,87,87,87,87,87,87,87,87,89,91,91,91],"card_choices":[{"not_picked":["Warcry","Bloodletting"],"picked":"Anger","floor":1.0},{"not_picked":["Sword Boomerang","Cleave"],"picked":"Shrug It Off","floor":2.0},{"not_picked":["Dual Wield","Berserk"],"picked":"Fire Breathing","floor":7.0},{"not_picked":["Rupture","Warcry","Infernal Blade"],"picked":"SKIP","floor":11.0},{"not_picked":["Body Slam","Pommel Strike","Warcry"],"picked":"SKIP","floor":12.0},{"not_picked":["Dual Wield","Heavy Blade","Twin Strike"],"picked":"SKIP","floor":14.0},{"not_picked":["Thunderclap","Perfected Strike"],"picked":"Inflame","floor":15.0},{"not_picked":["Barricade","Impervious"],"picked":"Immolate","floor":16.0},{"not_picked":["Disarm","Twin Strike"],"picked":"Wild Strike","floor":18.0},{"not_picked":["True Grit","Armaments"],"picked":"Rage","floor":19.0},{"not_picked":["Anger","Clash"],"picked":"Headbutt","floor":22.0},{"not_picked":["Second Wind","Spot Weakness"],"picked":"Power Through","floor":23.0},{"not_picked":["Seeing Red","Ghostly Armor+1"],"picked":"Second Wind","floor":24.0},{"not_picked":["Fire Breathing","Flex"],"picked":"Power Through","floor":27.0},{"not_picked":["Headbutt","Perfected Strike"],"picked":"Juggernaut","floor":28.0},{"not_picked":["Anger","Hemokinesis","Sentinel"],"picked":"Singing Bowl","floor":30},{"not_picked":["Cleave","Inflame","Sword Boomerang+1"],"picked":"Singing Bowl","floor":31},{"not_picked":["Headbutt","Infernal Blade"],"picked":"Disarm","floor":32}],"player_experience":914094,"relics_obtained":[{"floor":7.0,"key":"Darkstone Periapt"},{"floor":9.0,"key":"Dream Catcher"},{"floor":14.0,"key":"Bronze Scales"},{"floor":24.0,"key":"Pen Nib"},{"floor":26.0,"key":"Singing Bowl"},{"floor":28.0,"key":"Ornamental Fan"}],"event_choices":[{"damage_healed":0.0,"max_hp_gain":5.0,"max_hp_loss":0.0,"gold_gain":0.0,"event_name":"Big Fish","player_choice":"Donut","floor":3.0,"gold_loss":0.0,"damage_taken":0.0},{"cards_removed":["Strike_R"],"damage_healed":0.0,"max_hp_gain":0.0,"max_hp_loss":0.0,"gold_gain":0.0,"event_name":"The Cleric","player_choice":"Card Removal","floor":4.0,"gold_loss":75.0,"damage_taken":0.0},{"damage_healed":0.0,"max_hp_gain":0.0,"max_hp_loss":0.0,"gold_gain":0.0,"event_name":"Scrap Ooze","player_choice":"Success","floor":5.0,"gold_loss":0.0,"damage_taken":26.0,"relics_obtained":["Vajra"]},{"damage_healed":0.0,"max_hp_gain":0.0,"max_hp_loss":0.0,"gold_gain":0.0,"event_name":"Living Wall","player_choice":"Grow","floor":8.0,"gold_loss":0.0,"damage_taken":0.0,"cards_upgraded":["Bash"]},{"damage_healed":0.0,"max_hp_gain":0.0,"max_hp_loss":0.0,"gold_gain":0.0,"event_name":"Ghosts","player_choice":"Ignored","floor":20.0,"gold_loss":0.0,"damage_taken":0.0},{"damage_healed":0.0,"max_hp_gain":0.0,"max_hp_loss":0.0,"gold_gain":0.0,"cards_transformed":["Strike_R","Strike_R"],"event_name":"Drug Dealer","player_choice":"Became Test Subject","floor":21.0,"gold_loss":0.0,"damage_taken":0.0,"cards_obtained":["Reaper","Double Tap"]}],"is_beta":true,"boss_relics":[{"not_picked":["Ectoplasm","Runic Dome"],"picked":"Velvet Choker"}],"items_purged_floors":[29],"is_endless":false,"potions_floor_spawned":[12,16,18,22,28,31],"killed_by":"Champ","ascension_level":20}