{"gold_per_floor":[114,129,144,159,8,38,38,68,118,148,323,323,323,598,598,698,698,713,713,728,23,38,68,68,98,173,173,203,218,233,1,1,101,101,116,131,146,8,0,0,30,30,80,110,110,125,140,170,170,170],"floor_reached":51,"playtime":2772,"items_purged":["Regret"],"score":1138,"play_id":"2f052501-cc82-45ad-a12d-f6557d228022","local_time":"20190507211101","daily_mods":["Insanity","Uncertain Future","Elite Swarm"],"is_ascension_mode":false,"campfire_choices":[{"data":"Mind Blast","floor":7,"key":"SMITH"},{"data":"Whirlwind","floor":12,"key":"SMITH"},{"data":"Perfected Strike","floor":15,"key":"SMITH"},{"data":"Mind Blast","floor":24,"key":"SMITH"},{"data":"Bludgeon","floor":27,"key":"SMITH"},{"floor":32,"key":"DIG"},{"floor":40,"key":"DIG"},{"floor":42,"key":"DIG"},{"data":"Mind Blast","floor":49,"key":"SMITH"}],"neow_cost":"","seed_source_timestamp":0,"circlet_count":0,"master_deck":["Cleave","Evolve","Pommel Strike","Ghostly Armor","Warcry+1","Seeing Red","Wild Strike","Blood for Blood","Flex+1","Armaments","Iron Wave","Shockwave","Perfected Strike+1","Anger","Dual Wield","Clash","Armaments","Sword Boomerang","Blood for Blood+1","Body Slam","Iron Wave","Body Slam","Twin Strike","Perfected Strike","Inflame","True Grit","Havoc","Flex","Flame Barrier","Rupture","Sword Boomerang","Cleave","Warcry","Whirlwind","Iron Wave","Searing Blow","Bloodletting","Headbutt","Reckless Charge","Battle Trance","Body Slam","Rage","Battle Trance","Inflame","Hemokinesis","Second Wind","Iron Wave","Armaments","Armaments+1","Sword Boomerang","Perfected Strike","Shrug It Off","Whirlwind+1","Offering","Mind Blast+1","Metallicize","Exhume","Barricade+1","Dark Embrace+1","Doubt","Bludgeon+1","Twin Strike+1","Disarm","Mind Blast+1","Evolve+1","Fire Breathing+1","Double Tap","Demon Form+1","Feed","Dropkick","Anger","Apotheosis","Shockwave","Reaper+1","Perfected Strike","Corruption+1","Anger+1","Mind Blast+1","Pommel Strike","Fiend Fire","Pain","Barricade+1","Wild Strike","Spot Weakness+1","Immolate"],"special_seed":18024,"relics":["Burning Blood","War Paint","Frozen Egg 2","Vajra","Orichalcum","Sozu","Ornamental Fan","Shuriken","Anchor","Darkstone Periapt","Self Forming Clay","Shovel","Strawberry","Cursed Key","Red Mask","Bottled Flame","Charon\u0027s Ashes","Whetstone","Centennial Puzzle","Question Card","Pear"],"potions_floor_usage":[10,16,16,16],"damage_taken":[{"damage":10,"enemies":"Jaw Worm","floor":1,"turns":5},{"damage":0,"enemies":"Small Slimes","floor":2,"turns":1},{"damage":0,"enemies":"Cultist","floor":3,"turns":4},{"damage":0,"enemies":"Lots of Slimes","floor":4,"turns":5},{"damage":22,"enemies":"3 Sentries","floor":6,"turns":5},{"damage":21,"enemies":"Lagavulin","floor":8,"turns":4},{"damage":9,"enemies":"3 Sentries","floor":10,"turns":4},{"damage":0,"enemies":"Slime Boss","floor":16,"turns":2},{"damage":5,"enemies":"2 Thieves","floor":18,"turns":3},{"damage":0,"enemies":"3 Byrds","floor":20,"turns":5},{"damage":0,"enemies":"Centurion and Healer","floor":22,"turns":1},{"damage":15,"enemies":"Gremlin Leader","floor":23,"turns":2},{"damage":3,"enemies":"Slavers","floor":25,"turns":2},{"damage":0,"enemies":"Gremlin Leader","floor":28,"turns":1},{"damage":0,"enemies":"Snake Plant","floor":29,"turns":1},{"damage":0,"enemies":"Cultist and Chosen","floor":30,"turns":1},{"damage":60,"enemies":"Automaton","floor":33,"turns":7},{"damage":0,"enemies":"Orb Walker","floor":35,"turns":1},{"damage":15,"enemies":"3 Shapes","floor":36,"turns":2},{"damage":3,"enemies":"Spire Growth","floor":37,"turns":2},{"damage":0,"enemies":"Reptomancer","floor":41,"turns":1},{"damage":0,"enemies":"Nemesis","floor":44,"turns":1},{"damage":0,"enemies":"Sphere and 2 Shapes","floor":46,"turns":1},{"damage":2,"enemies":"Transient","floor":47,"turns":5},{"damage":0,"enemies":"Reptomancer","floor":48,"turns":1},{"damage":39,"enemies":"Awakened One","floor":50,"turns":6}],"seed_played":"-4311989270380069136","potions_obtained":[{"floor":2,"key":"BloodPotion"},{"floor":4,"key":"EssenceOfSteel"},{"floor":6,"key":"FearPotion"},{"floor":8,"key":"BloodPotion"},{"floor":10,"key":"FearPotion"}],"is_trial":false,"path_per_floor":["M","M","M","M","$","E","R","E","T","E","?","R","?","?","R","B",null,"M","?","M","$","M","E","R","E","T","R","E","M","M","$","R","B",null,"M","M","M","$","?","R","E","R","T","E","?","M","M","E","R","B",null],"character_chosen":"IRONCLAD","items_purchased":["Mind Blast","Metallicize","Mind Blast","Ornamental Fan","Shuriken","Evolve+1","Apotheosis","Shockwave","Mind Blast","Pommel Strike"],"campfire_rested":0,"item_purchase_floors":[5,5,21,21,21,21,31,31,38,38],"current_hp_per_floor":[76,80,80,80,80,64,64,49,49,54,54,54,54,54,54,68,80,80,80,80,80,80,71,71,74,74,74,80,80,80,80,87,33,87,87,78,81,81,81,81,87,87,93,93,84,90,93,103,103,70],"gold":170,"neow_bonus":"","is_prod":false,"is_daily":true,"chose_seed":false,"campfire_upgraded":6,"win_rate":0,"timestamp":1557277861,"path_taken":["M","M","M","M","$","E","R","E","T","E","?","R","?","?","R","BOSS","M","?","M","$","M","E","R","E","T","R","E","M","?","?","R","BOSS","M","M","M","$","?","R","E","R","T","E","?","M","?","E","R","BOSS"],"build_version":"2019-01-23","purchased_purges":1,"victory":true,"max_hp_per_floor":[80,80,80,80,80,80,80,80,80,80,80,80,80,80,80,80,80,80,80,80,80,80,80,80,80,80,80,80,80,80,80,87,87,87,87,87,87,87,87,87,87,87,93,93,93,93,93,103,103,103],"card_choices":[{"not_picked":["Clothesline","Armaments"],"picked":"Perfected Strike","floor":1},{"not_picked":["Warcry","Corruption"],"picked":"Shrug It Off","floor":2},{"not_picked":["Thunderclap","Evolve"],"picked":"Whirlwind","floor":3},{"not_picked":["Cleave","Combust"],"picked":"Offering","floor":4},{"not_picked":["Fiend Fire","Offering"],"picked":"Exhume","floor":6},{"not_picked":["Bludgeon","Limit Break"],"picked":"Barricade","floor":8},{"not_picked":["Offering","Demon Form+1"],"picked":"Dark Embrace+1","floor":10},{"not_picked":["Juggernaut+1","Barricade+1"],"picked":"Bludgeon","floor":16},{"not_picked":["Warcry","Thunderclap"],"picked":"Twin Strike+1","floor":18},{"not_picked":["Warcry","True Grit"],"picked":"Disarm","floor":20},{"not_picked":["Heavy Blade","Anger"],"picked":"Fire Breathing+1","floor":22},{"not_picked":["Brutality+1","Dark Embrace+1"],"picked":"Double Tap","floor":23},{"not_picked":["Bludgeon","Reaper"],"picked":"Demon Form+1","floor":25},{"not_picked":["Offering","Brutality+1"],"picked":"Feed","floor":28},{"not_picked":["Clothesline","Armaments+1"],"picked":"Dropkick","floor":29},{"not_picked":["Clash","Reckless Charge"],"picked":"Anger","floor":30},{"not_picked":["Double Tap","Offering"],"picked":"Reaper","floor":33},{"not_picked":["Heavy Blade","Flex"],"picked":"Perfected Strike","floor":35},{"not_picked":["Shrug It Off","Exhume"],"picked":"Corruption+1","floor":36},{"not_picked":["Armaments+1","Disarm+1"],"picked":"Anger+1","floor":37},{"not_picked":["Immolate","Offering"],"picked":"Fiend Fire","floor":41},{"not_picked":["Exhume","Feed"],"picked":"Barricade+1","floor":44},{"not_picked":["Armaments+1","Power Through","Shrug It Off+1"],"picked":"Wild Strike","floor":46},{"not_picked":["Clothesline","Infernal Blade+1","Evolve+1"],"picked":"Spot Weakness+1","floor":47},{"not_picked":["Limit Break","Brutality+1","Barricade+1"],"picked":"Immolate","floor":48}],"player_experience":643376,"relics_obtained":[{"floor":6,"key":"War Paint"},{"floor":8,"key":"Frozen Egg 2"},{"floor":9,"key":"Vajra"},{"floor":10,"key":"Orichalcum"},{"floor":23,"key":"Anchor"},{"floor":25,"key":"Darkstone Periapt"},{"floor":26,"key":"Self Forming Clay"},{"floor":28,"key":"Shovel"},{"floor":32,"key":"Strawberry"},{"floor":40,"key":"Bottled Flame"},{"floor":41,"key":"Charon\u0027s Ashes"},{"floor":42,"key":"Whetstone"},{"floor":43,"key":"Centennial Puzzle"},{"floor":44,"key":"Question Card"},{"floor":48,"key":"Pear"}],"event_choices":[{"damage_healed":0,"gold_gain":175,"player_choice":"AGREE","damage_taken":0,"max_hp_gain":0,"max_hp_loss":0,"event_name":"Liars Game","floor":11,"gold_loss":0,"cards_obtained":["Doubt"]},{"damage_healed":0,"gold_gain":0,"player_choice":"Grow","damage_taken":0,"max_hp_gain":0,"max_hp_loss":0,"event_name":"Living Wall","floor":13,"gold_loss":0,"cards_upgraded":["Flex"]},{"damage_healed":0,"gold_gain":275,"player_choice":"Desecrate","damage_taken":0,"max_hp_gain":0,"max_hp_loss":0,"event_name":"Golden Shrine","floor":14,"gold_loss":0,"cards_obtained":["Regret"]},{"damage_healed":0,"gold_gain":0,"player_choice":"Bought 0 Potions","damage_taken":0,"max_hp_gain":0,"max_hp_loss":0,"event_name":"The Woman in Blue","floor":19,"gold_loss":0},{"damage_healed":0,"gold_gain":0,"player_choice":"Paid","damage_taken":0,"relics_obtained":["Red Mask"],"max_hp_gain":0,"max_hp_loss":0,"event_name":"Tomb of Lord Red Mask","floor":39,"gold_loss":8},{"damage_healed":0,"gold_gain":0,"player_choice":"Damaged","damage_taken":9,"max_hp_gain":0,"max_hp_loss":0,"event_name":"Wheel of Change","floor":45,"gold_loss":0}],"is_beta":false,"boss_relics":[{"not_picked":["Tiny House","Lizard Tail"],"picked":"Sozu"},{"not_picked":["Eternal Feather","Snecko Eye"],"picked":"Cursed Key"}],"items_purged_floors":[21],"is_endless":false,"potions_floor_spawned":[2,4,6,8,10,22,23,25,30,33,35,36,44,46,48],"ascension_level":0}