{"gold_per_floor":[210,285,22,39,50,82,82,133,133,133,143,143,112,123,123,123],"floor_reached":16,"playtime":454,"items_purged":[],"score":200,"play_id":"1e6f3ab4-e54e-44dc-a66c-2eb7dd63a4a7","local_time":"20190922112415","is_ascension_mode":true,"campfire_choices":[{"floor":10.0,"key":"REST"},{"data":"Corruption","floor":12.0,"key":"SMITH"},{"floor":15.0,"key":"REST"}],"neow_cost":"NONE","seed_source_timestamp":471957514911700,"circlet_count":0,"master_deck":["AscendersBane","Strike_R","Strike_R","Strike_R","Strike_R","Strike_R","Defend_R","Defend_R","Defend_R","Defend_R","Bash","Clothesline","PanicButton","Body Slam","Shrug It Off","Corruption+1","Flame Barrier","Wild Strike","Dark Embrace","Carnage","Feel No Pain","Inflame"],"special_seed":0,"relics":["Burning Blood","The Courier","Matryoshka"],"potions_floor_usage":[16,16],"damage_taken":[{"damage":9.0,"enemies":"2 Louse","floor":1.0,"turns":4.0},{"damage":7.0,"enemies":"Jaw Worm","floor":4.0,"turns":3.0},{"damage":0.0,"enemies":"Cultist","floor":5.0,"turns":4.0},{"damage":55.0,"enemies":"Gremlin Nob","floor":6.0,"turns":5.0},{"damage":8.0,"enemies":"Blue Slaver","floor":11.0,"turns":6.0},{"damage":7.0,"enemies":"3 Louse","floor":14.0,"turns":4.0},{"damage":54,"enemies":"The Guardian","floor":16,"turns":9}],"seed_played":"7035313853156772642","potions_obtained":[{"floor":4.0,"key":"LiquidBronze"},{"floor":14.0,"key":"SteroidPotion"}],"is_trial":false,"path_per_floor":["M","?","$","M","M","E","?","?","T","R","M","R","$","M","R","B"],"character_chosen":"IRONCLAD","items_purchased":["PanicButton","Body Slam","Shrug It Off","Corruption","Feel No Pain"],"campfire_rested":2,"item_purchase_floors":[3,3,3,3,13],"current_hp_per_floor":[65,54,54,53,59,10,10,10,10,32,30,30,30,29,51,0],"gold":123,"neow_bonus":"HUNDRED_GOLD","is_prod":false,"is_daily":false,"chose_seed":false,"campfire_upgraded":1,"win_rate":0,"timestamp":1569176655,"path_taken":["M","?","$","M","M","E","?","?","T","R","M","R","$","M","R","BOSS"],"build_version":"2019-09-20","purchased_purges":0,"victory":false,"max_hp_per_floor":[75,75,75,75,75,75,75,75,75,75,75,75,75,75,75,75],"card_choices":[{"not_picked":["Iron Wave","Heavy Blade"],"picked":"Clothesline","floor":1.0},{"not_picked":["Armaments","Heavy Blade"],"picked":"Flame Barrier","floor":4.0},{"not_picked":["Dual Wield","Searing Blow"],"picked":"Wild Strike","floor":5.0},{"not_picked":["Feed","Iron Wave"],"picked":"Dark Embrace","floor":6.0},{"not_picked":["Second Wind","Shrug It Off"],"picked":"Carnage","floor":11.0},{"not_picked":["Whirlwind","Flame Barrier"],"picked":"Inflame","floor":14.0}],"player_experience":957996,"relics_obtained":[{"floor":6.0,"key":"The Courier"},{"floor":9.0,"key":"Matryoshka"}],"event_choices":[{"damage_healed":0.0,"max_hp_gain":0.0,"max_hp_loss":0.0,"gold_gain":75.0,"event_name":"World of Goop","player_choice":"Gather Gold","floor":2.0,"gold_loss":0.0,"damage_taken":11.0},{"damage_healed":0.0,"max_hp_gain":0.0,"max_hp_loss":0.0,"gold_gain":0.0,"event_name":"Dead Adventurer","player_choice":"Searched \u00270\u0027 times","floor":7.0,"gold_loss":0.0,"damage_taken":0.0},{"damage_healed":0.0,"max_hp_gain":0.0,"max_hp_loss":0.0,"gold_gain":51.0,"event_name":"Golden Wing","player_choice":"Gained Gold","floor":8.0,"gold_loss":0.0,"damage_taken":0.0}],"is_beta":true,"boss_relics":[],"items_purged_floors":[],"is_endless":false,"potions_floor_spawned":[4,14],"killed_by":"The Guardian","ascension_level":20}