{"gold_per_floor":[114,114,33,33,50,50,82,97,97,129,129,129,149,149,149,273,273,292,292,307,27,27,27,60,81,104,104,104,16,54,54],"floor_reached":31,"playtime":2245,"items_purged":[],"score":318,"play_id":"e3ebb61f-6d61-4fe5-8a13-e2ac150fc4f2","local_time":"20180712042206","is_ascension_mode":true,"campfire_choices":[{"data":"Fusion","floor":6,"key":"SMITH"},{"data":"Hello World","floor":11,"key":"SMITH"},{"floor":15,"key":"REST"},{"data":"Electrodynamics","floor":23,"key":"SMITH"},{"floor":28,"key":"REST"}],"neow_cost":"NONE","seed_source_timestamp":34017223595617,"circlet_count":0,"master_deck":["Strike_B+1","Strike_B","Strike_B","Defend_B","Defend_B+1","Defend_B+1","Zap","Dualcast+1","Fusion+1","Heatsinks","Coolheaded","Ball Lightning","Redo","Genetic Algorithm","Hello World+1","Chaos","Electrodynamics+1","Redo+1","Double Energy+1","Beam Cell","Defragment+1","Stack+1","Static Discharge","Gash+1","Fission"],"relics":["Cracked Core","Darkstone Periapt","Potion Belt","Bag of Marbles","Pen Nib","Golden Idol","Eternal Feather","Kunai","War Paint","Boot","Whetstone"],"potions_floor_usage":[10,13,16,20,24],"damage_taken":[{"damage":1,"enemies":"Jaw Worm","floor":1,"turns":4},{"damage":5,"enemies":"Cultist","floor":5,"turns":4},{"damage":10,"enemies":"3 Sentries","floor":7,"turns":6},{"damage":8,"enemies":"Small Slimes","floor":8,"turns":3},{"damage":17,"enemies":"Lagavulin","floor":10,"turns":5},{"damage":20,"enemies":"Red Slaver","floor":13,"turns":4},{"damage":28,"enemies":"Slime Boss","floor":16,"turns":7},{"damage":10,"enemies":"3 Byrds","floor":18,"turns":2},{"damage":36,"enemies":"Chosen","floor":20,"turns":7},{"damage":22,"enemies":"Gremlin Leader","floor":24,"turns":7},{"damage":28,"enemies":"Slaver and Parasite","floor":25,"turns":5},{"damage":34,"enemies":"Slavers","floor":30,"turns":2},{"damage":5,"enemies":"Cultist and Chosen","floor":31,"turns":1}],"seed_played":"-4289169562524883016","potions_obtained":[{"floor":5,"key":"Dexterity Potion"},{"floor":8,"key":"AttackPotion"},{"floor":10,"key":"SkillPotion"},{"floor":18,"key":"Fruit Juice"},{"floor":20,"key":"SkillPotion"}],"is_trial":false,"path_per_floor":["M","?","$","?","M","R","E","M","T","E","R","?","M","?","R","B",null,"M","?","M","$","?","R","E","M","T","?","R","$","E"],"character_chosen":"DEFECT","items_purchased":["Heatsinks","Kunai","Beam Cell","Static Discharge","Gash"],"campfire_rested":2,"item_purchase_floors":[3,21,21,29,29],"current_hp_per_floor":[74,74,74,74,69,69,59,51,51,34,34,40,20,26,52,24,87,77,77,46,46,46,54,32,4,4,4,39,39,5,0],"gold":54,"neow_bonus":"UPGRADE_CARD","is_prod":false,"is_daily":false,"chose_seed":false,"campfire_upgraded":3,"win_rate":0.0,"timestamp":1531383726,"path_taken":["M","?","$","?","M","R","E","M","T","E","R","?","?","?","R","BOSS","M","?","M","$","?","R","E","M","T","?","R","$","E","?"],"build_version":"2018-07-05","purchased_purges":0,"victory":false,"max_hp_per_floor":[75,75,75,75,75,75,75,75,75,75,75,81,81,87,87,87,87,87,87,92,92,92,92,92,92,92,92,92,92,92,92],"card_choices":[{"not_picked":["Conserve Battery","Stack"],"picked":"Fusion","floor":1},{"not_picked":["Coolheaded","Consume"],"picked":"Ball Lightning","floor":5},{"not_picked":["Compile Driver","Hologram"],"picked":"Redo","floor":7},{"not_picked":["Hologram","Ball Lightning"],"picked":"Genetic Algorithm","floor":8},{"not_picked":["Streamline","Reboot"],"picked":"Hello World","floor":10},{"not_picked":["Hologram","Rebound"],"picked":"Chaos","floor":13},{"not_picked":["Reboot","Echo Form"],"picked":"Electrodynamics","floor":16},{"not_picked":["Coolheaded","Reinforced Body"],"picked":"Redo+1","floor":18},{"not_picked":["FTL+1","Reprogram+1"],"picked":"Double Energy+1","floor":20},{"not_picked":["Go for the Eyes","Steam"],"picked":"Defragment+1","floor":24},{"not_picked":["Blizzard","Rip and Tear"],"picked":"Stack+1","floor":25},{"not_picked":["Recycle","Rebound"],"picked":"Fission","floor":30}],"player_experience":265561,"relics_obtained":[{"floor":7,"key":"Darkstone Periapt"},{"floor":9,"key":"Potion Belt"},{"floor":10,"key":"Bag of Marbles"},{"floor":24,"key":"War Paint"},{"floor":26,"key":"Boot"},{"floor":30,"key":"Whetstone"}],"event_choices":[{"event_name":"Bonfire Elementals","player_choice":"BASIC","floor":2,"damage_taken":0},{"event_name":"Living Wall","player_choice":"Change","floor":4,"damage_taken":0},{"event_name":"Big Fish","player_choice":"Box","floor":12,"damage_taken":0},{"event_name":"Golden Idol","player_choice":"Take Wound","floor":14,"damage_taken":0},{"event_name":"Fountain of Cleansing","player_choice":"Removed Curse","floor":19,"damage_taken":0},{"event_name":"Beggar","player_choice":"Ignored","floor":22,"damage_taken":0},{"event_name":"Ghosts","player_choice":"Ignored","floor":27,"damage_taken":0}],"boss_relics":[{"not_picked":["Velvet Choker","Ectoplasm"],"picked":"Eternal Feather"}],"items_purged_floors":[],"is_endless":false,"potions_floor_spawned":[5,8,10,18,20],"killed_by":"Cultist and Chosen","ascension_level":1}