{"gold_per_floor":[114,129,144,159,174,204,32,32,32,47,62,92,92,107,107,207,207,222,29,44,59,59,59,74,89,114,16,31,61,76,106,106,206,206,221,21,21,21,21,21,36,36],"floor_reached":42,"playtime":2844,"items_purged":[],"score":579,"play_id":"577426c5-280f-48e0-a750-947122e5d4f6","local_time":"20190604173000","daily_mods":["Shiny","Time Dilation","Night Terrors"],"is_ascension_mode":false,"campfire_choices":[{"data":"After Image","floor":8,"key":"SMITH"},{"floor":15,"key":"REST"},{"floor":23,"key":"REST"},{"floor":32,"key":"REST"},{"data":"Envenom","floor":40,"key":"SMITH"}],"neow_cost":"","seed_source_timestamp":0,"circlet_count":0,"master_deck":["Corpse Explosion","Phantasmal Killer","Die Die Die","Adrenaline+1","Envenom+1","Doppelganger","Burst","Wraith Form v2","Tools of the Trade","Night Terror","Unload","After Image+1","Bullet Time","Storm of Steel","Glass Knife","A Thousand Cuts","Grand Finale","Prepared","Poisoned Stab","Sucker Punch","Backflip+1","Accuracy","Dodge and Roll","Backstab","Trip","Flying Knee","Outmaneuver","Bane","Bullet Time","Blade Dance","Storm of Steel","Magnetism","PiercingWail","Backflip","Caltrops","Bane","Noxious Fumes","Underhanded Strike","Backstab","Poisoned Stab","Blade Dance+1","Dagger Spray+1","Slice","Caltrops","Bullet Time","Regret","Clumsy","Decay","Deflect+1","Writhe","Blur+1"],"special_seed":18051,"relics":["Ring of the Serpent","Vajra","Bottled Tornado","Snake Skull","Happy Flower","Du-Vu Doll","War Paint","Calling Bell","Boot","Frozen Egg 2","Turnip","Strange Spoon"],"potions_floor_usage":[12,12,24,31,31,31,33],"damage_taken":[{"damage":5,"enemies":"2 Louse","floor":1,"turns":2},{"damage":0,"enemies":"Cultist","floor":2,"turns":2},{"damage":0,"enemies":"Small Slimes","floor":3,"turns":1},{"damage":6,"enemies":"3 Louse","floor":4,"turns":2},{"damage":0,"enemies":"Large Slime","floor":5,"turns":3},{"damage":1,"enemies":"Lagavulin","floor":6,"turns":5},{"damage":13,"enemies":"Exordium Thugs","floor":10,"turns":4},{"damage":14,"enemies":"Blue Slaver","floor":11,"turns":3},{"damage":4,"enemies":"Gremlin Nob","floor":12,"turns":3},{"damage":4,"enemies":"2 Fungi Beasts","floor":14,"turns":4},{"damage":19,"enemies":"Slime Boss","floor":16,"turns":5},{"damage":6,"enemies":"Chosen","floor":18,"turns":3},{"damage":11,"enemies":"3 Byrds","floor":20,"turns":3},{"damage":33,"enemies":"Cultist and Chosen","floor":21,"turns":9},{"damage":21,"enemies":"Snake Plant","floor":24,"turns":3},{"damage":0,"enemies":"Centurion and Healer","floor":25,"turns":3},{"damage":3,"enemies":"3 Cultists","floor":28,"turns":5},{"damage":0,"enemies":"Gremlin Leader","floor":29,"turns":4},{"damage":3,"enemies":"Snecko","floor":30,"turns":3},{"damage":29,"enemies":"Slavers","floor":31,"turns":3},{"damage":0,"enemies":"Automaton","floor":33,"turns":6},{"damage":27,"enemies":"3 Shapes","floor":35,"turns":3},{"damage":8,"enemies":"Orb Walker","floor":41,"turns":2},{"damage":39,"enemies":"Reptomancer","floor":42,"turns":4}],"seed_played":"9214061577332068412","potions_obtained":[{"floor":1,"key":"LiquidBronze"},{"floor":3,"key":"Fire Potion"},{"floor":4,"key":"SkillPotion"},{"floor":12,"key":"SneckoOil"},{"floor":16,"key":"EssenceOfSteel"},{"floor":25,"key":"Block Potion"},{"floor":31,"key":"GhostInAJar"},{"floor":35,"key":"LiquidBronze"}],"is_trial":false,"path_per_floor":["M","M","M","M","M","E","$","R","T","M","M","E","?","M","R","B",null,"M","$","M","M","?","R","M","M","T","$","M","E","M","E","R","B",null,"M","$","?","?","?","R","M","E"],"character_chosen":"THE_SILENT","items_purchased":["Backstab","Trip","Magnetism","PiercingWail","Backstab","Poisoned Stab","Strange Spoon"],"campfire_rested":3,"item_purchase_floors":[7,7,19,19,27,27,36],"current_hp_per_floor":[65,65,65,59,59,58,58,58,58,45,31,27,27,23,65,46,65,59,59,48,15,15,60,39,39,39,39,36,36,33,4,55,55,55,28,28,28,42,42,42,34,0],"gold":36,"neow_bonus":"","is_prod":false,"is_daily":true,"chose_seed":false,"campfire_upgraded":2,"win_rate":0,"timestamp":1559683800,"path_taken":["M","M","M","M","M","E","$","R","T","M","M","E","?","M","R","BOSS","M","$","M","?","?","R","M","M","T","?","M","E","M","E","R","BOSS","M","$","?","?","?","R","?","E"],"build_version":"2019-01-23","purchased_purges":0,"victory":false,"max_hp_per_floor":[70,70,70,70,70,70,70,70,70,70,70,70,70,70,65,65,65,65,65,65,65,65,60,60,60,60,60,60,60,60,60,55,55,55,55,55,55,55,55,55,55,55],"card_choices":[{"not_picked":["Crippling Poison","Sucker Punch"],"picked":"Prepared","floor":1},{"not_picked":["Bane","PiercingWail"],"picked":"Poisoned Stab","floor":2},{"not_picked":["Finisher","Flechettes"],"picked":"Sucker Punch","floor":3},{"not_picked":["Underhanded Strike","Acrobatics"],"picked":"Backflip","floor":4},{"not_picked":["Backflip","Dodge and Roll"],"picked":"Accuracy","floor":5},{"not_picked":["Night Terror","Backflip"],"picked":"Dodge and Roll","floor":6},{"not_picked":["Blade Dance","Backflip"],"picked":"Flying Knee","floor":10},{"not_picked":["Dash","Dodge and Roll"],"picked":"Outmaneuver","floor":11},{"not_picked":["Outmaneuver","PiercingWail"],"picked":"Bane","floor":12},{"not_picked":["Dodge and Roll","Expertise"],"picked":"Blade Dance","floor":14},{"not_picked":["Malaise","Tools of the Trade"],"picked":"Storm of Steel","floor":16},{"not_picked":["Deadly Poison","Backflip"],"picked":"Crippling Poison","floor":18},{"not_picked":["Dodge and Roll","Acrobatics+1"],"picked":"Backflip","floor":20},{"not_picked":["Malaise","Flying Knee"],"picked":"Caltrops","floor":21},{"not_picked":["Flechettes","Quick Slash"],"picked":"Noxious Fumes","floor":24},{"not_picked":["Backflip","Blade Dance"],"picked":"Underhanded Strike","floor":25},{"not_picked":["Expertise","Malaise"],"picked":"Blade Dance+1","floor":28},{"not_picked":["Flying Knee","Prepared+1"],"picked":"Dagger Spray+1","floor":29},{"not_picked":["Well Laid Plans","Quick Slash+1"],"picked":"Slice","floor":30},{"not_picked":["Finisher","Prepared"],"picked":"Caltrops","floor":31},{"not_picked":["Wraith Form v2","Unload"],"picked":"Bullet Time","floor":33},{"not_picked":["Sucker Punch","Riddle With Holes+1"],"picked":"Deflect+1","floor":35},{"not_picked":["Flying Knee+1","Backflip+1"],"picked":"Blur+1","floor":41}],"player_experience":733169,"relics_obtained":[{"floor":6,"key":"Vajra"},{"floor":9,"key":"Bottled Tornado"},{"floor":12,"key":"Snake Skull"},{"floor":26,"key":"Happy Flower"},{"floor":29,"key":"Du-Vu Doll"},{"floor":31,"key":"War Paint"},{"floor":34,"key":"Boot"},{"floor":34,"key":"Frozen Egg 2"},{"floor":34,"key":"Turnip"}],"event_choices":[{"damage_healed":0,"gold_gain":0,"cards_transformed":["Venomology"],"player_choice":"Transformed","damage_taken":0,"max_hp_gain":0,"max_hp_loss":0,"event_name":"Transmorgrifier","floor":13,"gold_loss":0,"cards_obtained":["Bullet Time"]},{"damage_healed":0,"gold_gain":0,"cards_transformed":["Malaise"],"player_choice":"Transformed","damage_taken":0,"max_hp_gain":0,"max_hp_loss":0,"event_name":"Transmorgrifier","floor":22,"gold_loss":0,"cards_obtained":["Bane"]},{"cards_removed":["Crippling Poison"],"damage_healed":0,"gold_gain":0,"player_choice":"Removed Skill","damage_taken":0,"max_hp_gain":0,"max_hp_loss":0,"event_name":"Falling","floor":37,"gold_loss":0},{"damage_healed":14,"gold_gain":0,"player_choice":"Writhe","damage_taken":0,"max_hp_gain":0,"max_hp_loss":0,"event_name":"Winding Halls","floor":38,"gold_loss":0,"cards_obtained":["Writhe"]},{"damage_healed":0,"gold_gain":0,"player_choice":"Ignored","damage_taken":0,"max_hp_gain":0,"max_hp_loss":0,"event_name":"SecretPortal","floor":39,"gold_loss":0}],"is_beta":false,"boss_relics":[{"not_picked":["Sozu","Tiny House"],"picked":"Ring of the Serpent"},{"not_picked":["Lizard Tail","Busted Crown"],"picked":"Calling Bell"}],"items_purged_floors":[],"is_endless":false,"potions_floor_spawned":[1,3,4,6,12,16,21,25,28,31,35],"killed_by":"Reptomancer","ascension_level":0}