{"gold_per_floor":[116,116,132,132,142,171,171,184,207,207,3,3,3,29,41,124,136,136,62,62],"floor_reached":20,"playtime":680,"items_purged":[],"score":360,"play_id":"27769b7f-878c-44d9-a7b0-ff9f098f1964","local_time":"20190912082905","is_ascension_mode":true,"campfire_choices":[{"floor":7.0,"key":"REST"},{"data":"Demon Form","floor":10.0,"key":"SMITH"},{"data":"Disarm","floor":12.0,"key":"SMITH"},{"floor":15.0,"key":"REST"}],"neow_cost":"NONE","seed_source_timestamp":1345544793900,"circlet_count":0,"master_deck":["AscendersBane","Strike_R","Strike_R","Strike_R","Strike_R","Defend_R","Defend_R","Defend_R","Defend_R","Bash+1","Demon Form+1","Shockwave+1","Shrug It Off","Iron Wave","Cleave","Disarm+1","Seeing Red+1","Double Tap","Double Tap","Corruption","Ghostly Armor"],"special_seed":0,"relics":["Burning Blood","Bag of Preparation","Art of War","Oddly Smooth Stone","MawBank","Ectoplasm"],"potions_floor_usage":[],"damage_taken":[{"damage":2.0,"enemies":"2 Louse","floor":1.0,"turns":4.0},{"damage":4.0,"enemies":"Jaw Worm","floor":3.0,"turns":5.0},{"damage":2.0,"enemies":"Small Slimes","floor":5.0,"turns":5.0},{"damage":38.0,"enemies":"3 Sentries","floor":6.0,"turns":15.0},{"damage":12.0,"enemies":"Gremlin Gang","floor":8.0,"turns":5.0},{"damage":29.0,"enemies":"Gremlin Nob","floor":14.0,"turns":4.0},{"damage":18.0,"enemies":"Hexaghost","floor":16.0,"turns":8.0},{"damage":34.0,"enemies":"Spheric Guardian","floor":18.0,"turns":6.0},{"damage":0,"enemies":"Chosen","floor":20,"turns":1}],"seed_played":"4163892994889347939","potions_obtained":[{"floor":1.0,"key":"Weak Potion"},{"floor":3.0,"key":"Poison Potion"},{"floor":14.0,"key":"SkillPotion"}],"is_trial":false,"path_per_floor":["M","?","M","?","M","E","R","M","T","R","$","R","?","E","R","B",null,"M","$","M"],"character_chosen":"IRONCLAD","items_purchased":["Oddly Smooth Stone","Seeing Red","Ghostly Armor"],"campfire_rested":2,"item_purchase_floors":[11,11,19],"current_hp_per_floor":[72,65,67,44,48,16,38,32,32,32,32,32,32,9,31,19,61,33,33,33],"gold":62,"neow_bonus":"ONE_RANDOM_RARE_CARD","is_prod":false,"is_daily":false,"chose_seed":false,"campfire_upgraded":2,"win_rate":0,"timestamp":1568302145,"path_taken":["M","?","M","?","?","E","R","M","T","R","$","R","?","E","R","BOSS","M","$","M"],"build_version":"2019-07-17","purchased_purges":0,"victory":false,"max_hp_per_floor":[75,75,75,75,75,75,75,75,75,75,75,75,75,75,75,75,75,75,75,75],"card_choices":[{"not_picked":["Sword Boomerang","Carnage"],"picked":"Shockwave","floor":1.0},{"not_picked":["Clash","Inflame"],"picked":"Shrug It Off","floor":3.0},{"not_picked":["Havoc","Armaments"],"picked":"Iron Wave","floor":5.0},{"not_picked":["Iron Wave","True Grit"],"picked":"Cleave","floor":6.0},{"not_picked":["Thunderclap","Inflame"],"picked":"Disarm","floor":8.0},{"not_picked":["Second Wind","Whirlwind"],"picked":"Double Tap","floor":14.0},{"not_picked":["Demon Form","Dark Embrace"],"picked":"Double Tap","floor":16.0},{"not_picked":["Wild Strike","Reckless Charge+1"],"picked":"Corruption","floor":18.0}],"player_experience":693956,"relics_obtained":[{"floor":6.0,"key":"Bag of Preparation"},{"floor":9.0,"key":"Art of War"},{"floor":14.0,"key":"MawBank"}],"event_choices":[{"cards_removed":["Strike_R"],"damage_healed":0.0,"max_hp_gain":0.0,"max_hp_loss":0.0,"gold_gain":0.0,"event_name":"Golden Wing","player_choice":"Card Removal","floor":2.0,"gold_loss":0.0,"damage_taken":7.0},{"damage_healed":0.0,"max_hp_gain":0.0,"max_hp_loss":0.0,"gold_gain":0.0,"event_name":"Shining Light","player_choice":"Entered Light","floor":4.0,"gold_loss":0.0,"damage_taken":23.0,"cards_upgraded":["Shockwave","Bash"]},{"damage_healed":0.0,"max_hp_gain":0.0,"max_hp_loss":0.0,"gold_gain":0.0,"event_name":"Accursed Blacksmith","player_choice":"Forge","floor":13.0,"gold_loss":0.0,"damage_taken":0.0,"cards_upgraded":["Seeing Red"]}],"is_beta":false,"boss_relics":[{"not_picked":["Busted Crown","White Beast Statue"],"picked":"Ectoplasm"}],"items_purged_floors":[],"is_endless":false,"potions_floor_spawned":[1,3,14],"killed_by":"Chosen","ascension_level":20}