{"gold_per_floor":[110,110,110,110,130,170,170,201,201,242,255,289,18,52,52,52],"floor_reached":16,"playtime":484,"items_purged":[],"score":322,"play_id":"8a98edc3-dc61-4ed3-9b24-0d8fad80989c","local_time":"20190921233718","is_ascension_mode":true,"campfire_choices":[{"data":"Inflame","floor":7,"key":"SMITH"},{"floor":15,"key":"REST"}],"neow_cost":"NONE","seed_source_timestamp":429743476829800,"circlet_count":0,"master_deck":["AscendersBane","Strike_R","Strike_R","Strike_R","Strike_R","Strike_R","Defend_R","Defend_R","Defend_R","Defend_R","Bash","Metallicize","Pain","Inflame+1","Heavy Blade","Pummel","Sentinel","Flame Barrier","Body Slam","Heavy Blade"],"relics":["Burning Blood","NeowsBlessing","Golden Idol","WarpedTongs","Lizard Tail","Juzu Bracelet","Dodecahedron","Dead Branch","Toxic Egg 2","The Courier"],"potions_floor_usage":[8,10,12,14],"damage_taken":[{"damage":0,"enemies":"Jaw Worm","floor":1,"turns":1},{"damage":0,"enemies":"Small Slimes","floor":5,"turns":1},{"damage":0,"enemies":"Gremlin Nob","floor":6,"turns":1},{"damage":36,"enemies":"3 Sentries","floor":8,"turns":11},{"damage":22,"enemies":"Lagavulin","floor":10,"turns":7},{"damage":2,"enemies":"Cultist","floor":11,"turns":2},{"damage":13,"enemies":"3 Sentries","floor":12,"turns":6},{"damage":31,"enemies":"Gremlin Nob","floor":14,"turns":4},{"damage":29,"enemies":"Hexaghost","floor":16,"turns":9}],"seed_played":"7744615556061502788","potions_obtained":[{"floor":6,"key":"Strength Potion"},{"floor":8,"key":"Regen Potion"},{"floor":10,"key":"SteroidPotion"},{"floor":11,"key":"Explosive Potion"},{"floor":12,"key":"Regen Potion"}],"is_trial":false,"path_per_floor":["M","?","$","?","M","E","R","E","T","E","M","E","$","E","R","B"],"character_chosen":"IRONCLAD","items_purchased":["Toxic Egg 2"],"campfire_rested":1,"item_purchase_floors":[13],"current_hp_per_floor":[74,48,48,48,54,60,60,30,30,29,33,26,26,13,35,6],"gold":52,"neow_bonus":"THREE_ENEMY_KILL","is_prod":false,"is_daily":false,"chose_seed":false,"campfire_upgraded":1,"win_rate":0,"timestamp":1569134238,"path_taken":["M","?","$","?","?","E","R","E","T","E","M","E","$","E","R","BOSS"],"build_version":"2019-09-20","purchased_purges":0,"victory":false,"max_hp_per_floor":[75,75,75,75,75,75,75,75,75,75,75,75,75,75,75,75],"card_choices":[{"not_picked":["Perfected Strike","Seeing Red"],"picked":"Metallicize","floor":1},{"not_picked":["Armaments","Flex"],"picked":"Inflame","floor":5},{"not_picked":["Entrench","Sword Boomerang"],"picked":"Heavy Blade","floor":6},{"not_picked":["Anger","Iron Wave"],"picked":"Pummel","floor":8},{"not_picked":["Headbutt","Brutality"],"picked":"Sentinel","floor":10},{"not_picked":["Iron Wave","Blood for Blood"],"picked":"Flame Barrier","floor":11},{"not_picked":["Double Tap","Twin Strike"],"picked":"Body Slam","floor":12},{"not_picked":["Iron Wave","Body Slam"],"picked":"Heavy Blade","floor":14}],"player_experience":948304,"relics_obtained":[{"floor":6,"key":"Lizard Tail"},{"floor":8,"key":"Juzu Bracelet"},{"floor":9,"key":"Dodecahedron"},{"floor":10,"key":"Dead Branch"},{"floor":14,"key":"The Courier"}],"event_choices":[{"damage_healed":0,"gold_gain":0,"player_choice":"Take Damage","damage_taken":26,"relics_obtained":["Golden Idol"],"max_hp_gain":0,"max_hp_loss":0,"event_name":"Golden Idol","floor":2,"gold_loss":0},{"damage_healed":0,"gold_gain":0,"player_choice":"Rummage","damage_taken":0,"relics_obtained":["WarpedTongs"],"max_hp_gain":0,"max_hp_loss":0,"event_name":"Accursed Blacksmith","floor":4,"gold_loss":0,"cards_obtained":["Pain"]}],"is_beta":true,"boss_relics":[],"items_purged_floors":[],"is_endless":false,"potions_floor_spawned":[6,8,10,11,12],"killed_by":"Hexaghost","ascension_level":20}