{"gold_per_floor":[111,126,126,138,164,209,237,249,285,307,337,349,381,413,425,510,522,544,572,584],"floor_reached":20,"playtime":749,"items_purged":[],"score":360,"play_id":"a4b48da9-8bd0-4d8a-b955-eae0c1a6363c","local_time":"20190921162632","is_ascension_mode":true,"campfire_choices":[{"data":"Combust","floor":8,"key":"SMITH"},{"floor":15,"key":"REST"}],"neow_cost":"NONE","seed_source_timestamp":403633326335700,"circlet_count":0,"master_deck":["AscendersBane","Strike_R","Strike_R+1","Strike_R+1","Strike_R","Strike_R","Defend_R","Defend_R","Defend_R","Defend_R","Bash","True Grit","Clothesline","Regret","Combust+1","True Grit","Shrug It Off","Anger","Power Through","Impervious","Disarm","Immolate","Headbutt","Body Slam"],"relics":["Burning Blood","Pen Nib","MawBank","Whetstone","Lantern","Sozu"],"potions_floor_usage":[6,16,16],"damage_taken":[{"damage":8,"enemies":"Small Slimes","floor":1,"turns":4},{"damage":3,"enemies":"2 Louse","floor":2,"turns":3},{"damage":9,"enemies":"Jaw Worm","floor":5,"turns":5},{"damage":34,"enemies":"Lagavulin","floor":6,"turns":7},{"damage":22,"enemies":"Lots of Slimes","floor":7,"turns":6},{"damage":6,"enemies":"Exordium Thugs","floor":10,"turns":4},{"damage":4,"enemies":"Blue Slaver","floor":11,"turns":3},{"damage":4,"enemies":"2 Fungi Beasts","floor":13,"turns":3},{"damage":5,"enemies":"Exordium Wildlife","floor":14,"turns":4},{"damage":33,"enemies":"The Guardian","floor":16,"turns":14},{"damage":21,"enemies":"2 Thieves","floor":18,"turns":4},{"damage":29,"enemies":"Shell Parasite","floor":19,"turns":5},{"damage":22,"enemies":"Sentry and Sphere","floor":20,"turns":5}],"seed_played":"6705729201657041333","potions_obtained":[{"floor":5,"key":"PowerPotion"},{"floor":6,"key":"Strength Potion"},{"floor":7,"key":"DuplicationPotion"}],"is_trial":false,"path_per_floor":["M","M","?","?","M","E","M","R","T","M","M","$","M","M","R","B",null,"M","M","M"],"character_chosen":"IRONCLAD","items_purchased":[],"campfire_rested":1,"item_purchase_floors":[],"current_hp_per_floor":[66,69,69,69,66,38,22,22,22,22,24,24,26,27,49,22,62,47,24,2],"gold":584,"neow_bonus":"RANDOM_COMMON_RELIC","is_prod":false,"is_daily":false,"chose_seed":false,"campfire_upgraded":1,"win_rate":0,"timestamp":1569108392,"path_taken":["M","M","?","?","M","E","M","R","T","M","M","$","M","M","R","BOSS","M","M","M"],"build_version":"2019-09-20","purchased_purges":0,"victory":false,"max_hp_per_floor":[75,75,75,75,75,75,75,75,75,75,75,75,75,75,75,75,75,75,75,75],"card_choices":[{"not_picked":["Infernal Blade","Flex"],"picked":"True Grit","floor":1},{"not_picked":["Burning Pact","Heavy Blade"],"picked":"Clothesline","floor":2},{"not_picked":["Body Slam","Sword Boomerang"],"picked":"Combust","floor":5},{"not_picked":["Twin Strike","Juggernaut"],"picked":"True Grit","floor":6},{"not_picked":["Perfected Strike","Body Slam"],"picked":"Shrug It Off","floor":7},{"not_picked":["Corruption","Twin Strike"],"picked":"Anger","floor":10},{"not_picked":["Anger","Combust"],"picked":"Power Through","floor":11},{"not_picked":["Sentinel","Havoc"],"picked":"Impervious","floor":13},{"not_picked":["Wild Strike","Anger"],"picked":"Disarm","floor":14},{"not_picked":["Demon Form","Limit Break"],"picked":"Immolate","floor":16},{"not_picked":["Clash","Iron Wave"],"picked":"Headbutt","floor":18},{"not_picked":["Ghostly Armor","Shrug It Off"],"picked":"Body Slam","floor":19}],"player_experience":929060,"relics_obtained":[{"floor":6,"key":"Whetstone"},{"floor":9,"key":"Lantern"}],"event_choices":[{"damage_healed":0,"gold_gain":0,"player_choice":"Box","damage_taken":0,"relics_obtained":["MawBank"],"max_hp_gain":0,"max_hp_loss":0,"event_name":"Big Fish","floor":3,"gold_loss":0,"cards_obtained":["Regret"]},{"damage_healed":0,"gold_gain":0,"player_choice":"Ignored","damage_taken":0,"max_hp_gain":0,"max_hp_loss":0,"event_name":"Liars Game","floor":4,"gold_loss":0}],"is_beta":true,"boss_relics":[{"not_picked":["Ectoplasm","Mark of Pain"],"picked":"Sozu"}],"items_purged_floors":[],"is_endless":false,"potions_floor_spawned":[5,6,7,10,14],"killed_by":"Sentry and Sphere","ascension_level":20}