{"gold_per_floor":[113,130,130,130,150,193,193,216,216,216,23,23,59,0,0,0],"floor_reached":16,"playtime":640,"items_purged":["Defend_R"],"score":216,"play_id":"dd153f8b-b4c8-40d5-b684-873c0a5b99e8","local_time":"20190913095310","is_ascension_mode":true,"campfire_choices":[{"data":"Shockwave","floor":7,"key":"SMITH"},{"floor":10,"key":"REST"},{"data":"Evolve","floor":15,"key":"SMITH"}],"neow_cost":"NONE","seed_source_timestamp":92883694031000,"circlet_count":0,"master_deck":["AscendersBane","Strike_R","Strike_R","Strike_R","Strike_R","Defend_R","Defend_R","Defend_R","Bash","Power Through","Seeing Red","Battle Trance","Shockwave+1","Metallicize","Evolve+1","Power Through","Feel No Pain","Feel No Pain"],"relics":["Burning Blood","Oddly Smooth Stone","Golden Idol","Question Card","Mummified Hand","Ancient Tea Set"],"potions_floor_usage":[],"damage_taken":[{"damage":5,"enemies":"Cultist","floor":1,"turns":5},{"damage":0,"enemies":"Jaw Worm","floor":2,"turns":7},{"damage":8,"enemies":"Small Slimes","floor":5,"turns":4},{"damage":56,"enemies":"Gremlin Nob","floor":6,"turns":5},{"damage":6,"enemies":"Red Slaver","floor":8,"turns":5},{"damage":7,"enemies":"3 Sentries","floor":13,"turns":9},{"damage":1,"enemies":"Looter","floor":14,"turns":5},{"damage":49,"enemies":"Hexaghost","floor":16,"turns":14}],"seed_played":"3174012954747223460","potions_obtained":[{"floor":1,"key":"Energy Potion"},{"floor":5,"key":"Explosive Potion"}],"is_trial":false,"path_per_floor":["M","M","?","?","M","E","R","M","T","R","$","?","E","M","R","B"],"character_chosen":"IRONCLAD","items_purchased":["Evolve","Power Through"],"campfire_rested":1,"item_purchase_floors":[11,11],"current_hp_per_floor":[69,75,49,74,72,22,22,22,22,44,44,44,43,48,48,0],"gold":0,"neow_bonus":"RANDOM_COMMON_RELIC","is_prod":false,"is_daily":false,"chose_seed":false,"campfire_upgraded":2,"win_rate":0,"timestamp":1568393590,"path_taken":["M","?","?","?","M","E","R","M","T","R","$","?","E","?","R","BOSS"],"build_version":"2019-07-17","purchased_purges":1,"victory":false,"max_hp_per_floor":[75,75,75,75,75,75,75,75,75,75,75,75,75,75,75,75],"card_choices":[{"not_picked":["Seeing Red","Heavy Blade"],"picked":"Power Through","floor":1},{"not_picked":["Warcry","Dual Wield"],"picked":"Seeing Red","floor":2},{"not_picked":["Shrug It Off","Pommel Strike"],"picked":"Battle Trance","floor":5},{"not_picked":["Shrug It Off","Flame Barrier"],"picked":"Shockwave","floor":6},{"not_picked":["Reckless Charge","Wild Strike","Headbutt"],"picked":"Metallicize","floor":8},{"not_picked":["Havoc","Intimidate","Body Slam"],"picked":"Feel No Pain","floor":13},{"not_picked":["Twin Strike","Pommel Strike","Perfected Strike"],"picked":"Feel No Pain","floor":14}],"player_experience":732065,"relics_obtained":[{"floor":6,"key":"Question Card"},{"floor":9,"key":"Mummified Hand"},{"floor":13,"key":"Ancient Tea Set"}],"event_choices":[{"damage_healed":0,"gold_gain":0,"player_choice":"Take Damage","damage_taken":26,"relics_obtained":["Golden Idol"],"max_hp_gain":0,"max_hp_loss":0,"event_name":"Golden Idol","floor":3,"gold_loss":0},{"damage_healed":25,"gold_gain":0,"player_choice":"Banana","damage_taken":0,"max_hp_gain":0,"max_hp_loss":0,"event_name":"Big Fish","floor":4,"gold_loss":0},{"cards_removed":["Strike_R"],"damage_healed":0,"gold_gain":0,"player_choice":"Purged","damage_taken":0,"max_hp_gain":0,"max_hp_loss":0,"event_name":"Purifier","floor":12,"gold_loss":0}],"is_beta":false,"boss_relics":[],"items_purged_floors":[11],"is_endless":false,"potions_floor_spawned":[1,5,6,8],"killed_by":"Hexaghost","ascension_level":20}