{"gold_per_floor":[114,129,144,11,26,56,56,56,106,121,121,151,195,210,210,310,310,325,340,18,18,33,33,48,63,88,118,118,133,148,73,73,173,173,188,188,203,218,233,10,10,40,40,70,85,85,85,85,85,85],"floor_reached":51,"playtime":3110,"items_purged":[],"score":841,"play_id":"83cc4ad0-5c09-4fad-8e99-ec3edea71ef7","local_time":"20190518211941","daily_mods":["SealedDeck","Vintage","Lethality"],"is_ascension_mode":false,"campfire_choices":[{"data":"Fire Breathing","floor":8,"key":"SMITH"},{"data":"Flex","floor":11,"key":"SMITH"},{"data":"Inflame","floor":15,"key":"SMITH"},{"data":"Pommel Strike","floor":23,"key":"SMITH"},{"data":"Entrench","floor":32,"key":"SMITH"},{"data":"Metallicize","floor":46,"key":"SMITH"},{"data":"Shrug It Off","floor":49,"key":"SMITH"}],"neow_cost":"","seed_source_timestamp":0,"circlet_count":0,"master_deck":["Entrench+1","Pommel Strike+1","Perfected Strike","Perfected Strike","Thunderclap+1","Sword Boomerang","Iron Wave","Armaments+1","Fire Breathing+1","Rage","Flex+1","Metallicize+1","Cleave","Shrug It Off+1","Inflame+1","Wild Strike","Reaper+1","Shrug It Off","Dual Wield","Dark Embrace","Thinking Ahead+1","Warcry+1","Madness+1","Madness+1","Ghostly Armor+1","Havoc+1","Dark Shackles+1","Dramatic Entrance+1","Mind Blast+1","Flex+1"],"special_seed":18035,"relics":["Burning Blood","Pen Nib","Centennial Puzzle","Mummified Hand","Champion Belt","Mercury Hourglass","Regal Pillow","Blue Candle","Letter Opener","Kunai","Bottled Flame","Philosopher\u0027s Stone","Gambling Chip","Pocketwatch","Incense Burner","WarpedTongs","Sundial","Lantern","Omamori","Potion Belt","Orichalcum","Toxic Egg 2","Meat on the Bone","Molten Egg 2","Runic Pyramid","Bottled Lightning","Bronze Scales","Singing Bowl","Charon\u0027s Ashes","Whetstone","Juzu Bracelet","Anchor","Oddly Smooth Stone"],"potions_floor_usage":[22,24,30,33,50,50,50],"damage_taken":[{"damage":0,"enemies":"Small Slimes","floor":1,"turns":1},{"damage":8,"enemies":"Jaw Worm","floor":2,"turns":2},{"damage":4,"enemies":"2 Louse","floor":3,"turns":2},{"damage":3,"enemies":"Gremlin Gang","floor":5,"turns":2},{"damage":8,"enemies":"3 Sentries","floor":6,"turns":3},{"damage":0,"enemies":"Exordium Thugs","floor":10,"turns":2},{"damage":4,"enemies":"Lagavulin","floor":12,"turns":4},{"damage":0,"enemies":"Gremlin Nob","floor":13,"turns":2},{"damage":0,"enemies":"3 Louse","floor":14,"turns":2},{"damage":0,"enemies":"Slime Boss","floor":16,"turns":3},{"damage":6,"enemies":"Shell Parasite","floor":18,"turns":2},{"damage":9,"enemies":"2 Thieves","floor":19,"turns":2},{"damage":8,"enemies":"Centurion and Healer","floor":22,"turns":3},{"damage":24,"enemies":"Snake Plant","floor":24,"turns":2},{"damage":0,"enemies":"Cultist and Chosen","floor":25,"turns":3},{"damage":8,"enemies":"Book of Stabbing","floor":27,"turns":3},{"damage":1,"enemies":"Snecko","floor":29,"turns":2},{"damage":0,"enemies":"Snake Plant","floor":30,"turns":1},{"damage":7,"enemies":"Collector","floor":33,"turns":6},{"damage":1,"enemies":"3 Shapes","floor":35,"turns":2},{"damage":0,"enemies":"3 Darklings","floor":37,"turns":3},{"damage":17,"enemies":"Transient","floor":38,"turns":5},{"damage":3,"enemies":"Jaw Worm Horde","floor":39,"turns":3},{"damage":1,"enemies":"Reptomancer","floor":42,"turns":3},{"damage":0,"enemies":"Giant Head","floor":44,"turns":6},{"damage":0,"enemies":"4 Shapes","floor":45,"turns":2},{"damage":33,"enemies":"Time Eater","floor":50,"turns":6}],"seed_played":"-6451152529473643589","potions_obtained":[{"floor":2,"key":"Strength Potion"},{"floor":6,"key":"SkillPotion"},{"floor":13,"key":"Explosive Potion"},{"floor":25,"key":"SkillPotion"},{"floor":27,"key":"Poison Potion"},{"floor":29,"key":"BloodPotion"},{"floor":35,"key":"Ancient Potion"},{"floor":44,"key":"Fire Potion"},{"floor":45,"key":"SneckoOil"}],"is_trial":false,"path_per_floor":["M","M","M","$","M","E","?","R","T","M","R","E","?","M","R","B",null,"M","M","$","?","M","R","M","M","T","E","T","M","M","?","R","B",null,"M","?","M","M","M","$","?","E","T","E","M","R","?","?","R","B",null],"character_chosen":"IRONCLAD","items_purchased":["Flex","Metallicize","Cleave","Incense Burner","Shrug It Off","Thinking Ahead+1","Warcry+1"],"campfire_rested":0,"item_purchase_floors":[4,4,4,20,20,40,40],"current_hp_per_floor":[80,78,80,80,80,78,78,78,78,80,80,80,80,80,80,80,80,80,80,80,80,80,80,62,79,79,80,80,80,80,80,80,80,80,80,80,80,80,80,80,70,80,80,80,80,80,70,70,70,60],"gold":85,"neow_bonus":"","is_prod":false,"is_daily":true,"chose_seed":false,"campfire_upgraded":7,"win_rate":0,"timestamp":1558228781,"path_taken":["M","M","M","$","M","E","?","R","T","M","R","E","?","M","R","BOSS","M","M","$","?","?","R","M","M","T","E","?","M","?","?","R","BOSS","M","?","?","M","M","$","?","E","T","E","M","R","?","?","R","BOSS"],"build_version":"2019-01-23","purchased_purges":0,"victory":true,"max_hp_per_floor":[80,80,80,80,80,80,80,80,80,80,80,80,80,80,80,80,80,80,80,80,80,80,80,80,80,80,80,80,80,80,80,80,80,80,80,80,80,80,80,80,80,80,80,80,80,80,80,80,80,80],"card_choices":[{"not_picked":["Twin Strike","Armaments"],"picked":"Shrug It Off","floor":6},{"not_picked":["Havoc","Shrug It Off"],"picked":"Inflame","floor":12},{"not_picked":["Sword Boomerang","Berserk"],"picked":"Wild Strike","floor":13},{"not_picked":["Dark Embrace","Fiend Fire"],"picked":"Reaper","floor":16},{"not_picked":["Power Through","Headbutt"],"picked":"Dual Wield","floor":27},{"not_picked":["Brutality","Berserk"],"picked":"Dark Embrace","floor":33},{"not_picked":["Clash+1","Wild Strike+1"],"picked":"Ghostly Armor+1","floor":42},{"not_picked":["Armaments+1","Cleave+1"],"picked":"Havoc+1","floor":44},{"not_picked":["Swift Strike+1","Purity+1"],"picked":"Dark Shackles+1","floor":47},{"not_picked":["Master of Strategy+1","Secret Technique+1"],"picked":"Dramatic Entrance+1","floor":47},{"not_picked":["Good Instincts+1","PanicButton+1"],"picked":"Mind Blast+1","floor":47}],"player_experience":683647,"relics_obtained":[{"floor":1,"key":"Pen Nib"},{"floor":2,"key":"Centennial Puzzle"},{"floor":3,"key":"Mummified Hand"},{"floor":5,"key":"Champion Belt"},{"floor":6,"key":"Mercury Hourglass"},{"floor":9,"key":"Regal Pillow"},{"floor":10,"key":"Blue Candle"},{"floor":12,"key":"Letter Opener"},{"floor":14,"key":"Bottled Flame"},{"floor":18,"key":"Gambling Chip"},{"floor":19,"key":"Pocketwatch"},{"floor":22,"key":"Sundial"},{"floor":24,"key":"Lantern"},{"floor":25,"key":"Omamori"},{"floor":26,"key":"Potion Belt"},{"floor":27,"key":"Orichalcum"},{"floor":28,"key":"Toxic Egg 2"},{"floor":29,"key":"Meat on the Bone"},{"floor":30,"key":"Molten Egg 2"},{"floor":35,"key":"Bottled Lightning"},{"floor":37,"key":"Bronze Scales"},{"floor":38,"key":"Singing Bowl"},{"floor":39,"key":"Charon\u0027s Ashes"},{"floor":42,"key":"Whetstone"},{"floor":43,"key":"Juzu Bracelet"},{"floor":44,"key":"Anchor"},{"floor":45,"key":"Oddly Smooth Stone"}],"event_choices":[{"damage_healed":0,"gold_gain":0,"player_choice":"Grow","damage_taken":0,"max_hp_gain":0,"max_hp_loss":0,"event_name":"Living Wall","floor":7,"gold_loss":0,"cards_upgraded":["Armaments"]},{"damage_healed":0,"gold_gain":0,"player_choice":"Searched \u00272\u0027 times","damage_taken":0,"relics_obtained":["Kunai"],"max_hp_gain":0,"max_hp_loss":0,"event_name":"Dead Adventurer","floor":13,"gold_loss":0},{"damage_healed":0,"gold_gain":0,"player_choice":"Rummage","damage_taken":0,"relics_obtained":["WarpedTongs"],"max_hp_gain":0,"max_hp_loss":0,"event_name":"Accursed Blacksmith","floor":21,"gold_loss":0,"cards_obtained":["Pain"]},{"cards_removed":["Pain"],"damage_healed":0,"gold_gain":0,"player_choice":"Gave Gold","damage_taken":0,"max_hp_gain":0,"max_hp_loss":0,"event_name":"Beggar","floor":31,"gold_loss":75},{"damage_healed":0,"gold_gain":0,"player_choice":"Ignored","damage_taken":0,"max_hp_gain":0,"max_hp_loss":0,"event_name":"Purifier","floor":36,"gold_loss":0},{"damage_healed":0,"gold_gain":0,"player_choice":"Embrace Madness","damage_taken":10,"max_hp_gain":0,"max_hp_loss":0,"event_name":"Winding Halls","floor":41,"gold_loss":0,"cards_obtained":["Madness","Madness"]},{"damage_healed":0,"gold_gain":0,"player_choice":"Memory 3","damage_taken":10,"max_hp_gain":0,"max_hp_loss":0,"event_name":"SensoryStone","floor":47,"gold_loss":0},{"damage_healed":0,"gold_gain":0,"player_choice":"Copied","damage_taken":0,"max_hp_gain":0,"max_hp_loss":0,"event_name":"Duplicator","floor":48,"gold_loss":0,"cards_obtained":["Flex"]}],"is_beta":false,"boss_relics":[{"not_picked":["Runic Dome","White Beast Statue"],"picked":"Philosopher\u0027s Stone"},{"not_picked":["Velvet Choker","Empty Cage"],"picked":"Runic Pyramid"}],"items_purged_floors":[],"is_endless":false,"potions_floor_spawned":[2,6,13,14,18,25,27,29,35,44,45],"ascension_level":0}