{"gold_per_floor":[114,129,144,159,174,174,204,169,219,219,234,264,279,8,8,108,108,123,46,145,29,44,44],"floor_reached":23,"playtime":1329,"items_purged":[],"score":328,"play_id":"5eed78e1-c315-46ae-b161-4377dfa809cc","local_time":"20180703164417","daily_mods":["Specialized","Lethality","Hoarder"],"is_ascension_mode":false,"campfire_choices":[{"data":"Dagger Spray","floor":6,"key":"SMITH"},{"data":"Deadly Poison","floor":10,"key":"SMITH"},{"data":"Crippling Poison","floor":15,"key":"SMITH"}],"neow_cost":"","seed_source_timestamp":1600012436013,"circlet_count":0,"master_deck":["Defend_G","Defend_G","Defend_G","Defend_G","Defend_G","Strike_G","Strike_G","Strike_G","Strike_G+1","Strike_G","Survivor","Neutralize","Phantasmal Killer","Phantasmal Killer","Phantasmal Killer","Phantasmal Killer","Phantasmal Killer","Phantasmal Killer","Phantasmal Killer","Phantasmal Killer","Phantasmal Killer","Phantasmal Killer","Phantasmal Killer","Phantasmal Killer","Phantasmal Killer","Phantasmal Killer","Phantasmal Killer","Slice","Slice+1","Slice","Dagger Spray","Dagger Spray+1","Dagger Spray","Terror","Terror","Terror","Deflect","Deflect","Deflect","Deflect","Deflect","Deflect","Deadly Poison+1","Deadly Poison","Deadly Poison","Backflip","Backflip","Backflip","Bouncing Flask","Bouncing Flask","Bouncing Flask","Bane","Bane","Bane","Crippling Poison+1","Crippling Poison","Crippling Poison","After Image","After Image","After Image","Backstab","Backstab","Backstab","J.A.X.","J.A.X.","J.A.X.","Footwork","Footwork","Footwork","Catalyst","Catalyst","Catalyst","Footwork","Footwork","Footwork"],"special_seed":17715,"relics":["Ring of the Snake","Whetstone","Snake Skull","Paper Crane","Lee\u0027s Waffle","Fusion Hammer"],"potions_floor_usage":[7,12,13,23,23,23,23,23],"damage_taken":[{"damage":8,"enemies":"Small Slimes","floor":1,"turns":4},{"damage":0,"enemies":"Cultist","floor":2,"turns":2},{"damage":6,"enemies":"Jaw Worm","floor":3,"turns":2},{"damage":0,"enemies":"Large Slime","floor":4,"turns":3},{"damage":1,"enemies":"2 Fungi Beasts","floor":5,"turns":3},{"damage":17,"enemies":"Lagavulin","floor":7,"turns":3},{"damage":0,"enemies":"Exordium Wildlife","floor":11,"turns":3},{"damage":14,"enemies":"Gremlin Nob","floor":12,"turns":3},{"damage":15,"enemies":"Blue Slaver","floor":13,"turns":3},{"damage":27,"enemies":"The Guardian","floor":16,"turns":7},{"damage":41,"enemies":"2 Thieves","floor":18,"turns":3},{"damage":0,"enemies":"Spheric Guardian","floor":22,"turns":1},{"damage":40,"enemies":"Book of Stabbing","floor":23,"turns":3}],"seed_played":"-5295216616361332357","potions_obtained":[{"floor":2,"key":"Regen Potion"},{"floor":3,"key":"Block Potion"},{"floor":4,"key":"GamblersBrew"},{"floor":12,"key":"Ancient Potion"},{"floor":18,"key":"EntropicBrew"}],"is_trial":false,"path_per_floor":["M","M","M","M","M","R","E","?","T","R","M","E","M","$","R","B",null,"M","?","?","$","M"],"character_chosen":"THE_SILENT","items_purchased":["Lee\u0027s Waffle","Crippling Poison","Footwork","Catalyst"],"campfire_rested":0,"item_purchase_floors":[14,14,21,21],"current_hp_per_floor":[62,62,56,56,55,55,47,64,64,64,64,50,35,77,77,50,77,36,36,36,36,36,0],"gold":44,"neow_bonus":"","is_prod":false,"is_daily":true,"chose_seed":true,"campfire_upgraded":3,"win_rate":0,"timestamp":1530650657,"path_taken":["M","M","M","M","M","R","E","?","T","R","M","E","M","?","R","BOSS","M","?","?","$","M","E"],"build_version":"2018-06-28","purchased_purges":0,"victory":false,"max_hp_per_floor":[70,70,70,70,70,70,70,70,70,70,70,70,70,77,77,77,77,77,77,77,77,77,77],"card_choices":[{"not_picked":["Endless Agony","Backflip"],"picked":"Slice","floor":1},{"not_picked":["Sucker Punch","Dash"],"picked":"Dagger Spray","floor":2},{"not_picked":["Grand Finale","Endless Agony"],"picked":"Terror","floor":3},{"not_picked":["Predator","Finisher"],"picked":"Deflect","floor":4},{"not_picked":["PiercingWail","Skewer"],"picked":"Deflect","floor":5},{"not_picked":["Acrobatics","Dagger Throw"],"picked":"Deadly Poison","floor":7},{"not_picked":["Calculated Gamble","Masterful Stab"],"picked":"Backflip","floor":11},{"not_picked":["Dodge and Roll","Choke"],"picked":"Bouncing Flask","floor":12},{"not_picked":["Glass Knife","PiercingWail"],"picked":"Bane","floor":13},{"not_picked":["A Thousand Cuts","Unload"],"picked":"After Image","floor":16},{"not_picked":["Masterful Stab+1","Terror"],"picked":"Backstab","floor":18},{"not_picked":["Poisoned Stab","Well Laid Plans+1"],"picked":"Footwork","floor":22}],"player_experience":251131,"relics_obtained":[{"floor":7,"key":"Whetstone"},{"floor":9,"key":"Snake Skull"},{"floor":12,"key":"Paper Crane"}],"event_choices":[{"event_name":"The Cleric","player_choice":"Healed","floor":8,"damage_taken":0},{"event_name":"Drug Dealer","player_choice":"Got JAXXED","floor":19,"damage_taken":0},{"event_name":"Nest","player_choice":"Stole From Cult","floor":20,"damage_taken":0}],"boss_relics":[{"not_picked":["Empty Cage","Philosopher\u0027s Stone"],"picked":"Fusion Hammer"}],"items_purged_floors":[],"is_endless":false,"potions_floor_spawned":[2,3,4,5,12,18],"killed_by":"Book of Stabbing","ascension_level":0}