{"gold_per_floor":[114,125,125,125,275,294,294,334,383,87,87,105,105,105,105,194,194,213,213,213,224,65,65,77,77,77,106,106,141,16,27,27,27],"floor_reached":33,"playtime":1393,"items_purged":["Doubt","Shame","Strike_R"],"score":562,"play_id":"3740237f-c6f7-4795-8fed-3e93ff3d9aa4","local_time":"20190912001126","is_ascension_mode":true,"campfire_choices":[{"data":"Inflame","floor":7,"key":"SMITH"},{"data":"Flame Barrier","floor":11,"key":"SMITH"},{"data":"True Grit","floor":13,"key":"SMITH"},{"data":"Disarm","floor":15,"key":"SMITH"},{"data":"Metallicize","floor":23,"key":"SMITH"},{"data":"Disarm","floor":25,"key":"SMITH"},{"data":"Anger","floor":28,"key":"SMITH"},{"data":"Shockwave","floor":32,"key":"SMITH"}],"neow_cost":"NONE","seed_source_timestamp":202110693960100,"circlet_count":0,"master_deck":["AscendersBane","Strike_R","Strike_R","Strike_R","Strike_R","Defend_R+1","Defend_R+1","Defend_R+1","Defend_R+1","Bash+1","Wild Strike","Inflame+1","Iron Wave","Flame Barrier+1","True Grit+1","Disarm+1","Reaper","Shrug It Off","Metallicize+1","Anger+1","Disarm+1","Impervious","Shockwave+1"],"relics":["Black Blood","Bloody Idol","Pen Nib","Centennial Puzzle","Vajra","Juzu Bracelet","Meat on the Bone","War Paint"],"potions_floor_usage":[8,8,21,27,27,33],"damage_taken":[{"damage":1,"enemies":"Cultist","floor":1,"turns":3},{"damage":6,"enemies":"Jaw Worm","floor":2,"turns":4},{"damage":10,"enemies":"2 Louse","floor":6,"turns":4},{"damage":3,"enemies":"Gremlin Nob","floor":8,"turns":3},{"damage":9,"enemies":"2 Fungi Beasts","floor":12,"turns":3},{"damage":20,"enemies":"Hexaghost","floor":16,"turns":9},{"damage":16,"enemies":"Shell Parasite","floor":18,"turns":11},{"damage":1,"enemies":"Chosen","floor":21,"turns":4},{"damage":6,"enemies":"Centurion and Healer","floor":24,"turns":6},{"damage":51,"enemies":"Gremlin Leader","floor":27,"turns":12},{"damage":28,"enemies":"Book of Stabbing","floor":29,"turns":8},{"damage":24,"enemies":"Shelled Parasite and Fungi","floor":31,"turns":9},{"damage":99,"enemies":"Champ","floor":33,"turns":15}],"seed_played":"-522201245341046395","potions_obtained":[{"floor":1,"key":"Strength Potion"},{"floor":6,"key":"Poison Potion"},{"floor":8,"key":"FearPotion"},{"floor":21,"key":"Strength Potion"},{"floor":24,"key":"Energy Potion"},{"floor":31,"key":"BloodPotion"}],"is_trial":false,"path_per_floor":["M","M","?","?","?","M","R","E","T","$","R","M","R","?","R","B",null,"M","?","?","M","$","R","M","R","T","E","R","E","$","M","R","B"],"character_chosen":"IRONCLAD","items_purchased":["Vajra","True Grit","Anger"],"campfire_rested":0,"item_purchase_floors":[10,10,22],"current_hp_per_floor":[73,73,47,72,72,68,68,71,71,71,71,68,68,45,45,31,64,58,58,58,72,72,72,75,75,75,75,75,70,70,68,68,0],"gold":27,"neow_bonus":"UPGRADE_CARD","is_prod":false,"is_daily":false,"chose_seed":false,"campfire_upgraded":8,"win_rate":0,"timestamp":1568272286,"path_taken":["M","M","?","?","?","M","R","E","T","$","R","M","R","?","R","BOSS","M","?","?","M","$","R","M","R","T","E","R","E","?","M","R","BOSS"],"build_version":"2019-07-17","purchased_purges":3,"victory":false,"max_hp_per_floor":[75,75,75,75,75,75,75,75,75,75,75,75,75,75,75,75,75,75,75,75,75,75,75,75,75,75,75,75,75,75,75,75,75],"card_choices":[{"not_picked":["Sentinel","Sword Boomerang"],"picked":"Wild Strike","floor":1},{"not_picked":["Bloodletting","Rupture"],"picked":"Inflame","floor":2},{"not_picked":["Reckless Charge","Sword Boomerang"],"picked":"Iron Wave","floor":6},{"not_picked":["Bloodletting","Thunderclap"],"picked":"Flame Barrier","floor":8},{"not_picked":["Wild Strike","Barricade"],"picked":"Disarm","floor":12},{"not_picked":["Barricade","Exhume"],"picked":"Reaper","floor":16},{"not_picked":["Armaments","Flex"],"picked":"Shrug It Off","floor":18},{"not_picked":["Shrug It Off","Iron Wave"],"picked":"Metallicize","floor":21},{"not_picked":["Armaments","Ghostly Armor"],"picked":"Disarm","floor":24},{"not_picked":["Anger","Headbutt"],"picked":"Impervious","floor":27},{"not_picked":["Heavy Blade","Thunderclap"],"picked":"Shockwave","floor":29},{"not_picked":["Anger+1","Reckless Charge","Havoc"],"picked":"SKIP","floor":31}],"player_experience":690418,"relics_obtained":[{"floor":8,"key":"Pen Nib"},{"floor":9,"key":"Centennial Puzzle"},{"floor":27,"key":"Meat on the Bone"},{"floor":29,"key":"War Paint"}],"event_choices":[{"damage_healed":0,"gold_gain":0,"player_choice":"Take Damage","damage_taken":26,"relics_obtained":["Golden Idol"],"max_hp_gain":0,"max_hp_loss":0,"event_name":"Golden Idol","floor":3,"gold_loss":0},{"damage_healed":25,"gold_gain":0,"player_choice":"Banana","damage_taken":0,"max_hp_gain":0,"max_hp_loss":0,"event_name":"Big Fish","floor":4,"gold_loss":0},{"damage_healed":0,"gold_gain":150,"player_choice":"AGREE","damage_taken":0,"max_hp_gain":0,"max_hp_loss":0,"event_name":"Liars Game","floor":5,"gold_loss":0,"cards_obtained":["Doubt"]},{"damage_healed":0,"gold_gain":0,"player_choice":"Entered Light","damage_taken":23,"max_hp_gain":0,"max_hp_loss":0,"event_name":"Shining Light","floor":14,"gold_loss":0,"cards_upgraded":["Defend_R","Defend_R"]},{"damage_healed":0,"gold_gain":0,"player_choice":"Stole Relic","damage_taken":0,"relics_obtained":["Juzu Bracelet"],"max_hp_gain":0,"max_hp_loss":0,"event_name":"Addict","floor":19,"gold_loss":0,"cards_obtained":["Shame"]},{"damage_healed":0,"gold_gain":0,"player_choice":"Gave Idol","damage_taken":0,"relics_obtained":["Bloody Idol"],"max_hp_gain":0,"max_hp_loss":0,"event_name":"Forgotten Altar","floor":20,"relics_lost":["Golden Idol"],"gold_loss":0}],"is_beta":false,"boss_relics":[{"not_picked":["Black Star","Eternal Feather"],"picked":"Black Blood"}],"items_purged_floors":[10,22,30],"is_endless":false,"potions_floor_spawned":[1,6,8,21,24,31],"killed_by":"Champ","ascension_level":20}