{"gold_per_floor":[116,134,150,165,176,176,210,210,286,9,22,49,124,124,124,202,202,215,233,233,250,250,250,269,269,337,337,337,396,409,258,258,333,333,346,156,156,169,186,186,218,78,78,78,92,92,103,103,103,103],"floor_reached":50,"playtime":1523,"items_purged":["Strike_R","Dark Embrace","Intimidate"],"score":1104,"play_id":"36982de9-f1ba-44c8-8f8f-6f32f1740c76","local_time":"20190920224749","is_ascension_mode":true,"campfire_choices":[{"data":"Inflame","floor":6,"key":"SMITH"},{"data":"Heavy Blade","floor":8,"key":"SMITH"},{"data":"Anger","floor":15,"key":"SMITH"},{"data":"Immolate","floor":23,"key":"SMITH"},{"data":"Clothesline","floor":25,"key":"SMITH"},{"floor":27,"key":"REST"},{"data":"Immolate","floor":32,"key":"SMITH"},{"data":"Limit Break","floor":40,"key":"SMITH"},{"floor":44,"key":"REST"},{"data":"Double Tap","floor":46,"key":"SMITH"},{"floor":49,"key":"REST"}],"neow_cost":"NONE","seed_source_timestamp":339336955373500,"circlet_count":0,"master_deck":["AscendersBane","Bash","Inflame+1","Clothesline+1","Pummel","Anger+1","Anger","Heavy Blade+1","Immolate+1","Necronomicurse","Entrench","Immolate+1","Metallicize","Twin Strike","Clothesline","Flame Barrier","Pummel","Shrug It Off","Iron Wave","Pummel","Limit Break+1","Armaments+1","Double Tap+1","Shrug It Off","Headbutt","Offering","Master of Strategy","Apotheosis","Deep Breath"],"relics":["Burning Blood","Eternal Feather","Gremlin Horn","Calipers","FaceOfCleric","Sozu","Necronomicon","White Beast Statue","Nloth\u0027s Gift","Tiny Chest","Pandora\u0027s Box","Dream Catcher","The Courier","Pen Nib"],"potions_floor_usage":[12,50,50],"damage_taken":[{"damage":2,"enemies":"Cultist","floor":1,"turns":4},{"damage":4,"enemies":"Small Slimes","floor":2,"turns":4},{"damage":3,"enemies":"2 Louse","floor":3,"turns":2},{"damage":20,"enemies":"Exordium Thugs","floor":4,"turns":5},{"damage":8,"enemies":"Blue Slaver","floor":5,"turns":3},{"damage":7,"enemies":"Gremlin Nob","floor":7,"turns":3},{"damage":8,"enemies":"Looter","floor":11,"turns":3},{"damage":0,"enemies":"Lagavulin","floor":12,"turns":4},{"damage":15,"enemies":"Slime Boss","floor":16,"turns":7},{"damage":24,"enemies":"Shell Parasite","floor":18,"turns":4},{"damage":10,"enemies":"2 Thieves","floor":19,"turns":3},{"damage":3,"enemies":"Centurion and Healer","floor":21,"turns":4},{"damage":25,"enemies":"Snake Plant","floor":24,"turns":4},{"damage":0,"enemies":"Slavers","floor":29,"turns":1},{"damage":7,"enemies":"3 Cultists","floor":30,"turns":3},{"damage":37,"enemies":"Collector","floor":33,"turns":7},{"damage":14,"enemies":"3 Shapes","floor":35,"turns":1},{"damage":0,"enemies":"3 Darklings","floor":38,"turns":1},{"damage":33,"enemies":"Writhing Mass","floor":39,"turns":5},{"damage":45,"enemies":"Nemesis","floor":41,"turns":7},{"damage":19,"enemies":"Transient","floor":45,"turns":6},{"damage":48,"enemies":"Maw","floor":47,"turns":7},{"damage":62,"enemies":"Awakened One","floor":50,"turns":3}],"seed_played":"5308313980574451680","potions_obtained":[{"floor":3,"key":"SpeedPotion"},{"floor":4,"key":"LiquidBronze"},{"floor":7,"key":"SkillPotion"},{"floor":16,"key":"DuplicationPotion"}],"is_trial":false,"path_per_floor":["M","M","M","M","M","R","E","R","T","$","M","E","?","?","R","B",null,"M","M","?","M","?","R","M","R","T","R","?","E","M","$","R","B",null,"M","$","T","M","M","R","E","$","T","R","M","R","M","?","R","B"],"character_chosen":"IRONCLAD","items_purchased":["Gremlin Horn","Metallicize","Limit Break","Headbutt"],"campfire_rested":3,"item_purchase_floors":[10,31,36,42],"current_hp_per_floor":[72,74,75,61,59,59,58,58,58,58,56,62,51,51,60,52,70,53,50,50,54,33,42,24,36,36,72,72,79,79,79,82,52,75,68,68,68,75,49,61,23,23,23,64,52,67,26,16,57,0],"gold":103,"neow_bonus":"THREE_CARDS","is_prod":false,"is_daily":false,"chose_seed":false,"campfire_upgraded":8,"win_rate":0,"timestamp":1569044869,"path_taken":["M","M","M","M","M","R","E","R","T","$","?","E","?","?","R","BOSS","M","M","?","M","?","R","M","R","T","R","?","E","M","$","R","BOSS","M","$","?","M","M","R","E","$","T","R","M","R","M","?","R","BOSS"],"build_version":"2019-09-20","purchased_purges":3,"victory":false,"max_hp_per_floor":[75,75,75,75,75,75,75,75,75,75,75,75,75,75,75,76,76,77,78,78,79,79,79,80,80,80,80,80,81,82,82,82,83,83,84,84,84,85,86,86,87,87,87,87,88,88,89,89,89,89],"card_choices":[{"not_picked":["Iron Wave","Havoc"],"picked":"Inflame","floor":0},{"not_picked":["Body Slam","Twin Strike"],"picked":"Clothesline","floor":1},{"not_picked":["Inflame","Twin Strike"],"picked":"Pummel","floor":2},{"not_picked":["Dual Wield","Heavy Blade"],"picked":"Anger","floor":3},{"not_picked":["Pommel Strike","Flex"],"picked":"Anger","floor":4},{"not_picked":["Rampage","Warcry","Clothesline"],"picked":"SKIP","floor":5},{"not_picked":["Cleave","Reckless Charge"],"picked":"Heavy Blade","floor":7},{"not_picked":["Hemokinesis","Clash","Body Slam"],"picked":"SKIP","floor":11},{"not_picked":["Body Slam","Hemokinesis","Whirlwind"],"picked":"SKIP","floor":12},{"not_picked":["Reaper","Exhume"],"picked":"Immolate","floor":16},{"not_picked":["Wild Strike","Headbutt","Perfected Strike"],"picked":"SKIP","floor":18},{"not_picked":["Rupture","Anger","Twin Strike"],"picked":"SKIP","floor":19},{"not_picked":["Anger","Iron Wave","Headbutt"],"picked":"SKIP","floor":21},{"not_picked":["Hemokinesis","Headbutt"],"picked":"Entrench","floor":24},{"not_picked":["Rupture","Disarm"],"picked":"Immolate","floor":29},{"not_picked":["Disarm","Flex","Clash"],"picked":"SKIP","floor":30},{"not_picked":["Clothesline","Iron Wave"],"picked":"Pummel","floor":35},{"not_picked":["Perfected Strike","Sentinel"],"picked":"Armaments+1","floor":38},{"not_picked":["Shrug It Off","Pummel"],"picked":"Double Tap","floor":39},{"not_picked":["Warcry+1","Havoc"],"picked":"Shrug It Off","floor":41},{"not_picked":["Reckless Charge","Intimidate+1"],"picked":"Offering","floor":45},{"not_picked":["Bloodletting","Rupture","Dropkick"],"picked":"SKIP","floor":47},{"not_picked":["Good Instincts","Enlightenment"],"picked":"Master of Strategy","floor":48},{"not_picked":["Forethought","Sadistic Nature"],"picked":"Apotheosis","floor":48},{"not_picked":["Chrysalis","Metamorphosis"],"picked":"Deep Breath","floor":48}],"player_experience":906024,"relics_obtained":[{"floor":7,"key":"Anchor"},{"floor":9,"key":"Eternal Feather"},{"floor":12,"key":"Calipers"},{"floor":22,"key":"Necronomicon"},{"floor":26,"key":"White Beast Statue"},{"floor":29,"key":"Tiny Chest"},{"floor":37,"key":"Dream Catcher"},{"floor":41,"key":"The Courier"},{"floor":43,"key":"Pen Nib"}],"event_choices":[{"damage_healed":0,"gold_gain":75,"player_choice":"Gather Gold","damage_taken":11,"max_hp_gain":0,"max_hp_loss":0,"event_name":"World of Goop","floor":13,"gold_loss":0},{"damage_healed":0,"gold_gain":0,"player_choice":"Trade","damage_taken":0,"relics_obtained":["FaceOfCleric"],"max_hp_gain":0,"max_hp_loss":0,"event_name":"FaceTrader","floor":14,"gold_loss":0},{"damage_healed":0,"gold_gain":0,"player_choice":"Ignored","damage_taken":0,"max_hp_gain":0,"max_hp_loss":0,"event_name":"Vampires","floor":20,"gold_loss":0},{"damage_healed":0,"gold_gain":0,"player_choice":"Obtained Book","damage_taken":21,"max_hp_gain":0,"max_hp_loss":0,"event_name":"Cursed Tome","floor":22,"gold_loss":0},{"damage_healed":0,"gold_gain":0,"player_choice":"Traded Relic","damage_taken":0,"relics_obtained":["Nloth\u0027s Gift"],"max_hp_gain":0,"max_hp_loss":0,"event_name":"N\u0027loth","floor":28,"relics_lost":["Anchor"],"gold_loss":0},{"damage_healed":0,"gold_gain":0,"player_choice":"Memory 3","damage_taken":10,"max_hp_gain":0,"max_hp_loss":0,"event_name":"SensoryStone","floor":48,"gold_loss":0}],"is_beta":true,"boss_relics":[{"not_picked":["Mark of Pain","SlaversCollar"],"picked":"Sozu"},{"not_picked":["Coffee Dripper","Busted Crown"],"picked":"Pandora\u0027s Box"}],"items_purged_floors":[31,36,42],"is_endless":false,"potions_floor_spawned":[3,4,7,11,16,21,29,30,33,35,38,39,41,45,47],"killed_by":"Awakened One","ascension_level":20}