{"gold_per_floor":[113,130,149,149,74,74,155,186,257,257,129,129,158,172,172,248,248,262,291,291,311,211,211,221,221,221,240,265,265,285,285,285,362,362,381,396,113,125,144,144,419,444,444,463,463,463,232,232,232,232],"floor_reached":50,"playtime":2099,"items_purged":["Strike_R","Strike_R","Strike_R","Normality"],"score":1011,"play_id":"1985a9de-0086-4d27-ada0-7192edb9c572","local_time":"20190920154336","is_ascension_mode":true,"campfire_choices":[{"data":"Rampage","floor":6,"key":"SMITH"},{"data":"Berserk","floor":12,"key":"SMITH"},{"data":"Searing Blow+1","floor":15,"key":"SMITH"},{"data":"Searing Blow+2","floor":23,"key":"SMITH"},{"data":"Searing Blow+3","floor":25,"key":"SMITH"},{"data":"Searing Blow+4","floor":29,"key":"SMITH"},{"data":"Searing Blow+6","floor":32,"key":"SMITH"},{"data":"Searing Blow+7","floor":40,"key":"SMITH"},{"data":"Searing Blow+8","floor":46,"key":"SMITH"},{"floor":49,"key":"REST"}],"neow_cost":"NONE","seed_source_timestamp":313308568729400,"circlet_count":0,"master_deck":["AscendersBane","Defend_R","Defend_R","Defend_R","Defend_R","Bash","Disarm","True Grit","Rampage+1","Berserk+1","Shrug It Off","Searing Blow+9","Cleave+1","Impervious","Armaments+1","Impervious","Clothesline+1","Immolate+1","Rampage+1","Regret","Uppercut+1","Panacea"],"relics":["Burning Blood","Juzu Bracelet","HornCleat","Bag of Preparation","Molten Egg 2","Meat on the Bone","Snecko Eye","Red Mask","Torii","Nunchaku","Cursed Key","TheAbacus","Pen Nib"],"potions_floor_usage":[8,19,19,27,33],"damage_taken":[{"damage":9,"enemies":"2 Louse","floor":1,"turns":3},{"damage":5,"enemies":"Jaw Worm","floor":2,"turns":5},{"damage":11,"enemies":"Small Slimes","floor":3,"turns":5},{"damage":21,"enemies":"Gremlin Nob","floor":8,"turns":4},{"damage":24,"enemies":"Lagavulin","floor":13,"turns":9},{"damage":0,"enemies":"Red Slaver","floor":14,"turns":5},{"damage":35,"enemies":"Slime Boss","floor":16,"turns":11},{"damage":11,"enemies":"2 Thieves","floor":18,"turns":4},{"damage":37,"enemies":"Masked Bandits","floor":19,"turns":4},{"damage":1,"enemies":"3 Byrds","floor":21,"turns":4},{"damage":7,"enemies":"Snake Plant","floor":24,"turns":4},{"damage":10,"enemies":"Chosen and Byrds","floor":27,"turns":6},{"damage":10,"enemies":"Book of Stabbing","floor":28,"turns":5},{"damage":22,"enemies":"Sentry and Sphere","floor":30,"turns":6},{"damage":17,"enemies":"Automaton","floor":33,"turns":9},{"damage":1,"enemies":"3 Shapes","floor":35,"turns":2},{"damage":9,"enemies":"3 Darklings","floor":36,"turns":3},{"damage":0,"enemies":"Jaw Worm Horde","floor":38,"turns":3},{"damage":3,"enemies":"Maw","floor":39,"turns":6},{"damage":37,"enemies":"Transient","floor":44,"turns":6},{"damage":56,"enemies":"Awakened One","floor":50,"turns":8}],"seed_played":"6047107383499411084","potions_obtained":[{"floor":2,"key":"DuplicationPotion"},{"floor":14,"key":"LiquidBronze"},{"floor":16,"key":"BloodPotion"},{"floor":19,"key":"Energy Potion"},{"floor":24,"key":"SteroidPotion"},{"floor":33,"key":"Ancient Potion"},{"floor":35,"key":"Explosive Potion"}],"is_trial":false,"path_per_floor":["M","M","M","?","?","R","T","E","T","?","$","R","E","M","R","B",null,"M","?","?","M","$","R","M","R","T","M","E","R","M","?","R","B",null,"M","M","$","M","M","R","?","T","T","M","?","R","$","?","R","B"],"character_chosen":"IRONCLAD","items_purchased":["Shrug It Off","TheAbacus","Uppercut+1"],"campfire_rested":1,"item_purchase_floors":[11,37,47],"current_hp_per_floor":[65,66,61,54,54,54,54,39,39,39,39,39,21,39,39,22,62,57,53,42,47,47,47,46,46,46,54,50,50,46,46,46,47,68,73,70,70,75,75,75,75,75,75,44,44,44,44,34,56,0],"gold":232,"neow_bonus":"RANDOM_COMMON_RELIC","is_prod":false,"is_daily":false,"chose_seed":false,"campfire_upgraded":9,"win_rate":0,"timestamp":1569019416,"path_taken":["M","M","M","?","?","R","?","E","T","?","$","R","E","M","R","BOSS","M","?","?","M","$","R","M","R","T","M","E","R","M","?","R","BOSS","M","M","?","M","M","R","?","?","T","M","?","R","$","?","R","BOSS"],"build_version":"2019-09-20","purchased_purges":4,"victory":false,"max_hp_per_floor":[75,75,75,75,75,75,75,75,75,75,75,75,75,75,75,75,75,75,75,75,75,75,75,75,75,75,75,75,75,75,75,75,75,75,75,75,75,75,75,75,75,75,75,75,75,75,75,75,75,75],"card_choices":[{"not_picked":["Twin Strike","Heavy Blade"],"picked":"Disarm","floor":1},{"not_picked":["Iron Wave","Blood for Blood"],"picked":"True Grit","floor":2},{"not_picked":["Headbutt","Disarm"],"picked":"Rampage","floor":3},{"not_picked":["Thunderclap","Headbutt"],"picked":"Berserk","floor":8},{"not_picked":["Dropkick+1","Seeing Red"],"picked":"Searing Blow+1","floor":13},{"not_picked":["True Grit","Second Wind"],"picked":"Cleave+1","floor":14},{"not_picked":["Juggernaut","Reaper+1"],"picked":"Impervious","floor":16},{"not_picked":["Second Wind","Warcry","Pommel Strike+1"],"picked":"SKIP","floor":18},{"not_picked":["Fire Breathing","Wild Strike+1","Body Slam+1"],"picked":"SKIP","floor":21},{"not_picked":["Sword Boomerang+1","Heavy Blade+1"],"picked":"Armaments+1","floor":24},{"not_picked":["Pommel Strike+1","Wild Strike+1","Warcry+1"],"picked":"SKIP","floor":27},{"not_picked":["Spot Weakness+1","Clothesline+1"],"picked":"Impervious","floor":28},{"not_picked":["Clash+1","Evolve"],"picked":"Clothesline+1","floor":30},{"not_picked":["Reaper+1","Offering"],"picked":"Immolate+1","floor":33},{"not_picked":["Flex","Warcry","Anger+1"],"picked":"SKIP","floor":35},{"not_picked":["Wild Strike+1","Intimidate"],"picked":"Rampage+1","floor":36},{"not_picked":["Shrug It Off","Corruption","Infernal Blade+1"],"picked":"SKIP","floor":38},{"not_picked":["Heavy Blade+1","Spot Weakness","Twin Strike+1"],"picked":"SKIP","floor":39},{"not_picked":["Body Slam+1","Thunderclap+1","Sword Boomerang+1"],"picked":"SKIP","floor":44},{"not_picked":["Purity","Transmutation"],"picked":"Panacea","floor":48}],"player_experience":889318,"relics_obtained":[{"floor":7,"key":"HornCleat"},{"floor":8,"key":"Bag of Preparation"},{"floor":9,"key":"Molten Egg 2"},{"floor":13,"key":"Meat on the Bone"},{"floor":19,"key":"Red Mask"},{"floor":26,"key":"Torii"},{"floor":28,"key":"Nunchaku"},{"floor":42,"key":"Pen Nib"}],"event_choices":[{"cards_removed":["Strike_R"],"damage_healed":0,"gold_gain":0,"player_choice":"Card Removal","damage_taken":7,"max_hp_gain":0,"max_hp_loss":0,"event_name":"Golden Wing","floor":4,"gold_loss":0},{"cards_removed":["Strike_R"],"damage_healed":0,"gold_gain":0,"player_choice":"Card Removal","damage_taken":0,"max_hp_gain":0,"max_hp_loss":0,"event_name":"The Cleric","floor":5,"gold_loss":75},{"damage_healed":0,"gold_gain":0,"player_choice":"Searched \u00270\u0027 times","damage_taken":0,"max_hp_gain":0,"max_hp_loss":0,"event_name":"Dead Adventurer","floor":10,"gold_loss":0},{"damage_healed":0,"gold_gain":0,"player_choice":"Fought Bandits","damage_taken":0,"max_hp_gain":0,"max_hp_loss":0,"event_name":"Masked Bandits","floor":19,"gold_loss":0},{"damage_healed":0,"gold_gain":0,"player_choice":"Damaged","damage_taken":11,"max_hp_gain":0,"max_hp_loss":0,"event_name":"Wheel of Change","floor":20,"gold_loss":0},{"damage_healed":0,"gold_gain":0,"player_choice":"Forge","damage_taken":0,"max_hp_gain":0,"max_hp_loss":0,"event_name":"Accursed Blacksmith","floor":31,"gold_loss":0,"cards_upgraded":["Searing Blow"]},{"damage_healed":0,"gold_gain":275,"player_choice":"Desecrate","damage_taken":0,"max_hp_gain":0,"max_hp_loss":0,"event_name":"Golden Shrine","floor":41,"gold_loss":0,"cards_obtained":["Regret"]},{"damage_healed":0,"gold_gain":0,"player_choice":"Ignored","damage_taken":0,"max_hp_gain":0,"max_hp_loss":0,"event_name":"Mysterious Sphere","floor":45,"gold_loss":0},{"damage_healed":0,"gold_gain":0,"player_choice":"Memory 3","damage_taken":10,"max_hp_gain":0,"max_hp_loss":0,"event_name":"SensoryStone","floor":48,"gold_loss":0}],"is_beta":true,"boss_relics":[{"not_picked":["Calling Bell","Sozu"],"picked":"Snecko Eye"},{"not_picked":["Pandora\u0027s Box","Velvet Choker"],"picked":"Cursed Key"}],"items_purged_floors":[11,22,37,47],"is_endless":false,"potions_floor_spawned":[2,14,16,19,24,33,35,36],"killed_by":"Awakened One","ascension_level":20}