{"gold_per_floor":[118,137,137,150,150,178,196,196,244,261,274,291,291,307,307,410,410,380,295,309,40,58,58,58,90,90,90,100,23,34,16,16,16],"floor_reached":33,"playtime":3601,"items_purged":[],"score":321,"play_id":"14bde39b-18cc-41ca-8be9-de32c4939377","local_time":"20180623145325","is_ascension_mode":false,"campfire_choices":[{"data":"Gash","floor":8,"key":"SMITH"},{"floor":13,"key":"REST"},{"floor":15,"key":"REST"},{"floor":23,"key":"REST"},{"floor":32,"key":"REST"}],"neow_cost":"NONE","seed_source_timestamp":21677042638381,"circlet_count":0,"master_deck":["Strike_B+1","Strike_B+1","Strike_B+1","Strike_B+1","Defend_B+1","Defend_B+1","Defend_B+1","Defend_B+1","Zap","Dualcast","Gash+1","Conserve Battery","Force Field","Writhe","Loop+1","Redo","Cold Snap","Melter","Sweeping Beam","Scrape","Buffer+1","Writhe","Pain","Parasite","Turbo+1","Turbo+1","Hello World+1","Dramatic Entrance","All For One","Ghostly+1","Ghostly+1","Ghostly+1","Ghostly+1","Ghostly+1","Storm+1","Hologram+1","J.A.X.+1","Hello World+1","Leap+1"],"relics":["Cracked Core","Strawberry","Frozen Egg 2","Regal Pillow","Calling Bell","Oddly Smooth Stone","Toxic Egg 2","Bird Faced Urn","Singing Bowl","The Courier","Dodecahedron"],"potions_floor_usage":[11,12,12,16,18,28,33],"damage_taken":[{"damage":8,"enemies":"2 Louse","floor":1,"turns":3},{"damage":1,"enemies":"Cultist","floor":2,"turns":4},{"damage":0,"enemies":"Jaw Worm","floor":4,"turns":3},{"damage":30,"enemies":"Gremlin Nob","floor":6,"turns":5},{"damage":6,"enemies":"Red Slaver","floor":7,"turns":4},{"damage":2,"enemies":"Blue Slaver","floor":10,"turns":4},{"damage":7,"enemies":"Exordium Thugs","floor":11,"turns":5},{"damage":16,"enemies":"2 Fungi Beasts","floor":12,"turns":3},{"damage":18,"enemies":"Exordium Wildlife","floor":14,"turns":4},{"damage":28,"enemies":"Slime Boss","floor":16,"turns":8},{"damage":39,"enemies":"2 Thieves","floor":18,"turns":5},{"damage":29,"enemies":"Chosen","floor":20,"turns":8},{"damage":0,"enemies":"Sentry and Sphere","floor":22,"turns":3},{"damage":37,"enemies":"Slavers","floor":25,"turns":8},{"damage":13,"enemies":"Cultist and Chosen","floor":28,"turns":9},{"damage":17,"enemies":"Chosen and Byrds","floor":30,"turns":7},{"damage":55,"enemies":"Automaton","floor":33,"turns":12}],"seed_played":"-8391867154838635215","potions_obtained":[{"floor":7,"key":"GamblersBrew"},{"floor":10,"key":"Fruit Juice"},{"floor":11,"key":"Swift Potion"},{"floor":12,"key":"Swift Potion"},{"floor":16,"key":"Explosive Potion"},{"floor":25,"key":"Regen Potion"},{"floor":30,"key":"Swift Potion"}],"is_trial":false,"path_per_floor":["M","M","?","M","?","E","M","R","T","M","M","M","R","M","R","B",null,"M","?","M","$","M","R","?","E","T","?","M","?","M","$","R"],"character_chosen":"DEFECT","items_purchased":["Hello World+1","Dramatic Entrance","All For One","Leap+1"],"campfire_rested":4,"item_purchase_floors":[21,21,21,31],"current_hp_per_floor":[74,73,73,73,73,43,37,37,37,35,33,17,58,40,81,53,87,50,50,25,25,31,72,44,11,11,11,21,21,10,10,38,0],"gold":16,"neow_bonus":"RANDOM_COMMON_RELIC","is_prod":false,"is_daily":false,"chose_seed":false,"campfire_upgraded":1,"win_rate":0.0,"timestamp":1529780005,"path_taken":["M","M","?","M","?","E","?","R","T","M","M","M","R","M","R","BOSS","M","?","M","$","M","R","?","E","T","?","?","?","?","?","R","BOSS"],"build_version":"2018-06-21v2","purchased_purges":0,"victory":false,"max_hp_per_floor":[82,82,82,82,82,82,82,82,82,82,87,87,87,87,87,87,87,87,87,87,87,89,89,44,44,44,44,44,44,44,44,44,44],"card_choices":[{"not_picked":["Hologram","Storm"],"picked":"Gash","floor":1},{"not_picked":["Compile Driver","Redo"],"picked":"Conserve Battery","floor":2},{"not_picked":["Cold Snap","Capacitor"],"picked":"Force Field","floor":4},{"not_picked":["Hologram","Redo"],"picked":"Loop","floor":6},{"not_picked":["Rebound","Conserve Battery"],"picked":"Redo","floor":7},{"not_picked":["Coolheaded","Capacitor+1"],"picked":"Cold Snap","floor":10},{"not_picked":["Rebound","Rip and Tear"],"picked":"Melter","floor":11},{"not_picked":["Hyperbeam","Steam Power"],"picked":"Sweeping Beam","floor":12},{"not_picked":["Rebound","Stack"],"picked":"Scrape","floor":14},{"not_picked":["Seek","Meteor Strike"],"picked":"Buffer+1","floor":16},{"not_picked":["Steam Power+1","Rip and Tear"],"picked":"Turbo+1","floor":18},{"not_picked":["Streamline","Leap+1"],"picked":"Turbo+1","floor":20},{"not_picked":["Streamline","Compile Driver","Ball Lightning"],"picked":"Singing Bowl","floor":22},{"not_picked":["Glacier+1","Chaos+1"],"picked":"Storm+1","floor":25},{"not_picked":["Ball Lightning","Barrage"],"picked":"Hologram+1","floor":28},{"not_picked":["Sweeping Beam","Reinforced Body+1"],"picked":"Hello World+1","floor":30}],"player_experience":231797,"relics_obtained":[{"floor":6,"key":"Frozen Egg 2"},{"floor":9,"key":"Regal Pillow"},{"floor":17,"key":"Oddly Smooth Stone"},{"floor":17,"key":"Toxic Egg 2"},{"floor":17,"key":"Bird Faced Urn"},{"floor":25,"key":"The Courier"},{"floor":26,"key":"Dodecahedron"}],"event_choices":[{"event_name":"Wheel of Change","player_choice":"Curse","floor":3,"damage_taken":0},{"event_name":"Transmorgrifier","player_choice":"Transform","floor":5,"damage_taken":0},{"event_name":"Addict","player_choice":"Obtained Relic","floor":19,"damage_taken":0},{"event_name":"Ghosts","player_choice":"Became a Ghost","floor":24,"damage_taken":0},{"event_name":"Back to Basics","player_choice":"Simplicity","floor":27,"damage_taken":0},{"event_name":"Drug Dealer","player_choice":"Got JAXXED","floor":29,"damage_taken":0}],"boss_relics":[{"not_picked":["Coffee Dripper","Lizard Tail"],"picked":"Calling Bell"}],"items_purged_floors":[],"is_endless":false,"potions_floor_spawned":[7,10,11,12,16,25,30],"killed_by":"Automaton","ascension_level":0}