{"path_per_floor":["M","?","$","$","M","R","?","M","T","M","E","?","?","M","R","B",null,"M","M","$","?","?","R","E","?","T"],"character_chosen":"DEFECT","items_purchased":["Anchor","Dramatic Entrance","Cold Snap","Toolbox","Gash"],"gold_per_floor":[113,288,13,13,28,28,28,40,92,103,131,131,131,152,152,278,278,292,308,4,4,4,4,48,0,0,0],"floor_reached":27,"campfire_rested":2,"playtime":1754,"item_purchase_floors":[3,3,3,20,20],"current_hp_per_floor":[70,70,70,70,64,64,64,63,63,61,23,23,23,18,40,36,75,75,57,57,57,57,75,1,1,1,0],"items_purged":[],"gold":0,"score":229,"play_id":"e8a254fa-8bad-4b34-bdac-f8dad212b886","local_time":"20180606191921","is_prod":false,"is_daily":false,"chose_seed":false,"is_ascension_mode":false,"campfire_upgraded":1,"win_rate":0.0,"timestamp":1528327161,"campfire_choices":[{"data":"Turbo","floor":6,"key":"SMITH"},{"floor":15,"key":"REST"},{"floor":23,"key":"REST"}],"path_taken":["M","?","?","$","M","R","?","?","T","M","E","?","?","M","R","BOSS","M","M","$","?","?","R","E","?","T","?"],"build_version":"2018-05-31","seed_source_timestamp":100246338193775,"purchased_purges":0,"victory":false,"master_deck":["Strike_B","Strike_B","Strike_B","Strike_B","Defend_B","Defend_B","Defend_B","Defend_B","Zap","Darkness+1","Turbo+1","Doubt","Dramatic Entrance","Cold Snap","Melter","Hologram+1","Blizzard","White Noise","Injury","Buffer","Doom and Gloom","Reboot","Scrape","Fusion","Gash","Rebound","Decay","Coolheaded","Conserve Battery"],"max_hp_per_floor":[75,75,75,75,75,75,75,75,75,75,75,75,75,75,75,75,75,75,75,75,75,75,75,75,75,75,75],"relics":["Cracked Core","Anchor","Bronze Scales","War Paint","Dream Catcher","Golden Idol","Eternal Feather","Toolbox","Pen Nib","Mercury Hourglass"],"card_choices":[{"not_picked":["Stack","Sweeping Beam"],"picked":"Darkness","floor":0},{"not_picked":["Sweeping Beam","Chaos"],"picked":"Turbo","floor":1},{"not_picked":["Glacier","Turbo"],"picked":"Melter","floor":5},{"not_picked":["Tempest","Turbo"],"picked":"Hologram","floor":8},{"not_picked":["Conserve Battery","Sweeping Beam"],"picked":"Blizzard","floor":10},{"not_picked":["Steam Power","Auto Shields"],"picked":"White Noise","floor":11},{"not_picked":["Leap","Barrage"],"picked":"Buffer","floor":14},{"not_picked":["Rebound","Turbo"],"picked":"Doom and Gloom","floor":15},{"not_picked":["Buffer","Thunder Strike"],"picked":"Reboot","floor":16},{"not_picked":["Stack+1","Redo"],"picked":"Scrape","floor":18},{"not_picked":["Barrage+1","Gash"],"picked":"Fusion","floor":19},{"not_picked":["Streamline","Beam Cell+1"],"picked":"Coolheaded","floor":23},{"not_picked":["Doom and Gloom","Beam Cell+1"],"picked":"Conserve Battery","floor":24}],"player_experience":170424,"potions_floor_usage":[11,16,24,24],"damage_taken":[{"damage":5,"enemies":"2 Louse","floor":1,"turns":2},{"damage":6,"enemies":"Jaw Worm","floor":5,"turns":3},{"damage":1,"enemies":"Cultist","floor":8,"turns":3},{"damage":2,"enemies":"Exordium Thugs","floor":10,"turns":3},{"damage":38,"enemies":"Lagavulin","floor":11,"turns":8},{"damage":5,"enemies":"Looter","floor":14,"turns":3},{"damage":4,"enemies":"Slime Boss","floor":16,"turns":8},{"damage":0,"enemies":"Chosen","floor":18,"turns":4},{"damage":18,"enemies":"Shell Parasite","floor":19,"turns":6},{"damage":74,"enemies":"Gremlin Leader","floor":24,"turns":10},{"damage":6,"enemies":"3 Cultists","floor":27,"turns":2}],"relics_obtained":[{"floor":9,"key":"War Paint"},{"floor":11,"key":"Dream Catcher"},{"floor":24,"key":"Pen Nib"},{"floor":26,"key":"Mercury Hourglass"}],"event_choices":[{"event_name":"Liars Game","player_choice":"agreed","floor":2,"damage_taken":0},{"event_name":"Big Fish","player_choice":"Box","floor":7,"damage_taken":0},{"event_name":"Golden Idol","player_choice":"Take Wound","floor":12,"damage_taken":0},{"event_name":"Living Wall","player_choice":"Forget","floor":13,"damage_taken":0},{"event_name":"Transmorgrifier","player_choice":"Transform","floor":21,"damage_taken":0},{"event_name":"Wheel of Change","player_choice":"Curse","floor":22,"damage_taken":0},{"event_name":"Masked Bandits","player_choice":"Paid Bandits 48 gold","floor":25,"damage_taken":0}],"boss_relics":[{"not_picked":["White Beast Statue","Runic Dome"],"picked":"Eternal Feather"}],"items_purged_floors":[],"potions_floor_spawned":[10,11,16,18],"seed_played":"2515067715380743491","killed_by":"3 Cultists","ascension_level":0,"potions_obtained":[{"floor":10,"key":"SpeedPotion"},{"floor":11,"key":"Fire Potion"},{"floor":16,"key":"SteroidPotion"},{"floor":18,"key":"SkillPotion"}],"is_trial":false}