{"path_per_floor":["M","?","M","$","?","E","?","R","T","R","M","M","E","M","R"],"character_chosen":"THE_SILENT","items_purchased":["Backflip","Caltrops"],"gold_per_floor":[115,115,133,40,5,32,32,32,32,32,51,65,92,108,108,108],"floor_reached":16,"campfire_rested":0,"playtime":2309,"current_hp_per_floor":[68,68,68,68,70,51,51,51,51,51,51,50,32,26,26,0],"items_purged":[],"gold":108,"score":110,"play_id":"6e32e138-7c20-4fab-9352-3546ec647f83","local_time":"20180521174200","is_prod":false,"is_daily":false,"chose_seed":false,"is_ascension_mode":false,"campfire_upgraded":3,"timestamp":1526938920,"campfire_choices":[{"data":"Caltrops","floor":8,"key":"SMITH"},{"data":"Dash","floor":10,"key":"SMITH"},{"data":"All Out Attack","floor":15,"key":"SMITH"}],"path_taken":["M","?","?","$","?","E","?","R","T","R","M","M","E","M","R","BOSS"],"build_version":"2018-05-17","seed_source_timestamp":13808716927994,"purchased_purges":0,"victory":false,"master_deck":["Defend_G","Defend_G","Defend_G","Defend_G","Defend_G","Strike_G","Strike_G","Strike_G","Strike_G","Strike_G","Survivor+1","Neutralize","Deflect","Escape Plan","Backflip","Caltrops+1","Dash+1","Regret","Prepared","Bouncing Flask","Bullet Time","All Out Attack+1"],"max_hp_per_floor":[70,70,70,70,70,70,70,70,70,70,70,70,70,70,70,70],"relics":["Ring of the Snake","Juzu Bracelet","Bag of Marbles","Ornamental Fan","Lantern"],"card_choices":[{"not_picked":["PiercingWail","Slice"],"picked":"Deflect","floor":1},{"not_picked":["Calculated Gamble","Outmaneuver"],"picked":"Escape Plan","floor":3},{"not_picked":["Heel Hook","Bane"],"picked":"Dash","floor":6},{"not_picked":["Dagger Spray","Deflect"],"picked":"Prepared","floor":11},{"not_picked":["Flechettes","Bane"],"picked":"Bouncing Flask","floor":12},{"not_picked":["Terror","Deflect"],"picked":"Bullet Time","floor":13},{"not_picked":["Catalyst","Endless Agony"],"picked":"All Out Attack","floor":14}],"player_experience":34578,"potions_floor_usage":[],"damage_taken":[{"damage":2,"enemies":"Jaw Worm","floor":1,"turns":4},{"damage":0,"enemies":"2 Louse","floor":3,"turns":3},{"damage":19,"enemies":"3 Sentries","floor":6,"turns":14},{"damage":0,"enemies":"Cultist","floor":11,"turns":4},{"damage":1,"enemies":"Lots of Slimes","floor":12,"turns":4},{"damage":18,"enemies":"Lagavulin","floor":13,"turns":6},{"damage":6,"enemies":"Exordium Wildlife","floor":14,"turns":4},{"damage":28,"enemies":"Hexaghost","floor":16,"turns":9}],"relics_obtained":[{"floor":6,"key":"Juzu Bracelet"},{"floor":9,"key":"Ornamental Fan"},{"floor":13,"key":"Lantern"}],"event_choices":[{"event_name":"Living Wall","player_choice":"Grow","floor":2,"damage_taken":0},{"event_name":"The Cleric","player_choice":"Healed","floor":5,"damage_taken":0},{"event_name":"Big Fish","player_choice":"Box","floor":7,"damage_taken":0}],"boss_relics":[],"potions_floor_spawned":[1,6,11,14],"seed_played":"-9002097252739832655","killed_by":"Hexaghost","ascension_level":0,"potions_obtained":[{"floor":1,"key":"Swift Potion"},{"floor":6,"key":"SteroidPotion"},{"floor":11,"key":"Block Potion"},{"floor":14,"key":"GamblersBrew"}],"is_trial":false}