{"gold_per_floor":[114,39,39,59,134,134,23,53,128,128,138,138,138,168,168,168],"floor_reached":16,"playtime":266,"items_purged":[],"score":262,"play_id":"b99325c0-d796-46bd-8e48-b8c62e4ae746","local_time":"20190913100630","is_ascension_mode":true,"campfire_choices":[{"data":"Bash","floor":6,"key":"SMITH"},{"data":"Berserk","floor":10,"key":"SMITH"},{"data":"Evolve","floor":13,"key":"SMITH"},{"data":"Wild Strike","floor":15,"key":"SMITH"}],"neow_cost":"NONE","seed_source_timestamp":94057464945500,"circlet_count":0,"master_deck":["AscendersBane","Strike_R","Strike_R+1","Strike_R","Strike_R","Defend_R","Defend_R","Defend_R","Defend_R+1","Bash+1","Feel No Pain","Evolve+1","Wild Strike+1","Anger","Berserk+1","Spot Weakness+1","Anger"],"relics":["Burning Blood","NeowsBlessing","Smiling Mask","Toxic Egg 2","FaceOfCleric","Bag of Preparation"],"potions_floor_usage":[16],"damage_taken":[{"damage":0,"enemies":"Jaw Worm","floor":1,"turns":1},{"damage":0,"enemies":"Small Slimes","floor":4,"turns":1},{"damage":0,"enemies":"3 Sentries","floor":8,"turns":2},{"damage":3,"enemies":"Cultist","floor":11,"turns":3},{"damage":22,"enemies":"Lagavulin","floor":14,"turns":5},{"damage":50,"enemies":"The Guardian","floor":16,"turns":11}],"seed_played":"-7962229546374159585","potions_obtained":[{"floor":1,"key":"Regen Potion"},{"floor":14,"key":"Ancient Potion"}],"is_trial":false,"path_per_floor":["M","?","?","M","?","R","$","E","T","R","M","?","R","E","R","B"],"character_chosen":"IRONCLAD","items_purchased":["Wild Strike","Anger"],"campfire_rested":0,"item_purchase_floors":[7,7],"current_hp_per_floor":[74,74,51,57,46,46,46,52,52,52,55,55,55,40,40,5],"gold":168,"neow_bonus":"THREE_ENEMY_KILL","is_prod":false,"is_daily":false,"chose_seed":false,"campfire_upgraded":4,"win_rate":0,"timestamp":1568394390,"path_taken":["M","?","?","M","?","R","$","E","T","R","M","?","R","E","R","BOSS"],"build_version":"2019-07-17","purchased_purges":0,"victory":false,"max_hp_per_floor":[75,75,75,75,75,75,75,75,75,75,75,75,75,76,76,76],"card_choices":[{"not_picked":["Sever Soul","Sword Boomerang"],"picked":"Feel No Pain","floor":1},{"not_picked":["Clothesline","True Grit"],"picked":"Evolve","floor":4},{"not_picked":["Blood for Blood","Cleave"],"picked":"Berserk","floor":8},{"not_picked":["Pommel Strike","Armaments+1"],"picked":"Spot Weakness+1","floor":11},{"not_picked":["Dropkick","Twin Strike"],"picked":"Anger","floor":14}],"player_experience":733091,"relics_obtained":[{"floor":8,"key":"Smiling Mask"},{"floor":9,"key":"Toxic Egg 2"},{"floor":14,"key":"Bag of Preparation"}],"event_choices":[{"cards_removed":["Strike_R"],"damage_healed":0,"gold_gain":0,"player_choice":"Card Removal","damage_taken":0,"max_hp_gain":0,"max_hp_loss":0,"event_name":"The Cleric","floor":2,"gold_loss":75},{"damage_healed":0,"gold_gain":0,"player_choice":"Entered Light","damage_taken":23,"max_hp_gain":0,"max_hp_loss":0,"event_name":"Shining Light","floor":3,"gold_loss":0,"cards_upgraded":["Defend_R","Strike_R"]},{"damage_healed":0,"gold_gain":75,"player_choice":"Gather Gold","damage_taken":11,"max_hp_gain":0,"max_hp_loss":0,"event_name":"World of Goop","floor":5,"gold_loss":0},{"damage_healed":0,"gold_gain":0,"player_choice":"Trade","damage_taken":0,"relics_obtained":["FaceOfCleric"],"max_hp_gain":0,"max_hp_loss":0,"event_name":"FaceTrader","floor":12,"gold_loss":0}],"is_beta":false,"boss_relics":[],"items_purged_floors":[],"is_endless":false,"potions_floor_spawned":[1,14],"killed_by":"The Guardian","ascension_level":20}