{"gold_per_floor":[115,132,28,28,43,76,76,109,161,193,165,165],"floor_reached":12,"playtime":474,"items_purged":[],"score":101,"play_id":"210eeb0f-0467-4172-90ec-767860b67a56","local_time":"20180716053503","is_ascension_mode":true,"campfire_choices":[{"data":"Loop","floor":7,"key":"SMITH"}],"neow_cost":"NONE","seed_source_timestamp":34162629576655,"circlet_count":0,"master_deck":["Strike_B","Strike_B","Strike_B","Strike_B","Defend_B","Defend_B","Defend_B","Defend_B","Zap","Dualcast","Cold Snap","Beam Cell","Loop+1","Static Discharge","Fusion","Sweeping Beam","Force Field","Go for the Eyes","Scrape"],"relics":["Cracked Core","Smiling Mask","Happy Flower","Art of War","Letter Opener"],"potions_floor_usage":[6,8,10],"damage_taken":[{"damage":4,"enemies":"Jaw Worm","floor":1,"turns":3},{"damage":0,"enemies":"Small Slimes","floor":2,"turns":2},{"damage":4,"enemies":"Cultist","floor":5,"turns":3},{"damage":29,"enemies":"Gremlin Nob","floor":6,"turns":4},{"damage":25,"enemies":"Lagavulin","floor":8,"turns":5},{"damage":6,"enemies":"Gremlin Nob","floor":10,"turns":4},{"damage":10,"enemies":"Lots of Slimes","floor":12,"turns":1}],"seed_played":"3621348705911815223","potions_obtained":[{"floor":1,"key":"Strength Potion"},{"floor":5,"key":"Poison Potion"},{"floor":8,"key":"FocusPotion"}],"is_trial":false,"path_per_floor":["M","M","$","?","M","E","R","E","T","E","?"],"character_chosen":"DEFECT","items_purchased":["Static Discharge","Fusion"],"campfire_rested":0,"item_purchase_floors":[3,3],"current_hp_per_floor":[71,71,71,71,67,38,38,13,13,7,7,0],"gold":165,"neow_bonus":"THREE_CARDS","is_prod":false,"is_daily":false,"chose_seed":false,"campfire_upgraded":1,"win_rate":0.0,"timestamp":1531733703,"path_taken":["M","M","$","?","?","E","R","E","T","E","?","M"],"build_version":"2018-07-12","purchased_purges":0,"victory":false,"max_hp_per_floor":[75,75,75,75,75,75,75,75,75,75,75,75],"card_choices":[{"not_picked":["Sweeping Beam","Barrage"],"picked":"Cold Snap","floor":0},{"not_picked":["Reinforced Body","Coolheaded"],"picked":"Beam Cell","floor":1},{"not_picked":["Glacier","Hello World"],"picked":"Loop","floor":2},{"not_picked":["Lockon","Cold Snap"],"picked":"Sweeping Beam","floor":5},{"not_picked":["Conserve Battery","Compile Driver"],"picked":"Force Field","floor":6},{"not_picked":["Turbo","Sweeping Beam"],"picked":"Go for the Eyes","floor":8},{"not_picked":["Redo","Ball Lightning"],"picked":"Scrape","floor":10}],"player_experience":271597,"relics_obtained":[{"floor":6,"key":"Smiling Mask"},{"floor":8,"key":"Happy Flower"},{"floor":9,"key":"Art of War"},{"floor":10,"key":"Letter Opener"}],"event_choices":[{"event_name":"Golden Wing","player_choice":"Ignored","floor":4,"damage_taken":0},{"event_name":"World of Goop","player_choice":"Left","floor":11,"damage_taken":0}],"boss_relics":[],"items_purged_floors":[],"is_endless":false,"potions_floor_spawned":[1,5,8],"killed_by":"Lots of Slimes","ascension_level":1}