{"gold_per_floor":[114,129,129,49,64,94,94,109,109,124,26,96,126,169,181,293,305,332,350,377,404,431,773,785,827,839,509,524,6,21,36,36,136,136,151,151,151,166,16,16,46,46,96,5,20,35,50,65,65,65],"floor_reached":51,"playtime":4785,"items_purged":[],"score":1206,"play_id":"b20f6d43-e5f8-471a-9591-e28752ca967b","local_time":"20190524213140","daily_mods":["Insanity","Hoarder","Terminal"],"is_ascension_mode":false,"campfire_choices":[{"data":"Armaments","floor":7,"key":"SMITH"},{"data":"Armaments","floor":15,"key":"SMITH"},{"data":"Corruption","floor":32,"key":"SMITH"},{"floor":40,"key":"REST"},{"floor":49,"key":"REST"}],"neow_cost":"","seed_source_timestamp":0,"circlet_count":0,"master_deck":["Body Slam","Wild Strike","Iron Wave","Cleave","Thunderclap","Disarm","Anger","True Grit","Twin Strike","Flex+1","Twin Strike","Feel No Pain","Carnage","Flex","Armaments+1","Iron Wave","Inflame","Inflame","Shrug It Off","Intimidate","Heavy Blade","Anger","Bloodletting","Wild Strike","Searing Blow","Metallicize","Anger","Carnage","Cleave","Iron Wave","True Grit","Disarm","Dropkick","Uppercut","Iron Wave","True Grit","Corruption+1","Clash","Iron Wave","Sword Boomerang","Seeing Red+1","Body Slam","Entrench","Sentinel","Armaments+1","Carnage","True Grit","Pommel Strike","Thunderclap","Pommel Strike","Flex","Flex","Flex","Perfected Strike","Perfected Strike","Perfected Strike","Wild Strike","Wild Strike","Wild Strike","Rage","Rage","Rage","Sword Boomerang","Sword Boomerang","Sword Boomerang","Flame Barrier","Flame Barrier","Flame Barrier","Deep Breath","Deep Breath","Anger","Anger","Anger","Demon Form","Demon Form","Demon Form","Impervious","Impervious","Impervious","Blood for Blood+1","Blood for Blood+1","Blood for Blood+1","Cleave+1","Cleave+1","Cleave+1","Clothesline+1","Clothesline+1","Clothesline+1","Wild Strike","Wild Strike","Wild Strike","Flex","Flex","Flex","Fire Breathing","Fire Breathing","Fire Breathing","Madness","Madness","Madness","Apotheosis","Apotheosis","Ghostly Armor+1","Ghostly Armor+1","Ghostly Armor+1","Twin Strike+1","Twin Strike+1","Twin Strike+1","Dark Embrace","Dark Embrace","Dark Embrace","Headbutt+1","Headbutt+1","Headbutt+1","Dramatic Entrance","Dramatic Entrance","Dramatic Entrance","Flex+1","Flex+1","Flex+1","Bludgeon","Bludgeon","Bludgeon","Shrug It Off+1","Shrug It Off+1","Shrug It Off+1","Bludgeon","Bludgeon","Bludgeon","Flash of Steel","Flash of Steel","Flash of Steel","Sentinel","Sentinel","Sentinel","Intimidate+1","Intimidate+1","Intimidate+1","Feel No Pain+1","Feel No Pain+1","Feel No Pain+1","Metallicize+1","Metallicize+1","Metallicize+1"],"special_seed":18041,"relics":["Burning Blood","War Paint","Strawberry","Mercury Hourglass","Kunai","MawBank","Singing Bowl","Runic Cube","Red Mask","Old Coin","Bronze Scales","Self Forming Clay","Gremlin Horn","Strange Spoon","Happy Flower","White Beast Statue","Dream Catcher","Boot","Prayer Wheel","Anchor"],"potions_floor_usage":[16,16,16,28,33,33,33,38,42,42,46,50,50],"damage_taken":[{"damage":0,"enemies":"Cultist","floor":1,"turns":2},{"damage":1,"enemies":"Jaw Worm","floor":2,"turns":3},{"damage":0,"enemies":"Small Slimes","floor":5,"turns":2},{"damage":3,"enemies":"Gremlin Nob","floor":6,"turns":3},{"damage":0,"enemies":"2 Fungi Beasts","floor":8,"turns":2},{"damage":0,"enemies":"Large Slime","floor":10,"turns":3},{"damage":3,"enemies":"Lagavulin","floor":13,"turns":4},{"damage":7,"enemies":"Gremlin Nob","floor":14,"turns":4},{"damage":6,"enemies":"Slime Boss","floor":16,"turns":6},{"damage":3,"enemies":"3 Byrds","floor":18,"turns":4},{"damage":12,"enemies":"Masked Bandits","floor":19,"turns":3},{"damage":0,"enemies":"2 Thieves","floor":20,"turns":3},{"damage":10,"enemies":"Centurion and Healer","floor":21,"turns":5},{"damage":4,"enemies":"Cultist and Chosen","floor":22,"turns":6},{"damage":31,"enemies":"Gremlin Leader","floor":23,"turns":5},{"damage":14,"enemies":"Slavers","floor":25,"turns":7},{"damage":7,"enemies":"Snake Plant","floor":28,"turns":4},{"damage":0,"enemies":"Centurion and Healer","floor":30,"turns":5},{"damage":3,"enemies":"Chosen and Byrds","floor":31,"turns":4},{"damage":34,"enemies":"Collector","floor":33,"turns":8},{"damage":0,"enemies":"Orb Walker","floor":35,"turns":4},{"damage":19,"enemies":"3 Darklings","floor":38,"turns":5},{"damage":5,"enemies":"Reptomancer","floor":41,"turns":7},{"damage":15,"enemies":"2 Orb Walkers","floor":42,"turns":4},{"damage":5,"enemies":"Sphere and 2 Shapes","floor":45,"turns":3},{"damage":0,"enemies":"Writhing Mass","floor":46,"turns":5},{"damage":10,"enemies":"Maw","floor":47,"turns":8},{"damage":15,"enemies":"3 Darklings","floor":48,"turns":3},{"damage":0,"enemies":"Awakened One","floor":50,"turns":11}],"seed_played":"-2780156957999969430","potions_obtained":[{"floor":5,"key":"SneckoOil"},{"floor":6,"key":"Strength Potion"},{"floor":8,"key":"SkillPotion"},{"floor":19,"key":"Strength Potion"},{"floor":20,"key":"Ancient Potion"},{"floor":25,"key":"PowerPotion"},{"floor":30,"key":"Swift Potion"},{"floor":33,"key":"Weak Potion"},{"floor":35,"key":"PowerPotion"},{"floor":38,"key":"SteroidPotion"},{"floor":41,"key":"EssenceOfSteel"},{"floor":42,"key":"PowerPotion"},{"floor":45,"key":"Poison Potion"},{"floor":46,"key":"Energy Potion"},{"floor":47,"key":"EssenceOfSteel"}],"is_trial":false,"path_per_floor":["M","M","?","?","M","E","R","M","T","M","$","?","E","?","R","B",null,"M","?","M","M","M","E","?","E","T","$","M","$","M","M","R","B",null,"M","?","?","M","$","R","E","?","T","$","M","M","M","M","R","B",null],"character_chosen":"IRONCLAD","items_purchased":["Deep Breath","Gremlin Horn","Madness","Apotheosis","Strange Spoon","Happy Flower","Dream Catcher","Flash of Steel"],"campfire_rested":2,"item_purchase_floors":[11,27,27,29,29,29,39,44],"current_hp_per_floor":[78,77,70,77,81,80,79,78,77,76,75,74,73,72,71,70,69,68,62,66,62,64,41,41,33,33,33,34,34,40,43,43,15,56,55,54,53,40,40,50,49,40,40,40,43,48,46,39,51,50],"gold":65,"neow_bonus":"","is_prod":false,"is_daily":true,"chose_seed":false,"campfire_upgraded":3,"win_rate":0,"timestamp":1558747900,"path_taken":["M","M","?","?","M","E","R","M","T","?","$","?","E","?","R","BOSS","M","?","M","M","M","E","?","E","T","$","M","$","?","M","R","BOSS","M","?","?","?","$","R","E","?","T","$","M","M","M","M","R","BOSS"],"build_version":"2019-01-23","purchased_purges":0,"victory":true,"max_hp_per_floor":[78,77,76,82,81,80,79,78,77,76,75,74,73,72,71,70,69,68,67,66,65,64,65,64,63,62,61,62,61,60,59,58,57,56,55,54,53,52,51,50,49,48,47,46,47,48,49,50,51,50],"card_choices":[{"not_picked":["Shrug It Off","Whirlwind"],"picked":"Flex","floor":1},{"not_picked":["Warcry","Pommel Strike"],"picked":"Perfected Strike","floor":2},{"not_picked":["Havoc","Headbutt"],"picked":"Wild Strike","floor":5},{"not_picked":["Sever Soul","Clash"],"picked":"Rage","floor":6},{"not_picked":["Armaments","Feel No Pain"],"picked":"Sword Boomerang","floor":8},{"not_picked":["True Grit","Armaments"],"picked":"Flame Barrier","floor":10},{"not_picked":["True Grit","Dual Wield"],"picked":"Anger","floor":13},{"not_picked":["Combust","Rage"],"picked":"Demon Form","floor":14},{"not_picked":["Dark Embrace","Fiend Fire"],"picked":"Impervious","floor":16},{"not_picked":["Heavy Blade","Armaments"],"picked":"Blood for Blood+1","floor":18},{"not_picked":["Seeing Red","Havoc"],"picked":"Cleave+1","floor":19},{"not_picked":["Perfected Strike","Havoc"],"picked":"Clothesline+1","floor":20},{"not_picked":["True Grit","Seeing Red"],"picked":"Wild Strike","floor":21},{"not_picked":["Sentinel+1","Iron Wave"],"picked":"Flex","floor":22},{"not_picked":["Carnage","Sword Boomerang","Dual Wield"],"picked":"Singing Bowl","floor":23},{"not_picked":["Heavy Blade","Dual Wield"],"picked":"Fire Breathing","floor":25},{"not_picked":["Brutality","Battle Trance+1","Anger"],"picked":"Singing Bowl","floor":28},{"not_picked":["Headbutt","Entrench+1"],"picked":"Ghostly Armor+1","floor":30},{"not_picked":["Sword Boomerang","Headbutt+1"],"picked":"Twin Strike+1","floor":31},{"not_picked":["Impervious","Offering"],"picked":"Dark Embrace","floor":33},{"not_picked":["Armaments","Carnage"],"picked":"Headbutt+1","floor":35},{"not_picked":["Clothesline","Hemokinesis+1"],"picked":"Flex+1","floor":38},{"not_picked":["Sever Soul+1","Anger"],"picked":"Bludgeon","floor":40},{"not_picked":["True Grit+1","Cleave+1"],"picked":"Shrug It Off+1","floor":41},{"not_picked":["Armaments+1","Flex"],"picked":"Bludgeon","floor":42},{"not_picked":["Clash","Cleave+1"],"picked":"Sentinel","floor":45},{"not_picked":["Twin Strike+1","Fiend Fire","Dropkick"],"picked":"Singing Bowl","floor":45},{"not_picked":["Headbutt+1","Sentinel+1","Warcry"],"picked":"Singing Bowl","floor":46},{"not_picked":["Evolve","Sword Boomerang+1"],"picked":"Intimidate+1","floor":46},{"not_picked":["Shrug It Off","Havoc+1"],"picked":"Feel No Pain+1","floor":47},{"not_picked":["Warcry","Burning Pact+1","Armaments+1"],"picked":"Singing Bowl","floor":47},{"not_picked":["Havoc+1","Flex"],"picked":"Metallicize+1","floor":48},{"not_picked":["Armaments","Body Slam+1","Rupture"],"picked":"Singing Bowl","floor":48},{"not_picked":["Limit Break","Havoc+1","Wild Strike"],"picked":"Singing Bowl","floor":49}],"player_experience":701147,"relics_obtained":[{"floor":6,"key":"Mercury Hourglass"},{"floor":9,"key":"Kunai"},{"floor":13,"key":"MawBank"},{"floor":14,"key":"Singing Bowl"},{"floor":19,"key":"Red Mask"},{"floor":23,"key":"Old Coin"},{"floor":25,"key":"Bronze Scales"},{"floor":26,"key":"Self Forming Clay"},{"floor":41,"key":"Boot"},{"floor":42,"key":"Prayer Wheel"},{"floor":43,"key":"Anchor"}],"event_choices":[{"damage_healed":0,"gold_gain":0,"player_choice":"Success","damage_taken":7,"relics_obtained":["War Paint"],"max_hp_gain":0,"max_hp_loss":0,"event_name":"Scrap Ooze","floor":3,"gold_loss":0},{"damage_healed":0,"gold_gain":0,"player_choice":"Paid Gold","damage_taken":0,"relics_obtained":["Strawberry"],"max_hp_gain":0,"max_hp_loss":0,"event_name":"WeMeetAgain","floor":4,"gold_loss":80},{"damage_healed":0,"gold_gain":70,"player_choice":"Gained Gold","damage_taken":0,"max_hp_gain":0,"max_hp_loss":0,"event_name":"Golden Wing","floor":12,"gold_loss":0},{"damage_healed":0,"gold_gain":0,"player_choice":"Searched \u00272\u0027 times","damage_taken":0,"max_hp_gain":0,"max_hp_loss":0,"event_name":"Dead Adventurer","floor":14,"gold_loss":0},{"damage_healed":0,"gold_gain":0,"player_choice":"Fought Bandits","damage_taken":0,"max_hp_gain":0,"max_hp_loss":0,"event_name":"Masked Bandits","floor":19,"gold_loss":0},{"damage_healed":0,"gold_gain":0,"player_choice":"Ignored","damage_taken":0,"max_hp_gain":0,"max_hp_loss":0,"event_name":"Purifier","floor":24,"gold_loss":0},{"cards_removed":["Apotheosis"],"damage_healed":0,"gold_gain":0,"player_choice":"Removed Skill","damage_taken":0,"max_hp_gain":0,"max_hp_loss":0,"event_name":"Falling","floor":36,"gold_loss":0},{"damage_healed":0,"gold_gain":0,"cards_transformed":["Deep Breath"],"player_choice":"Transformed","damage_taken":0,"max_hp_gain":0,"max_hp_loss":0,"event_name":"Transmorgrifier","floor":37,"gold_loss":0,"cards_obtained":["Dramatic Entrance"]},{"damage_healed":0,"gold_gain":0,"player_choice":"Fight","damage_taken":0,"max_hp_gain":0,"max_hp_loss":0,"event_name":"Mysterious Sphere","floor":42,"gold_loss":0}],"is_beta":false,"boss_relics":[{"not_picked":["Lizard Tail","Philosopher\u0027s Stone"],"picked":"Runic Cube"},{"not_picked":["Sozu","Empty Cage"],"picked":"White Beast Statue"}],"items_purged_floors":[],"is_endless":false,"potions_floor_spawned":[5,6,8,10,19,20,25,30,33,35,38,41,42,45,46,47,48],"ascension_level":0}