{"gold_per_floor":[119,133,147,147,165,195,195,270,270,270,270],"floor_reached":11,"playtime":386,"items_purged":[],"score":146,"play_id":"0b53d503-db1c-4d0c-bfb7-90d2f57766f6","local_time":"20190913100155","is_ascension_mode":true,"campfire_choices":[{"data":"Flame Barrier","floor":7,"key":"SMITH"},{"data":"Bash","floor":10,"key":"SMITH"}],"neow_cost":"NONE","seed_source_timestamp":93662826285900,"circlet_count":0,"master_deck":["AscendersBane","Strike_R","Strike_R+1","Strike_R","Strike_R","Strike_R+1","Defend_R","Defend_R","Defend_R","Defend_R","Bash+1","Evolve","Power Through","Evolve","Flame Barrier+1"],"relics":["Burning Blood","Whetstone","Ornamental Fan","Paper Frog","Gremlin Horn"],"potions_floor_usage":[11],"damage_taken":[{"damage":7,"enemies":"2 Louse","floor":1,"turns":3},{"damage":1,"enemies":"Cultist","floor":2,"turns":3},{"damage":9,"enemies":"Jaw Worm","floor":3,"turns":4},{"damage":11,"enemies":"2 Fungi Beasts","floor":5,"turns":5},{"damage":20,"enemies":"3 Sentries","floor":6,"turns":14},{"damage":44,"enemies":"Gremlin Nob","floor":11,"turns":4}],"seed_played":"8117253635771150381","potions_obtained":[{"floor":2,"key":"Weak Potion"},{"floor":6,"key":"AttackPotion"}],"is_trial":false,"path_per_floor":["M","M","M","?","M","E","R","?","T","R","E"],"character_chosen":"IRONCLAD","items_purchased":[],"campfire_rested":0,"item_purchase_floors":[],"current_hp_per_floor":[67,72,69,69,64,50,50,39,39,39,0],"gold":270,"neow_bonus":"RANDOM_COMMON_RELIC","is_prod":false,"is_daily":false,"chose_seed":false,"campfire_upgraded":2,"win_rate":0,"timestamp":1568394115,"path_taken":["M","M","M","?","?","E","R","?","T","R","E"],"build_version":"2019-07-17","purchased_purges":0,"victory":false,"max_hp_per_floor":[75,75,75,75,75,75,75,75,75,75,75],"card_choices":[{"not_picked":["Twin Strike","Warcry"],"picked":"Evolve","floor":1},{"not_picked":["Twin Strike","Shrug It Off"],"picked":"Power Through","floor":2},{"not_picked":["Infernal Blade","Cleave"],"picked":"Evolve","floor":3},{"not_picked":["Iron Wave","Heavy Blade","Entrench"],"picked":"SKIP","floor":5},{"not_picked":["Flex","Carnage"],"picked":"Flame Barrier","floor":6}],"player_experience":732705,"relics_obtained":[{"floor":6,"key":"Paper Frog"},{"floor":9,"key":"Gremlin Horn"}],"event_choices":[{"damage_healed":0,"gold_gain":0,"player_choice":"Gave Potion","damage_taken":0,"relics_obtained":["Ornamental Fan"],"max_hp_gain":0,"max_hp_loss":0,"event_name":"WeMeetAgain","floor":4,"gold_loss":0},{"damage_healed":0,"gold_gain":75,"player_choice":"Gather Gold","damage_taken":11,"max_hp_gain":0,"max_hp_loss":0,"event_name":"World of Goop","floor":8,"gold_loss":0}],"is_beta":false,"boss_relics":[],"items_purged_floors":[],"is_endless":false,"potions_floor_spawned":[2,6],"killed_by":"Gremlin Nob","ascension_level":20}