{"gold_per_floor":[369,381,381,20,38,38,64,86,111,111,138,55,72,147,147,219,219,235,285,210,228,228,228,261,280,361,201,215,215,47,78,78,78],"floor_reached":33,"playtime":1422,"items_purged":[],"score":682,"play_id":"2ce5d54b-9f6e-40a2-98dc-fb6863b789c8","local_time":"20190923223424","is_ascension_mode":true,"campfire_choices":[{"data":"Neutralize","floor":6,"key":"SMITH"},{"floor":10,"key":"REST"},{"floor":15,"key":"REST"},{"floor":23,"key":"REST"},{"floor":29,"key":"REST"},{"floor":32,"key":"REST"}],"neow_cost":"TEN_PERCENT_HP_LOSS","seed_source_timestamp":1081374635816900,"circlet_count":0,"master_deck":["AscendersBane","Survivor","Neutralize+1","Flying Knee+1","PiercingWail","All Out Attack","Noxious Fumes","Dagger Throw","Dodge and Roll+1","Dash","Crippling Poison+1","Bouncing Flask+1","Die Die Die","Storm of Steel+1","Reflex+1","Escape Plan+1","PiercingWail+1","Deflect+1","Backstab+1","Prepared+1","After Image","Calculated Gamble+1","Dash","Blade Dance+1","Backflip+1","PiercingWail+1"],"relics":["Ring of the Snake","Toxic Egg 2","PreservedInsect","Odd Mushroom","Anchor","Ancient Tea Set","Pandora\u0027s Box","Lantern","Question Card","Whetstone","Bag of Preparation","Singing Bowl"],"potions_floor_usage":[7,8,24,31,33,33],"damage_taken":[{"damage":7,"enemies":"Jaw Worm","floor":1,"turns":7},{"damage":1,"enemies":"Cultist","floor":2,"turns":3},{"damage":2,"enemies":"2 Louse","floor":5,"turns":3},{"damage":26,"enemies":"Gremlin Nob","floor":7,"turns":4},{"damage":2,"enemies":"The Mushroom Lair","floor":8,"turns":4},{"damage":0,"enemies":"3 Sentries","floor":11,"turns":6},{"damage":4,"enemies":"Large Slime","floor":13,"turns":7},{"damage":18,"enemies":"The Guardian","floor":16,"turns":10},{"damage":10,"enemies":"Chosen","floor":18,"turns":5},{"damage":7,"enemies":"2 Thieves","floor":21,"turns":4},{"damage":4,"enemies":"Slavers","floor":24,"turns":3},{"damage":6,"enemies":"3 Cultists","floor":25,"turns":4},{"damage":22,"enemies":"Snecko","floor":28,"turns":5},{"damage":0,"enemies":"Book of Stabbing","floor":31,"turns":3},{"damage":78,"enemies":"Champ","floor":33,"turns":12}],"seed_played":"6145368569679820270","potions_obtained":[{"floor":1,"key":"GamblersBrew"},{"floor":2,"key":"Energy Potion"},{"floor":7,"key":"Dexterity Potion"},{"floor":16,"key":"PowerPotion"},{"floor":18,"key":"FearPotion"},{"floor":28,"key":"SpeedPotion"},{"floor":31,"key":"LiquidBronze"}],"is_trial":false,"path_per_floor":["M","M","?","$","M","R","E","?","T","R","E","$","M","?","R","B",null,"M","?","?","M","?","R","E","M","T","$","M","R","$","E","R","B"],"character_chosen":"THE_SILENT","items_purchased":["Toxic Egg 2","Noxious Fumes","Crippling Poison+1","Whetstone","Bag of Preparation"],"campfire_rested":5,"item_purchase_floors":[4,4,12,27,30],"current_hp_per_floor":[52,51,51,51,49,49,23,21,21,39,39,39,35,24,42,24,51,41,41,41,34,34,52,48,42,42,42,20,38,38,38,56,0],"gold":78,"neow_bonus":"TWO_FIFTY_GOLD","is_prod":false,"is_daily":false,"chose_seed":false,"campfire_upgraded":1,"win_rate":0,"timestamp":1569303264,"path_taken":["M","M","?","$","?","R","E","?","T","R","E","$","M","?","R","BOSS","M","?","?","M","?","R","E","M","T","$","M","R","?","E","R","BOSS"],"build_version":"2019-07-17","purchased_purges":0,"victory":false,"max_hp_per_floor":[60,60,60,60,60,60,60,60,60,60,60,60,60,60,60,60,60,60,60,60,60,60,60,60,60,60,60,60,60,60,60,60,60],"card_choices":[{"not_picked":["Escape Plan","Setup"],"picked":"Flying Knee","floor":1},{"not_picked":["Infinite Blades","Prepared"],"picked":"PiercingWail","floor":2},{"not_picked":["Tactician+1","Calculated Gamble+1"],"picked":"Dagger Throw","floor":5},{"not_picked":["Envenom","Prepared+1"],"picked":"Dodge and Roll+1","floor":7},{"not_picked":["Concentrate+1","Choke"],"picked":"Dash","floor":8},{"not_picked":["Prepared+1","Unload","Blade Dance+1"],"picked":"SKIP","floor":11},{"not_picked":["Bane","Cloak And Dagger+1"],"picked":"Bouncing Flask+1","floor":13},{"not_picked":["Tools of the Trade","Grand Finale"],"picked":"Die Die Die","floor":16},{"not_picked":["Prepared+1","Flying Knee","Flechettes"],"picked":"SKIP","floor":18},{"not_picked":["Acrobatics+1","Choke"],"picked":"Calculated Gamble+1","floor":21},{"not_picked":["Tactician+1","Sucker Punch"],"picked":"Dash","floor":24},{"not_picked":["Acrobatics+1","Setup+1"],"picked":"Blade Dance+1","floor":25},{"not_picked":["Underhanded Strike","Reflex+1","Infinite Blades"],"picked":"Backflip+1","floor":28},{"not_picked":["Venomology+1","Sucker Punch","Tactician+1"],"picked":"PiercingWail+1","floor":31}],"player_experience":1323076,"relics_obtained":[{"floor":7,"key":"PreservedInsect"},{"floor":8,"key":"Odd Mushroom"},{"floor":9,"key":"Anchor"},{"floor":11,"key":"Ancient Tea Set"},{"floor":24,"key":"Lantern"},{"floor":26,"key":"Question Card"},{"floor":31,"key":"Singing Bowl"}],"event_choices":[{"damage_healed":0,"gold_gain":0,"player_choice":"1 cards matched","damage_taken":0,"max_hp_gain":0,"max_hp_loss":0,"event_name":"Match and Keep!","floor":3,"gold_loss":0,"cards_obtained":["All Out Attack"]},{"damage_healed":0,"gold_gain":0,"player_choice":"Fought Mushrooms","damage_taken":0,"max_hp_gain":0,"max_hp_loss":0,"event_name":"Mushrooms","floor":8,"gold_loss":0},{"damage_healed":0,"gold_gain":75,"player_choice":"Gather Gold","damage_taken":11,"max_hp_gain":0,"max_hp_loss":0,"event_name":"World of Goop","floor":14,"gold_loss":0},{"damage_healed":0,"gold_gain":50,"player_choice":"Stole From Cult","damage_taken":0,"max_hp_gain":0,"max_hp_loss":0,"event_name":"Nest","floor":19,"gold_loss":0},{"cards_removed":["Grand Finale"],"damage_healed":0,"gold_gain":0,"player_choice":"Gave Gold","damage_taken":0,"max_hp_gain":0,"max_hp_loss":0,"event_name":"Beggar","floor":20,"gold_loss":75},{"cards_removed":["Flechettes"],"damage_healed":0,"gold_gain":0,"player_choice":"Elegance","damage_taken":0,"max_hp_gain":0,"max_hp_loss":0,"event_name":"Back to Basics","floor":22,"gold_loss":0}],"is_beta":false,"boss_relics":[{"not_picked":["Ring of the Serpent","Empty Cage"],"picked":"Pandora\u0027s Box"}],"items_purged_floors":[],"is_endless":false,"potions_floor_spawned":[1,2,7,16,18,28,31],"killed_by":"Champ","ascension_level":20}