{"gold_per_floor":[113,113,125,139,139,170,180,180,180,204,204,239,239,251,251,326,326,337,16,16,29,47,47,61,61,61,79,79,92,111,136,136,207,257,275,275,292,217,217,217,317,329,398,412,312,312,327,362,362,362,362],"floor_reached":52,"playtime":2245,"items_purged":["Strike_R","Parasite"],"score":2178,"play_id":"130a90c1-f6fc-4284-a02d-843ead68288c","local_time":"20190922005248","is_ascension_mode":true,"campfire_choices":[{"data":"Carnage","floor":8.0,"key":"SMITH"},{"data":"Shrug It Off","floor":11.0,"key":"SMITH"},{"data":"Shrug It Off","floor":13.0,"key":"SMITH"},{"data":"Anger","floor":15.0,"key":"SMITH"},{"data":"Master of Strategy","floor":23.0,"key":"SMITH"},{"data":"Sentinel","floor":28.0,"key":"SMITH"},{"data":"Shrug It Off","floor":32.0,"key":"SMITH"},{"data":"Flame Barrier","floor":40.0,"key":"SMITH"},{"data":"Master of Strategy","floor":46.0,"key":"SMITH"},{"data":"Battle Trance","floor":49,"key":"SMITH"}],"neow_cost":"NONE","seed_source_timestamp":432471022723600,"circlet_count":0,"master_deck":["AscendersBane","Strike_R+1","Strike_R","Strike_R","Defend_R","Defend_R","Bash+1","Shrug It Off+1","Carnage+1","Shrug It Off+1","Reaper","Headbutt","Shrug It Off","Shrug It Off+1","Barricade","Corruption","Master of Strategy+1","Body Slam","Dark Embrace","Intimidate+1","Entrench","Sentinel+1","Body Slam","True Grit","True Grit","Master of Strategy+1","Flame Barrier+1","Battle Trance+1","True Grit"],"special_seed":0,"relics":["Burning Blood","Bag of Marbles","Blood Vial","Strawberry","Odd Mushroom","Snecko Eye","Happy Flower","StoneCalendar","Tiny House","Mango","Singing Bowl","Kunai"],"potions_floor_usage":[50,50],"damage_taken":[{"damage":3.0,"enemies":"Small Slimes","floor":1.0,"turns":4.0},{"damage":0.0,"enemies":"2 Louse","floor":3.0,"turns":3.0},{"damage":2.0,"enemies":"Jaw Worm","floor":4.0,"turns":3.0},{"damage":30.0,"enemies":"3 Sentries","floor":6.0,"turns":8.0},{"damage":8.0,"enemies":"Exordium Thugs","floor":7.0,"turns":4.0},{"damage":12.0,"enemies":"The Mushroom Lair","floor":10.0,"turns":5.0},{"damage":8.0,"enemies":"Gremlin Nob","floor":12.0,"turns":3.0},{"damage":11.0,"enemies":"Gremlin Gang","floor":14.0,"turns":5.0},{"damage":54.0,"enemies":"Hexaghost","floor":16.0,"turns":10.0},{"damage":14.0,"enemies":"Shell Parasite","floor":18.0,"turns":4.0},{"damage":11.0,"enemies":"2 Thieves","floor":21.0,"turns":2.0},{"damage":6.0,"enemies":"3 Cultists","floor":22.0,"turns":5.0},{"damage":0.0,"enemies":"Centurion and Healer","floor":24.0,"turns":7.0},{"damage":0.0,"enemies":"Sentry and Sphere","floor":27.0,"turns":3.0},{"damage":0.0,"enemies":"Snecko","floor":29.0,"turns":2.0},{"damage":19.0,"enemies":"Snake Plant","floor":30.0,"turns":4.0},{"damage":0.0,"enemies":"Book of Stabbing","floor":31.0,"turns":3.0},{"damage":52.0,"enemies":"Collector","floor":33.0,"turns":4.0},{"damage":7.0,"enemies":"3 Darklings","floor":35.0,"turns":3.0},{"damage":7.0,"enemies":"Orb Walker","floor":37.0,"turns":3.0},{"damage":0.0,"enemies":"Mind Bloom Boss Battle","floor":41.0,"turns":2.0},{"damage":11.0,"enemies":"3 Darklings","floor":42.0,"turns":2.0},{"damage":0.0,"enemies":"Writhing Mass","floor":44.0,"turns":3.0},{"damage":5.0,"enemies":"Sphere and 2 Shapes","floor":47.0,"turns":4.0},{"damage":0,"enemies":"Reptomancer","floor":48,"turns":3},{"damage":0,"enemies":"Time Eater","floor":50,"turns":5},{"damage":0,"enemies":"Donu and Deca","floor":51,"turns":5}],"seed_played":"-2462959503248565999","potions_obtained":[{"floor":1.0,"key":"SneckoOil"},{"floor":3.0,"key":"Swift Potion"},{"floor":4.0,"key":"Regen Potion"},{"floor":10.0,"key":"SneckoOil"},{"floor":14.0,"key":"Block Potion"},{"floor":16.0,"key":"PowerPotion"},{"floor":22.0,"key":"Swift Potion"},{"floor":27.0,"key":"PowerPotion"},{"floor":34.0,"key":"SneckoOil"},{"floor":41.0,"key":"Block Potion"}],"is_trial":false,"path_per_floor":["M","?","M","M","?","E","M","R","T","?","R","E","R","M","R","B",null,"M","$","?","M","M","R","M","?","T","M","R","M","M","E","R","B",null,"M","?","M","$","?","R","?","M","T","M","$","R","M","E","R","B","B",null],"character_chosen":"IRONCLAD","items_purchased":["Corruption","Master of Strategy","Body Slam"],"campfire_rested":0,"item_purchase_floors":[19,19,19],"current_hp_per_floor":[71,48,54,58,51,42,42,42,49,48,48,54,54,54,54,14,65,59,59,59,56,76,76,82,82,82,82,82,82,69,82,82,50,79,86,76,77,77,77,77,99,101,101,101,98,98,100,102,102,102,102],"gold":362,"neow_bonus":"RANDOM_COMMON_RELIC","is_prod":false,"is_daily":false,"chose_seed":false,"campfire_upgraded":10,"win_rate":0,"timestamp":1569138768,"path_taken":["M","?","M","M","?","E","M","R","T","?","R","E","R","M","R","BOSS","M","$","?","M","M","R","M","?","T","M","R","M","M","E","R","BOSS","M","?","M","$","?","R","?","M","T","M","$","R","M","E","R","BOSS","BOSS"],"build_version":"2019-09-20","purchased_purges":2,"victory":true,"max_hp_per_floor":[75,75,75,75,75,75,75,75,82,82,82,82,82,82,82,82,82,82,82,82,82,82,82,82,82,82,82,82,82,82,82,82,82,87,87,87,87,87,87,87,101,101,101,101,98,98,100,102,102,102,102],"card_choices":[{"not_picked":["Rupture","Twin Strike"],"picked":"Shrug It Off","floor":1.0},{"not_picked":["Cleave","Rampage"],"picked":"Carnage","floor":3.0},{"not_picked":["Clash","Clothesline"],"picked":"Shrug It Off","floor":4.0},{"not_picked":["Shrug It Off","Hemokinesis"],"picked":"Reaper","floor":6.0},{"not_picked":["Clash","True Grit"],"picked":"Headbutt","floor":7.0},{"not_picked":["Clothesline","Iron Wave"],"picked":"Shrug It Off","floor":10.0},{"not_picked":["Clash","Reaper"],"picked":"Shrug It Off","floor":12.0},{"not_picked":["Pommel Strike","Wild Strike"],"picked":"Anger","floor":14.0},{"not_picked":["Juggernaut","Fiend Fire"],"picked":"Barricade","floor":16.0},{"not_picked":["Seeing Red","Wild Strike","Iron Wave"],"picked":"SKIP","floor":18.0},{"not_picked":["Pommel Strike","Heavy Blade","Sword Boomerang+1"],"picked":"SKIP","floor":21.0},{"not_picked":["Uppercut","Dual Wield+1"],"picked":"Entrench","floor":22.0},{"not_picked":["Shrug It Off","Clash"],"picked":"Sentinel","floor":24.0},{"not_picked":["Havoc","Armaments","Sword Boomerang"],"picked":"SKIP","floor":27.0},{"not_picked":["Pommel Strike","Havoc","Cleave"],"picked":"SKIP","floor":29.0},{"not_picked":["Warcry","Fiend Fire","Anger"],"picked":"SKIP","floor":30.0},{"not_picked":["Carnage","Sword Boomerang"],"picked":"Body Slam","floor":31.0},{"not_picked":["Armaments","Dropkick"],"picked":"True Grit","floor":34.0},{"not_picked":["Clothesline","Twin Strike+1"],"picked":"True Grit","floor":35.0},{"not_picked":["Metamorphosis","Swift Strike"],"picked":"Master of Strategy","floor":36.0},{"not_picked":["True Grit","Body Slam"],"picked":"Flame Barrier","floor":37.0},{"not_picked":["Shrug It Off","Heavy Blade"],"picked":"Battle Trance","floor":42.0},{"not_picked":["Rage","Pummel"],"picked":"True Grit","floor":44.0},{"not_picked":["Shockwave","Heavy Blade","Whirlwind"],"picked":"Singing Bowl","floor":47.0},{"not_picked":["Warcry","Limit Break","Combust"],"picked":"Singing Bowl","floor":48}],"player_experience":950925,"relics_obtained":[{"floor":6.0,"key":"Blood Vial"},{"floor":9.0,"key":"Strawberry"},{"floor":10.0,"key":"Odd Mushroom"},{"floor":26.0,"key":"Happy Flower"},{"floor":31.0,"key":"StoneCalendar"},{"floor":41.0,"key":"Mango"},{"floor":43.0,"key":"Singing Bowl"},{"floor":48,"key":"Kunai"}],"event_choices":[{"damage_healed":0.0,"max_hp_gain":0.0,"max_hp_loss":0.0,"gold_gain":0.0,"event_name":"Shining Light","player_choice":"Entered Light","floor":2.0,"gold_loss":0.0,"damage_taken":23.0,"cards_upgraded":["Bash","Strike_R"]},{"cards_removed":["Defend_R"],"damage_healed":0.0,"max_hp_gain":0.0,"max_hp_loss":0.0,"gold_gain":0.0,"event_name":"Golden Wing","player_choice":"Card Removal","floor":5.0,"gold_loss":0.0,"damage_taken":7.0},{"damage_healed":0.0,"max_hp_gain":0.0,"max_hp_loss":0.0,"gold_gain":0.0,"event_name":"Mushrooms","player_choice":"Fought Mushrooms","floor":10.0,"gold_loss":0.0,"damage_taken":0.0},{"damage_healed":0.0,"max_hp_gain":0.0,"max_hp_loss":0.0,"gold_gain":0.0,"cards_transformed":["Anger","Strike_R"],"event_name":"Drug Dealer","player_choice":"Became Test Subject","floor":20.0,"gold_loss":0.0,"damage_taken":0.0,"cards_obtained":["Dark Embrace","Intimidate"]},{"damage_healed":0.0,"max_hp_gain":0.0,"max_hp_loss":0.0,"gold_gain":0.0,"event_name":"Ghosts","player_choice":"Ignored","floor":25.0,"gold_loss":0.0,"damage_taken":0.0},{"damage_healed":0.0,"max_hp_gain":0.0,"max_hp_loss":0.0,"gold_gain":0.0,"event_name":"SensoryStone","player_choice":"Memory 3","floor":36.0,"gold_loss":0.0,"damage_taken":10.0},{"cards_removed":["Defend_R"],"damage_healed":0.0,"max_hp_gain":0.0,"max_hp_loss":0.0,"gold_gain":0.0,"event_name":"Falling","player_choice":"Removed Skill","floor":39.0,"gold_loss":0.0,"damage_taken":0.0},{"damage_healed":0.0,"max_hp_gain":0.0,"max_hp_loss":0.0,"gold_gain":0.0,"event_name":"MindBloom","player_choice":"Fight","floor":41.0,"gold_loss":0.0,"damage_taken":0.0}],"is_beta":true,"boss_relics":[{"not_picked":["Coffee Dripper","Cursed Key"],"picked":"Snecko Eye"},{"not_picked":["Runic Pyramid","Velvet Choker"],"picked":"Tiny House"}],"items_purged_floors":[38,45],"is_endless":false,"potions_floor_spawned":[1,3,4,10,14,16,22,27,30,41,48],"ascension_level":20}