{"gold_per_floor":[116,116,126,126,126,126,160,160,160,187,201,126,138,170,170,170],"floor_reached":16,"playtime":504,"items_purged":[],"score":236,"play_id":"feda4969-52f6-4b02-8dab-da0352a31e4a","local_time":"20190916184229","is_ascension_mode":true,"campfire_choices":[{"data":"Uppercut","floor":6,"key":"SMITH"},{"floor":8,"key":"REST"},{"data":"Hemokinesis","floor":15,"key":"SMITH"}],"neow_cost":"NONE","seed_source_timestamp":383976306958000,"circlet_count":0,"master_deck":["AscendersBane","Strike_R","Strike_R","Strike_R","Strike_R","Defend_R+1","Defend_R","Defend_R","Defend_R","Bash","Rage+1","Clothesline+1","Uppercut+1","Power Through","Hemokinesis+1","Power Through"],"relics":["Burning Blood","Kunai","Sundial","Bag of Marbles","Self Forming Clay"],"potions_floor_usage":[11,14],"damage_taken":[{"damage":3,"enemies":"Jaw Worm","floor":1,"turns":3},{"damage":10,"enemies":"Small Slimes","floor":3,"turns":5},{"damage":34,"enemies":"3 Sentries","floor":7,"turns":13},{"damage":30,"enemies":"Gremlin Nob","floor":10,"turns":4},{"damage":0,"enemies":"Cultist","floor":11,"turns":3},{"damage":0,"enemies":"Exordium Wildlife","floor":13,"turns":3},{"damage":18,"enemies":"Lagavulin","floor":14,"turns":4},{"damage":58,"enemies":"Slime Boss","floor":16,"turns":13}],"seed_played":"-7486311459006897363","potions_obtained":[{"floor":3,"key":"GamblersBrew"},{"floor":10,"key":"BloodPotion"}],"is_trial":false,"path_per_floor":["M","?","M","?","?","R","E","R","T","E","M","?","M","E","R","B"],"character_chosen":"IRONCLAD","items_purchased":[],"campfire_rested":1,"item_purchase_floors":[],"current_hp_per_floor":[71,71,67,44,69,69,41,63,63,39,63,63,69,57,57,0],"gold":170,"neow_bonus":"THREE_CARDS","is_prod":false,"is_daily":false,"chose_seed":false,"campfire_upgraded":2,"win_rate":0,"timestamp":1568684549,"path_taken":["M","?","M","?","?","R","E","R","T","E","M","?","M","E","R","BOSS"],"build_version":"2019-07-17","purchased_purges":0,"victory":false,"max_hp_per_floor":[75,75,75,75,75,75,75,75,75,75,75,75,75,75,75,75],"card_choices":[{"not_picked":["Entrench","Seeing Red"],"picked":"Rage","floor":0},{"not_picked":["Shrug It Off","Flex"],"picked":"Clothesline","floor":1},{"not_picked":["Warcry","Havoc"],"picked":"Uppercut","floor":3},{"not_picked":["Carnage","Searing Blow","Ghostly Armor"],"picked":"SKIP","floor":7},{"not_picked":["Pommel Strike","Spot Weakness"],"picked":"Power Through","floor":10},{"not_picked":["Armaments","Twin Strike","Hemokinesis"],"picked":"SKIP","floor":11},{"not_picked":["Dual Wield","Sword Boomerang"],"picked":"Hemokinesis","floor":13},{"not_picked":["Havoc","Sword Boomerang"],"picked":"Power Through","floor":14}],"player_experience":792719,"relics_obtained":[{"floor":7,"key":"Kunai"},{"floor":9,"key":"Sundial"},{"floor":10,"key":"Bag of Marbles"},{"floor":14,"key":"Self Forming Clay"}],"event_choices":[{"damage_healed":0,"gold_gain":0,"player_choice":"Grow","damage_taken":0,"max_hp_gain":0,"max_hp_loss":0,"event_name":"Living Wall","floor":2,"gold_loss":0,"cards_upgraded":["Rage"]},{"damage_healed":0,"gold_gain":0,"player_choice":"Entered Light","damage_taken":23,"max_hp_gain":0,"max_hp_loss":0,"event_name":"Shining Light","floor":4,"gold_loss":0,"cards_upgraded":["Defend_R","Clothesline"]},{"damage_healed":25,"gold_gain":0,"player_choice":"Banana","damage_taken":0,"max_hp_gain":0,"max_hp_loss":0,"event_name":"Big Fish","floor":5,"gold_loss":0},{"cards_removed":["Strike_R"],"damage_healed":0,"gold_gain":0,"player_choice":"Card Removal","damage_taken":0,"max_hp_gain":0,"max_hp_loss":0,"event_name":"The Cleric","floor":12,"gold_loss":75}],"is_beta":false,"boss_relics":[],"items_purged_floors":[],"is_endless":false,"potions_floor_spawned":[3,10],"killed_by":"Slime Boss","ascension_level":20}