{"gold_per_floor":[215,229,229,252,275,275,275,275,300,300,335,60,104,127,127,127],"floor_reached":16,"playtime":650,"items_purged":[],"score":220,"play_id":"5c54fc5b-bc43-4e6b-a23d-87cf735842fb","local_time":"20190917102550","is_ascension_mode":true,"campfire_choices":[{"data":"Bash","floor":6,"key":"SMITH"},{"data":"Feel No Pain","floor":8,"key":"SMITH"},{"floor":10,"key":"REST"},{"data":"Flame Barrier","floor":15,"key":"SMITH"}],"neow_cost":"NONE","seed_source_timestamp":36485422133900,"circlet_count":0,"master_deck":["AscendersBane","Strike_R","Strike_R+1","Strike_R","Strike_R","Strike_R","Defend_R+1","Defend_R","Defend_R","Defend_R","Bash+1","Shrug It Off","Feel No Pain+1","Reckless Charge","Feel No Pain+1","Shrug It Off","Flame Barrier+1","Dark Embrace"],"relics":["Burning Blood","Golden Idol","Centennial Puzzle","Bag of Preparation","DollysMirror","Peace Pipe"],"potions_floor_usage":[13,16],"damage_taken":[{"damage":4,"enemies":"Jaw Worm","floor":1,"turns":5},{"damage":7,"enemies":"Small Slimes","floor":2,"turns":4},{"damage":0,"enemies":"2 Louse","floor":4,"turns":2},{"damage":11,"enemies":"Blue Slaver","floor":5,"turns":7},{"damage":2,"enemies":"3 Sentries","floor":11,"turns":17},{"damage":10,"enemies":"Lagavulin","floor":13,"turns":8},{"damage":9,"enemies":"Exordium Thugs","floor":14,"turns":9},{"damage":64,"enemies":"Hexaghost","floor":16,"turns":9}],"seed_played":"-7233360843105070613","potions_obtained":[{"floor":5,"key":"SkillPotion"},{"floor":13,"key":"Ancient Potion"},{"floor":14,"key":"PowerPotion"}],"is_trial":false,"path_per_floor":["M","M","?","M","M","R","?","R","T","R","E","$","E","M","R","B"],"character_chosen":"IRONCLAD","items_purchased":["DollysMirror","Shrug It Off"],"campfire_rested":1,"item_purchase_floors":[12,12],"current_hp_per_floor":[70,69,68,68,63,63,43,43,43,63,67,67,63,60,60,0],"gold":127,"neow_bonus":"HUNDRED_GOLD","is_prod":false,"is_daily":false,"chose_seed":false,"campfire_upgraded":3,"win_rate":0,"timestamp":1568741150,"path_taken":["M","M","?","M","M","R","?","R","T","R","E","$","E","M","R","BOSS"],"build_version":"2019-07-17","purchased_purges":0,"victory":false,"max_hp_per_floor":[75,75,68,68,68,68,68,68,68,68,68,68,68,68,68,68],"card_choices":[{"not_picked":["Havoc","Thunderclap","Burning Pact"],"picked":"SKIP","floor":1},{"not_picked":["Havoc","Heavy Blade"],"picked":"Shrug It Off","floor":2},{"not_picked":["Warcry","Clash","Twin Strike"],"picked":"SKIP","floor":4},{"not_picked":["Corruption","Clash"],"picked":"Feel No Pain","floor":5},{"not_picked":["Cleave","Headbutt"],"picked":"Reckless Charge","floor":11},{"not_picked":["Perfected Strike","Body Slam"],"picked":"Flame Barrier","floor":13},{"not_picked":["Warcry","Havoc"],"picked":"Dark Embrace","floor":14}],"player_experience":808340,"relics_obtained":[{"floor":9,"key":"Centennial Puzzle"},{"floor":11,"key":"Bag of Preparation"},{"floor":13,"key":"Peace Pipe"}],"event_choices":[{"damage_healed":0,"gold_gain":0,"player_choice":"Lose Max HP","damage_taken":0,"relics_obtained":["Golden Idol"],"max_hp_gain":0,"max_hp_loss":7,"event_name":"Golden Idol","floor":3,"gold_loss":0},{"damage_healed":0,"gold_gain":0,"player_choice":"Entered Light","damage_taken":20,"max_hp_gain":0,"max_hp_loss":0,"event_name":"Shining Light","floor":7,"gold_loss":0,"cards_upgraded":["Defend_R","Strike_R"]}],"is_beta":false,"boss_relics":[],"items_purged_floors":[],"is_endless":false,"potions_floor_spawned":[5,13,14],"killed_by":"Hexaghost","ascension_level":20}