{"gold_per_floor":[114,134,153,166,91,91,91,91,91,166,199,199,228,244,244,321,371,386,286,286,286,305,305,315,327,327,327],"floor_reached":27,"playtime":663,"items_purged":[],"score":446,"play_id":"c446d34d-694d-4ce5-a6f7-27102acc1345","local_time":"20190917073133","is_ascension_mode":true,"campfire_choices":[{"data":"Immolate","floor":6,"key":"SMITH"},{"data":"Flame Barrier","floor":8,"key":"SMITH"},{"data":"Bash","floor":12,"key":"SMITH"},{"data":"Shockwave","floor":15,"key":"SMITH"},{"data":"Flame Barrier","floor":23,"key":"SMITH"}],"neow_cost":"NONE","seed_source_timestamp":26014273624700,"circlet_count":0,"master_deck":["AscendersBane","Strike_R","Strike_R","Strike_R","Strike_R+1","Strike_R","Defend_R","Defend_R","Defend_R","Bash+1","Flame Barrier+1","Wild Strike","Perfected Strike+1","Immolate+1","Shockwave+1","Demon Form","Pommel Strike","Madness","RitualDagger","Flame Barrier+1","Ghostly Armor"],"relics":["Burning Blood","Mercury Hourglass","Ornamental Fan","Strawberry","Tiny House","Dream Catcher"],"potions_floor_usage":[13,18,22,27],"damage_taken":[{"damage":0,"enemies":"2 Louse","floor":1,"turns":4},{"damage":7,"enemies":"Jaw Worm","floor":2,"turns":3},{"damage":5,"enemies":"Small Slimes","floor":3,"turns":3},{"damage":1,"enemies":"Looter","floor":4,"turns":4},{"damage":24,"enemies":"Lagavulin","floor":11,"turns":6},{"damage":8,"enemies":"Gremlin Nob","floor":13,"turns":3},{"damage":0,"enemies":"Blue Slaver","floor":14,"turns":2},{"damage":30,"enemies":"Slime Boss","floor":16,"turns":7},{"damage":12,"enemies":"Chosen","floor":18,"turns":3},{"damage":36,"enemies":"2 Thieves","floor":22,"turns":4},{"damage":23,"enemies":"3 Cultists","floor":24,"turns":4},{"damage":25,"enemies":"Snecko","floor":25,"turns":6},{"damage":14,"enemies":"Slavers","floor":27,"turns":1}],"seed_played":"-7427076993866273594","potions_obtained":[{"floor":3,"key":"Regen Potion"},{"floor":11,"key":"Ancient Potion"},{"floor":14,"key":"Regen Potion"},{"floor":22,"key":"PowerPotion"}],"is_trial":false,"path_per_floor":["M","M","M","M","?","R","?","R","T","?","E","R","E","M","R","B",null,"M","$","?","?","M","R","M","M","T","E"],"character_chosen":"IRONCLAD","items_purchased":["Madness"],"campfire_rested":0,"item_purchase_floors":[19],"current_hp_per_floor":[74,73,74,75,75,75,75,75,75,64,46,46,60,66,66,42,77,71,71,65,65,47,47,30,11,11,0],"gold":327,"neow_bonus":"THREE_CARDS","is_prod":false,"is_daily":false,"chose_seed":false,"campfire_upgraded":5,"win_rate":0,"timestamp":1568730693,"path_taken":["M","M","M","M","?","R","?","R","T","?","E","R","E","M","R","BOSS","M","$","?","?","M","R","M","M","T","E"],"build_version":"2019-07-17","purchased_purges":0,"victory":false,"max_hp_per_floor":[75,75,75,75,75,75,75,75,75,75,75,75,82,82,82,82,87,87,87,87,87,87,87,87,87,87,87],"card_choices":[{"not_picked":["Perfected Strike","Sword Boomerang"],"picked":"Flame Barrier","floor":0},{"not_picked":["True Grit","Clash"],"picked":"Wild Strike","floor":1},{"not_picked":["Armaments","Clash"],"picked":"Perfected Strike","floor":2},{"not_picked":["Warcry","Sword Boomerang","Body Slam"],"picked":"SKIP","floor":3},{"not_picked":["Clothesline","Flex"],"picked":"Immolate","floor":4},{"not_picked":["Armaments","Headbutt","Havoc"],"picked":"SKIP","floor":11},{"not_picked":["Dual Wield","Reckless Charge","Dark Embrace"],"picked":"SKIP","floor":13},{"not_picked":["Spot Weakness","Twin Strike"],"picked":"Shockwave","floor":14},{"not_picked":["Exhume","Limit Break"],"picked":"Demon Form","floor":16},{"not_picked":["Clothesline","Spot Weakness"],"picked":"Pommel Strike","floor":17},{"not_picked":["Havoc","Iron Wave","Searing Blow+1"],"picked":"SKIP","floor":18},{"not_picked":["Spot Weakness","Searing Blow"],"picked":"Ghostly Armor","floor":22},{"not_picked":["Iron Wave","Armaments","Flex"],"picked":"SKIP","floor":24},{"not_picked":["Armaments","Bloodletting","Sword Boomerang"],"picked":"SKIP","floor":25}],"player_experience":802333,"relics_obtained":[{"floor":9,"key":"Mercury Hourglass"},{"floor":11,"key":"Ornamental Fan"},{"floor":13,"key":"Strawberry"},{"floor":26,"key":"Dream Catcher"}],"event_choices":[{"cards_removed":["Defend_R"],"damage_healed":0,"gold_gain":0,"player_choice":"Card Removal","damage_taken":0,"max_hp_gain":0,"max_hp_loss":0,"event_name":"The Cleric","floor":5,"gold_loss":75},{"damage_healed":0,"gold_gain":0,"player_choice":"Grow","damage_taken":0,"max_hp_gain":0,"max_hp_loss":0,"event_name":"Living Wall","floor":7,"gold_loss":0,"cards_upgraded":["Perfected Strike"]},{"damage_healed":0,"gold_gain":75,"player_choice":"Gather Gold","damage_taken":11,"max_hp_gain":0,"max_hp_loss":0,"event_name":"World of Goop","floor":10,"gold_loss":0},{"damage_healed":0,"gold_gain":0,"player_choice":"Joined the Cult","damage_taken":6,"max_hp_gain":0,"max_hp_loss":0,"event_name":"Nest","floor":20,"gold_loss":0,"cards_obtained":["RitualDagger"]},{"damage_healed":0,"gold_gain":0,"player_choice":"Read","damage_taken":0,"max_hp_gain":0,"max_hp_loss":0,"event_name":"The Library","floor":21,"gold_loss":0,"cards_obtained":["Flame Barrier"]}],"is_beta":false,"boss_relics":[{"not_picked":["Calling Bell","Eternal Feather"],"picked":"Tiny House"}],"items_purged_floors":[],"is_endless":false,"potions_floor_spawned":[3,11,14,16,22],"killed_by":"Slavers","ascension_level":20}