{"path_per_floor":["M","M","M","?","?","E","R","T","T","M","R","E","$","M","R"],"character_chosen":"IRONCLAD","items_purchased":["Anchor","Anger","Warcry","Searing Blow"],"gold_per_floor":[114,129,144,144,144,174,174,199,274,289,289,319,0,15,15,15],"floor_reached":16,"campfire_rested":0,"playtime":1482,"current_hp_per_floor":[80,80,80,73,78,73,73,73,73,65,65,33,33,42,42,0],"items_purged":[],"gold":15,"score":135,"play_id":"fa116a05-ac9f-40e0-83fe-5dab33c24ade","local_time":"20180523173058","daily_mods":["Brewmaster","Lethality","Vintage"],"is_prod":false,"is_daily":true,"chose_seed":false,"is_ascension_mode":false,"campfire_upgraded":3,"timestamp":1527111058,"campfire_choices":[{"data":"Bash","floor":7,"key":"SMITH"},{"data":"Dual Wield","floor":11,"key":"SMITH"},{"data":"Dropkick","floor":15,"key":"SMITH"}],"path_taken":["M","?","M","?","?","E","R","?","T","M","R","E","$","M","R","BOSS"],"build_version":"2018-05-17","seed_source_timestamp":0,"purchased_purges":0,"victory":false,"master_deck":["Strike_R","Strike_R","Strike_R","Strike_R","Strike_R","Defend_R","Defend_R","Defend_R","Defend_R","Bash+1","Venomology+1","Venomology","Venomology","Venomology","Venomology+1","Dual Wield+1","Dropkick+1","Anger","Warcry","Searing Blow"],"max_hp_per_floor":[80,80,80,80,85,85,85,85,85,85,85,85,85,85,85,85],"relics":["Burning Blood","White Beast Statue","Happy Flower","Bag of Preparation","Bronze Scales","Lantern","Bottled Flame","Art of War","Meat on the Bone","Question Card","Boot","Anchor","War Paint"],"card_choices":[{"not_picked":["Thunderclap","Clash"],"picked":"Dual Wield","floor":6},{"not_picked":["Uppercut","Flex","Shrug It Off"],"picked":"Dropkick","floor":12}],"player_experience":63061,"potions_floor_usage":[1,2,3,3,6,6,6,10,10,12,12,12,12,14,14,16,16,16,16,16],"damage_taken":[{"damage":0,"enemies":"Cultist","floor":1,"turns":2},{"damage":5,"enemies":"2 Louse","floor":2,"turns":2},{"damage":0,"enemies":"Small Slimes","floor":3,"turns":2},{"damage":23,"enemies":"3 Sentries","floor":6,"turns":5},{"damage":14,"enemies":"Exordium Wildlife","floor":10,"turns":4},{"damage":50,"enemies":"Gremlin Nob","floor":12,"turns":5},{"damage":9,"enemies":"3 Louse","floor":14,"turns":2},{"damage":55,"enemies":"Hexaghost","floor":16,"turns":7}],"relics_obtained":[{"floor":1,"key":"Happy Flower"},{"floor":2,"key":"Bag of Preparation"},{"floor":3,"key":"Bronze Scales"},{"floor":6,"key":"Bottled Flame"},{"floor":8,"key":"Art of War"},{"floor":9,"key":"Meat on the Bone"},{"floor":10,"key":"Question Card"},{"floor":12,"key":"Boot"},{"floor":14,"key":"War Paint"}],"event_choices":[{"event_name":"Scrap Ooze","player_choice":"success","floor":4,"damage_taken":7},{"event_name":"Big Fish","player_choice":"Donut","floor":5,"damage_taken":0}],"boss_relics":[],"potions_floor_spawned":[1,2,3,6,10,12,14],"seed_played":"-4877040327349419501","killed_by":"Hexaghost","ascension_level":0,"potions_obtained":[{"floor":1,"key":"AttackPotion"},{"floor":2,"key":"Weak Potion"},{"floor":3,"key":"AttackPotion"},{"floor":6,"key":"Ancient Potion"},{"floor":10,"key":"Block Potion"},{"floor":12,"key":"Ancient Potion"},{"floor":14,"key":"SmokeBomb"}],"is_trial":false}