{"gold_per_floor":[114,114,0,15,30,60,104,119,119,182,212,227,227,257,257,357,357,372,372,0,0,15,45,70,70,120,195,38,53,353,353,353,453,453,468,468,468,38,53,83,83,98,98,198,213,213,13,28,28,28],"floor_reached":51,"playtime":3386,"items_purged":[],"score":836,"play_id":"5adad2f3-bdff-4676-9474-2a16b69e6e2a","local_time":"20190522211228","daily_mods":["Draft","Blue Cards","Terminal"],"is_ascension_mode":false,"campfire_choices":[{"data":"Aggregate","floor":13,"key":"SMITH"},{"data":"Sunder","floor":15,"key":"SMITH"},{"floor":25,"key":"REST"},{"floor":32,"key":"REST"},{"data":"Blood for Blood","floor":41,"key":"SMITH"},{"data":"Metallicize","floor":46,"key":"SMITH"},{"data":"Armaments","floor":49,"key":"SMITH"}],"neow_cost":"","seed_source_timestamp":0,"circlet_count":0,"master_deck":["Perfected Strike","Chaos","Beam Cell","Sweeping Beam","White Noise","Ghostly Armor","Hologram","Fire Breathing","Heavy Blade","Sunder+1","Flex","Steam","Iron Wave","White Noise+1","White Noise","Aggregate+1","Blood for Blood+1","Sword Boomerang","Beam Cell","Turbo+1","Doom and Gloom","Gash","Twin Strike+1","Twin Strike+1","Heavy Blade+1","Barricade","Metallicize+1","Necronomicurse","Flash of Steel+1","Go for the Eyes+1","Cleave+1","Static Discharge","Jack Of All Trades","Gash+1","Armaments+1","Thunderclap+1","All For One+1","Clumsy","Pain","Coolheaded+1","Dark Shackles","Mind Blast+1","Magnetism","Echo Form","Swift Strike+1","Pommel Strike+1","BootSequence","Go for the Eyes+1","Go for the Eyes+1","Uppercut+1","Go for the Eyes+1","Shrug It Off"],"special_seed":18039,"relics":["Burning Blood","PreservedInsect","Blue Candle","Dodecahedron","Molten Egg 2","Ice Cream","War Paint","Snecko Eye","Necronomicon","Mummified Hand","Juzu Bracelet","Omamori","Boot","Old Coin","Calling Bell","Centennial Puzzle","Letter Opener","Ginger","Strawberry","Anchor","Sundial","Thread and Needle","Lee\u0027s Waffle"],"potions_floor_usage":[7,16,16,16,18,33,45,50,50,50],"damage_taken":[{"damage":0,"enemies":"Jaw Worm","floor":1,"turns":3},{"damage":0,"enemies":"Cultist","floor":4,"turns":3},{"damage":0,"enemies":"2 Louse","floor":5,"turns":2},{"damage":13,"enemies":"3 Sentries","floor":6,"turns":6},{"damage":0,"enemies":"Gremlin Nob","floor":7,"turns":2},{"damage":0,"enemies":"2 Fungi Beasts","floor":8,"turns":3},{"damage":0,"enemies":"Lagavulin","floor":11,"turns":3},{"damage":0,"enemies":"Large Slime","floor":12,"turns":4},{"damage":0,"enemies":"Gremlin Nob","floor":14,"turns":2},{"damage":54,"enemies":"Hexaghost","floor":16,"turns":5},{"damage":1,"enemies":"Shell Parasite","floor":18,"turns":4},{"damage":15,"enemies":"2 Thieves","floor":22,"turns":3},{"damage":7,"enemies":"Book of Stabbing","floor":23,"turns":3},{"damage":4,"enemies":"Centurion and Healer","floor":29,"turns":2},{"damage":20,"enemies":"Automaton","floor":33,"turns":5},{"damage":0,"enemies":"Orb Walker","floor":35,"turns":2},{"damage":2,"enemies":"3 Darklings","floor":39,"turns":3},{"damage":14,"enemies":"Nemesis","floor":40,"turns":3},{"damage":1,"enemies":"Sphere and 2 Shapes","floor":42,"turns":2},{"damage":0,"enemies":"Mind Bloom Boss Battle","floor":44,"turns":2},{"damage":18,"enemies":"Maw","floor":45,"turns":5},{"damage":1,"enemies":"Writhing Mass","floor":48,"turns":4},{"damage":20,"enemies":"Donu and Deca","floor":50,"turns":6}],"seed_played":"-1599869473394492483","potions_obtained":[{"floor":6,"key":"PowerPotion"},{"floor":7,"key":"FearPotion"},{"floor":8,"key":"SkillPotion"},{"floor":11,"key":"Swift Potion"},{"floor":16,"key":"EssenceOfSteel"},{"floor":29,"key":"SkillPotion"},{"floor":39,"key":"BloodPotion"},{"floor":40,"key":"GamblersBrew"},{"floor":45,"key":"Explosive Potion"},{"floor":48,"key":"Fire Potion"}],"is_trial":false,"path_per_floor":["M","?","$","M","M","E","?","M","T","?","E","M","R","E","R","B",null,"M","?","$","?","M","E","T","R","T","?","$","M","?","?","R","B",null,"M","?","?","$","M","E","R","M","T","?","M","R","$","M","R","B",null],"character_chosen":"IRONCLAD","items_purchased":["Aggregate","Blood for Blood","Mummified Hand","Flash of Steel+1","Go for the Eyes+1","Jack Of All Trades","Gash+1","Armaments","Strawberry","Echo Form","Swift Strike+1","Pommel Strike+1","Lee\u0027s Waffle"],"campfire_rested":2,"item_purchase_floors":[3,3,20,20,20,28,28,28,38,38,38,38,47],"current_hp_per_floor":[78,77,76,75,74,67,72,71,70,69,68,67,66,65,64,16,62,61,45,45,35,26,25,25,43,43,38,38,40,40,40,52,38,50,49,39,39,46,50,42,42,47,47,47,35,35,51,50,49,39],"gold":28,"neow_bonus":"","is_prod":false,"is_daily":true,"chose_seed":false,"campfire_upgraded":5,"win_rate":0,"timestamp":1558573948,"path_taken":["M","?","?","M","M","E","?","M","T","?","E","M","R","E","R","BOSS","M","?","$","?","M","E","?","R","T","?","$","M","?","?","R","BOSS","M","?","?","$","M","E","R","M","T","?","M","R","$","M","R","BOSS"],"build_version":"2019-01-23","purchased_purges":0,"victory":true,"max_hp_per_floor":[78,77,76,75,74,73,72,71,70,69,68,67,66,65,64,63,62,61,60,59,63,62,61,60,59,58,57,56,55,54,53,52,51,50,49,48,47,53,52,51,50,49,48,47,46,45,51,50,49,48],"card_choices":[{"not_picked":["True Grit","Consume"],"picked":"Perfected Strike","floor":0},{"not_picked":["Havoc","Rebound"],"picked":"Chaos","floor":0},{"not_picked":["Shrug It Off","Cleave"],"picked":"Beam Cell","floor":0},{"not_picked":["Melter","Clash"],"picked":"Sweeping Beam","floor":0},{"not_picked":["Rampage","Sever Soul"],"picked":"Twin Strike","floor":0},{"not_picked":["Inflame","Sweeping Beam"],"picked":"White Noise","floor":0},{"not_picked":["Recycle","Headbutt"],"picked":"Ghostly Armor","floor":0},{"not_picked":["Streamline","Clash"],"picked":"Hologram","floor":0},{"not_picked":["Flex","Body Slam"],"picked":"Fire Breathing","floor":0},{"not_picked":["Compile Driver","Melter"],"picked":"Heavy Blade","floor":0},{"not_picked":["Power Through","Bloodletting"],"picked":"Sunder","floor":0},{"not_picked":["Pummel","Thunderclap"],"picked":"Flex","floor":0},{"not_picked":["Leap","Power Through"],"picked":"Steam","floor":0},{"not_picked":["Cleave","Coolheaded"],"picked":"Iron Wave","floor":0},{"not_picked":["Flex","Streamline"],"picked":"White Noise","floor":0},{"not_picked":["Defragment","Loop"],"picked":"White Noise","floor":1},{"not_picked":["Perfected Strike","Streamline"],"picked":"Sword Boomerang","floor":4},{"not_picked":["Compile Driver","Steam"],"picked":"Beam Cell","floor":5},{"not_picked":["Auto Shields","Offering"],"picked":"Turbo","floor":6},{"not_picked":["Capacitor","Searing Blow"],"picked":"Doom and Gloom","floor":7},{"not_picked":["Auto Shields","Beam Cell"],"picked":"Gash","floor":8},{"not_picked":["Limit Break","Brutality"],"picked":"Twin Strike+1","floor":11},{"not_picked":["Barrage+1","Sweeping Beam+1"],"picked":"Twin Strike+1","floor":12},{"not_picked":["Redo","Headbutt+1"],"picked":"Heavy Blade+1","floor":14},{"not_picked":["Limit Break","Brutality"],"picked":"Barricade","floor":16},{"not_picked":["Havoc","Flame Barrier"],"picked":"Metallicize","floor":18},{"not_picked":["Corruption","Capacitor+1"],"picked":"Cleave+1","floor":22},{"not_picked":["Loop+1","Sentinel"],"picked":"Static Discharge","floor":23},{"not_picked":["Clash+1","Static Discharge"],"picked":"Thunderclap+1","floor":29},{"not_picked":["Core Surge+1","Brutality"],"picked":"All For One+1","floor":33},{"not_picked":["Anger+1","Sweeping Beam+1"],"picked":"Coolheaded+1","floor":35},{"not_picked":["Secret Technique","Impatience"],"picked":"Dark Shackles","floor":36},{"not_picked":["Enlightenment","Forethought"],"picked":"Mind Blast+1","floor":36},{"not_picked":["Trip","Panacea"],"picked":"Magnetism","floor":36},{"not_picked":["Compile Driver+1","Bloodletting"],"picked":"BootSequence","floor":39},{"not_picked":["Core Surge+1","Searing Blow+1"],"picked":"Go for the Eyes+1","floor":40},{"not_picked":["Cold Snap+1","Blizzard+1"],"picked":"Go for the Eyes+1","floor":42},{"not_picked":["Ball Lightning+1","Compile Driver+1"],"picked":"Uppercut+1","floor":44},{"not_picked":["Flex","Intimidate+1"],"picked":"Go for the Eyes+1","floor":45},{"not_picked":["Coolheaded","Beam Cell+1"],"picked":"Shrug It Off","floor":48}],"player_experience":696302,"relics_obtained":[{"floor":2,"key":"PreservedInsect"},{"floor":6,"key":"Blue Candle"},{"floor":7,"key":"Dodecahedron"},{"floor":9,"key":"Molten Egg 2"},{"floor":11,"key":"Ice Cream"},{"floor":14,"key":"War Paint"},{"floor":19,"key":"Necronomicon"},{"floor":23,"key":"Juzu Bracelet"},{"floor":24,"key":"Omamori"},{"floor":26,"key":"Boot"},{"floor":34,"key":"Centennial Puzzle"},{"floor":34,"key":"Letter Opener"},{"floor":34,"key":"Ginger"},{"floor":40,"key":"Anchor"},{"floor":43,"key":"Sundial"},{"floor":44,"key":"Thread and Needle"}],"event_choices":[{"damage_healed":0,"gold_gain":0,"player_choice":"Relic","damage_taken":0,"max_hp_gain":0,"max_hp_loss":0,"event_name":"Wheel of Change","floor":2,"gold_loss":0},{"damage_healed":0,"gold_gain":0,"player_choice":"Searched \u00272\u0027 times","damage_taken":0,"max_hp_gain":0,"max_hp_loss":0,"event_name":"Dead Adventurer","floor":7,"gold_loss":0},{"damage_healed":0,"gold_gain":63,"player_choice":"Gained Gold","damage_taken":0,"max_hp_gain":0,"max_hp_loss":0,"event_name":"Golden Wing","floor":10,"gold_loss":0},{"damage_healed":0,"gold_gain":0,"player_choice":"Obtained Book","damage_taken":16,"max_hp_gain":0,"max_hp_loss":0,"event_name":"Cursed Tome","floor":19,"gold_loss":0},{"damage_healed":0,"gold_gain":0,"player_choice":"Shed Blood","damage_taken":15,"max_hp_gain":5,"max_hp_loss":0,"event_name":"Forgotten Altar","floor":21,"gold_loss":0},{"damage_healed":0,"gold_gain":75,"player_choice":"Touch","damage_taken":5,"max_hp_gain":0,"max_hp_loss":0,"event_name":"FaceTrader","floor":27,"gold_loss":0},{"damage_healed":0,"gold_gain":0,"player_choice":"Stole Relic","damage_taken":0,"relics_obtained":["Old Coin"],"max_hp_gain":0,"max_hp_loss":0,"event_name":"Addict","floor":30,"gold_loss":0,"cards_obtained":["Shame"]},{"damage_healed":0,"gold_gain":0,"player_choice":"Ignored","damage_taken":0,"max_hp_gain":0,"max_hp_loss":0,"event_name":"Beggar","floor":31,"gold_loss":0},{"damage_healed":0,"gold_gain":0,"player_choice":"Memory 3","damage_taken":10,"max_hp_gain":0,"max_hp_loss":0,"event_name":"SensoryStone","floor":36,"gold_loss":0},{"cards_removed":["Twin Strike"],"damage_healed":0,"gold_gain":0,"player_choice":"Removed Attack","damage_taken":0,"max_hp_gain":0,"max_hp_loss":0,"event_name":"Falling","floor":37,"gold_loss":0},{"damage_healed":0,"gold_gain":0,"player_choice":"Fight","damage_taken":0,"max_hp_gain":0,"max_hp_loss":0,"event_name":"MindBloom","floor":44,"gold_loss":0}],"is_beta":false,"boss_relics":[{"not_picked":["Coffee Dripper","Sozu"],"picked":"Snecko Eye"},{"not_picked":["Black Blood","Orrery"],"picked":"Calling Bell"}],"items_purged_floors":[],"is_endless":false,"potions_floor_spawned":[6,7,8,11,16,29,39,40,45,48],"ascension_level":0}