{"gold_per_floor":[119,119,129,142,159,159,194,194,194,194,194,269,299,309,309,382,382,393,100,129,129,17,51,51,83,83,93,8,58,58,84,84,159,159,169,114,114,159,159,259,276,276,322,355,96,96,107,137,137,137,137,137,137,78,110,110],"floor_reached":56,"playtime":2072,"items_purged":["Parasite"],"score":2280,"play_id":"9713f87d-4ef3-4053-b5c5-74f8b8537169","local_time":"20190916160434","is_ascension_mode":true,"campfire_choices":[{"data":"Perfected Strike","floor":6.0,"key":"SMITH"},{"data":"Bash","floor":8.0,"key":"SMITH"},{"data":"True Grit","floor":15.0,"key":"SMITH"},{"data":"Perfected Strike","floor":24.0,"key":"SMITH"},{"data":"Immolate","floor":30.0,"key":"SMITH"},{"data":"Wild Strike","floor":32.0,"key":"SMITH"},{"data":"Perfected Strike","floor":46.0,"key":"SMITH"},{"floor":49.0,"key":"RECALL"},{"data":"Battle Trance","floor":53,"key":"SMITH"}],"neow_cost":"NONE","seed_source_timestamp":372756225471400,"circlet_count":0,"master_deck":["AscendersBane","Strike_R","Strike_R+1","Strike_R","Strike_R+1","Strike_R","Defend_R+1","Defend_R","Defend_R","Defend_R","Bash+1","Wild Strike+1","Perfected Strike+1","Wild Strike","Battle Trance+1","Wild Strike","Offering","True Grit+1","Impervious","Entrench","Perfected Strike+1","Perfected Strike+1","Corruption","Immolate+1","Twin Strike","Battle Trance+1","Impervious","Shrug It Off","Perfected Strike+1","Apotheosis","Metallicize+1","Perfected Strike+1","Wild Strike"],"special_seed":0,"relics":["Burning Blood","Bag of Preparation","War Paint","Shuriken","Snecko Eye","DollysMirror","Red Mask","Ornamental Fan","Happy Flower","Champion Belt","Frozen Egg 2","Juzu Bracelet","Busted Crown","FossilizedHelix","Magic Flower","Boot","Blue Candle","Ice Cream"],"potions_floor_usage":[51,56,56],"damage_taken":[{"damage":3.0,"enemies":"2 Louse","floor":1.0,"turns":3.0},{"damage":9.0,"enemies":"Jaw Worm","floor":3.0,"turns":3.0},{"damage":9.0,"enemies":"Small Slimes","floor":4.0,"turns":4.0},{"damage":8.0,"enemies":"3 Louse","floor":5.0,"turns":3.0},{"damage":25.0,"enemies":"Lagavulin","floor":7.0,"turns":5.0},{"damage":8.0,"enemies":"Gremlin Nob","floor":13.0,"turns":3.0},{"damage":0.0,"enemies":"Large Slime","floor":14.0,"turns":3.0},{"damage":46.0,"enemies":"The Guardian","floor":16.0,"turns":10.0},{"damage":11.0,"enemies":"3 Byrds","floor":18.0,"turns":6.0},{"damage":0.0,"enemies":"Masked Bandits","floor":20.0,"turns":3.0},{"damage":6.0,"enemies":"Slavers","floor":23.0,"turns":4.0},{"damage":6.0,"enemies":"Book of Stabbing","floor":25.0,"turns":3.0},{"damage":0.0,"enemies":"2 Thieves","floor":27.0,"turns":2.0},{"damage":6.0,"enemies":"Slavers","floor":31.0,"turns":3.0},{"damage":54.0,"enemies":"Collector","floor":33.0,"turns":5.0},{"damage":0.0,"enemies":"3 Darklings","floor":35.0,"turns":4.0},{"damage":14.0,"enemies":"2 Orb Walkers","floor":38.0,"turns":4.0},{"damage":0.0,"enemies":"Mind Bloom Boss Battle","floor":40.0,"turns":5.0},{"damage":0.0,"enemies":"3 Shapes","floor":41.0,"turns":4.0},{"damage":23.0,"enemies":"Giant Head","floor":44.0,"turns":5.0},{"damage":0.0,"enemies":"Transient","floor":47.0,"turns":6.0},{"damage":0.0,"enemies":"Reptomancer","floor":48.0,"turns":2.0},{"damage":30.0,"enemies":"Donu and Deca","floor":50.0,"turns":7.0},{"damage":6,"enemies":"Awakened One","floor":51,"turns":7},{"damage":6,"enemies":"Shield and Spear","floor":55,"turns":5},{"damage":97,"enemies":"The Heart","floor":56,"turns":3}],"seed_played":"-7335339005847304046","potions_obtained":[{"floor":1.0,"key":"SpeedPotion"},{"floor":5.0,"key":"Energy Potion"},{"floor":18.0,"key":"Fire Potion"},{"floor":20.0,"key":"Regen Potion"},{"floor":31.0,"key":"SkillPotion"},{"floor":33.0,"key":"LiquidBronze"},{"floor":35.0,"key":"LiquidBronze"},{"floor":41.0,"key":"AttackPotion"},{"floor":44.0,"key":"PowerPotion"},{"floor":55,"key":"Poison Potion"}],"is_trial":false,"path_per_floor":["M","?","M","M","M","R","E","R","T","?","?","?","E","M","R","B",null,"M","$","?","?","$","E","R","E","T","M","?","?","R","E","R","B",null,"M","$","?","?","?","?","M","?","T","E","$","R","M","E","R","B","B",null,"R","$","E","B"],"character_chosen":"IRONCLAD","items_purchased":["DollysMirror","Corruption","Ghostly Armor","Shrug It Off","Apotheosis","Metallicize+1","Wild Strike"],"campfire_rested":0,"item_purchase_floors":[19,22,22,36,45,45,54],"current_hp_per_floor":[78,53,50,47,45,45,26,26,26,46,73,62,60,66,66,26,68,63,63,69,46,46,58,58,58,58,64,64,64,64,64,64,16,67,73,73,73,65,65,71,80,80,80,66,66,66,75,80,80,59,62,76,76,76,79,0],"gold":110,"neow_bonus":"TEN_PERCENT_HP_BONUS","is_prod":false,"is_daily":false,"chose_seed":false,"campfire_upgraded":8,"win_rate":0,"timestamp":1568675074,"path_taken":["M","?","M","M","M","R","E","R","T","?","?","?","E","M","R","BOSS","M","$","?","?","$","E","R","E","T","M","?","?","R","E","R","BOSS","M","$","?","?","?","?","M","?","T","E","$","R","M","E","R","BOSS","BOSS","R","$","E","BOSS"],"build_version":"2019-07-17","purchased_purges":1,"victory":false,"max_hp_per_floor":[82,82,82,82,82,82,82,82,82,82,82,82,82,82,82,82,82,82,79,79,84,84,84,84,84,84,84,84,84,84,84,84,84,84,84,84,80,80,80,80,80,80,80,80,80,80,80,80,80,80,80,80,80,80,80,80],"card_choices":[{"not_picked":["Sword Boomerang","Perfected Strike"],"picked":"Wild Strike","floor":1.0},{"not_picked":["Thunderclap","Fire Breathing"],"picked":"Perfected Strike","floor":3.0},{"not_picked":["Pommel Strike","Reckless Charge"],"picked":"Wild Strike","floor":4.0},{"not_picked":["Clothesline","Feel No Pain"],"picked":"Battle Trance","floor":5.0},{"not_picked":["Heavy Blade","Second Wind"],"picked":"Wild Strike","floor":7.0},{"not_picked":["Havoc","Intimidate"],"picked":"Offering","floor":13.0},{"not_picked":["Pummel","Iron Wave"],"picked":"True Grit","floor":14.0},{"not_picked":["Berserk","Exhume"],"picked":"Impervious","floor":16.0},{"not_picked":["Havoc","Clothesline"],"picked":"Entrench","floor":18.0},{"not_picked":["Bloodletting","Havoc"],"picked":"Perfected Strike","floor":20.0},{"not_picked":["Hemokinesis+1","Blood for Blood"],"picked":"Immolate","floor":23.0},{"not_picked":["Cleave","Feed"],"picked":"Twin Strike","floor":25.0},{"not_picked":["Clothesline","True Grit"],"picked":"Battle Trance","floor":27.0},{"not_picked":["Rampage","Fire Breathing+1","Warcry"],"picked":"SKIP","floor":31.0},{"not_picked":["Juggernaut+1","Offering"],"picked":"Impervious","floor":33.0},{"not_picked":["Flex"],"picked":"SKIP","floor":35.0},{"not_picked":["Dropkick"],"picked":"SKIP","floor":41.0},{"not_picked":[],"picked":"Perfected Strike","floor":44.0},{"not_picked":[],"picked":"Perfected Strike+1","floor":47.0},{"not_picked":["Bloodletting"],"picked":"SKIP","floor":48.0},{"not_picked":["Rage"],"picked":"SKIP","floor":55}],"player_experience":785227,"relics_obtained":[{"floor":7.0,"key":"Bag of Preparation"},{"floor":9.0,"key":"War Paint"},{"floor":13.0,"key":"Shuriken"},{"floor":20.0,"key":"Red Mask"},{"floor":23.0,"key":"Ornamental Fan"},{"floor":25.0,"key":"Happy Flower"},{"floor":26.0,"key":"Champion Belt"},{"floor":31.0,"key":"Juzu Bracelet"},{"floor":38.0,"key":"FossilizedHelix"},{"floor":40.0,"key":"Magic Flower"},{"floor":44.0,"key":"Boot"},{"floor":48.0,"key":"Blue Candle"},{"floor":55,"key":"Ice Cream"}],"event_choices":[{"damage_healed":0.0,"max_hp_gain":0.0,"max_hp_loss":0.0,"gold_gain":0.0,"event_name":"Shining Light","player_choice":"Entered Light","floor":2.0,"gold_loss":0.0,"damage_taken":25.0,"cards_upgraded":["Strike_R","Strike_R"]},{"damage_healed":20.0,"max_hp_gain":0.0,"max_hp_loss":0.0,"gold_gain":0.0,"event_name":"Mushrooms","player_choice":"Healed and dodged fight","floor":10.0,"gold_loss":0.0,"damage_taken":0.0,"cards_obtained":["Parasite"]},{"damage_healed":27.0,"max_hp_gain":0.0,"max_hp_loss":0.0,"gold_gain":0.0,"event_name":"Big Fish","player_choice":"Banana","floor":11.0,"gold_loss":0.0,"damage_taken":0.0},{"damage_healed":0.0,"max_hp_gain":0.0,"max_hp_loss":0.0,"gold_gain":75.0,"event_name":"World of Goop","player_choice":"Gather Gold","floor":12.0,"gold_loss":0.0,"damage_taken":11.0},{"damage_healed":0.0,"max_hp_gain":0.0,"max_hp_loss":0.0,"gold_gain":0.0,"event_name":"Masked Bandits","player_choice":"Fought Bandits","floor":20.0,"gold_loss":0.0,"damage_taken":0.0},{"damage_healed":0.0,"max_hp_gain":5.0,"max_hp_loss":0.0,"gold_gain":0.0,"event_name":"Forgotten Altar","player_choice":"Shed Blood","floor":21.0,"gold_loss":0.0,"damage_taken":28.0},{"damage_healed":0.0,"max_hp_gain":0.0,"max_hp_loss":0.0,"gold_gain":0.0,"event_name":"Addict","player_choice":"Obtained Relic","floor":28.0,"gold_loss":85.0,"damage_taken":0.0,"relics_obtained":["Frozen Egg 2"]},{"damage_healed":0.0,"max_hp_gain":0.0,"max_hp_loss":0.0,"gold_gain":50.0,"event_name":"Nest","player_choice":"Stole From Cult","floor":29.0,"gold_loss":0.0,"damage_taken":0.0},{"damage_healed":0.0,"max_hp_gain":0.0,"max_hp_loss":4.0,"gold_gain":0.0,"event_name":"Winding Halls","player_choice":"Max HP","floor":37.0,"gold_loss":0.0,"damage_taken":0.0},{"damage_healed":0.0,"max_hp_gain":0.0,"max_hp_loss":0.0,"gold_gain":0.0,"event_name":"Mysterious Sphere","player_choice":"Fight","floor":38.0,"gold_loss":0.0,"damage_taken":0.0},{"cards_removed":["Ghostly Armor"],"damage_healed":0.0,"max_hp_gain":0.0,"max_hp_loss":0.0,"gold_gain":0.0,"event_name":"Falling","player_choice":"Removed Skill","floor":39.0,"gold_loss":0.0,"damage_taken":0.0},{"damage_healed":0.0,"max_hp_gain":0.0,"max_hp_loss":0.0,"gold_gain":0.0,"event_name":"MindBloom","player_choice":"Fight","floor":40.0,"gold_loss":0.0,"damage_taken":0.0},{"damage_healed":0.0,"max_hp_gain":0.0,"max_hp_loss":0.0,"gold_gain":0.0,"event_name":"SensoryStone","player_choice":"Memory 1","floor":42.0,"gold_loss":0.0,"damage_taken":0.0}],"is_beta":false,"boss_relics":[{"not_picked":["Lizard Tail","Tiny House"],"picked":"Snecko Eye"},{"not_picked":["Runic Cube","Pandora\u0027s Box"],"picked":"Busted Crown"}],"items_purged_floors":[19],"is_endless":false,"potions_floor_spawned":[1,5,7,18,20,31,33,35,41,44,47,55],"killed_by":"The Heart","ascension_level":20}