{"gold_per_floor":[110,35,52,69,85,85,99,131,158,200,212,288,300,73,73,150,150,127,327,340,353,366,366,398,414,439,453,453,453,488,488,488,561,561,577,588,600,600,612,612,637,637,661,661,678,696,596,576,576,576,576,576,576,118,145,145],"floor_reached":57,"playtime":3019,"items_purged":["Strike_R","Rampage+1"],"score":3168,"play_id":"7fb097e5-8124-4d70-8f6b-0605573ba2fc","local_time":"20190917123751","is_ascension_mode":true,"campfire_choices":[{"data":"Bludgeon","floor":6,"key":"SMITH"},{"data":"Rampage","floor":13,"key":"SMITH"},{"data":"Corruption","floor":15,"key":"SMITH"},{"data":"Armaments","floor":23,"key":"SMITH"},{"data":"Battle Trance","floor":29,"key":"SMITH"},{"data":"Flame Barrier","floor":32,"key":"SMITH"},{"floor":40,"key":"RECALL"},{"data":"Apotheosis","floor":42,"key":"SMITH"},{"data":"Battle Trance","floor":44,"key":"SMITH"},{"data":"Master of Strategy","floor":49,"key":"SMITH"},{"data":"Feel No Pain","floor":53,"key":"SMITH"}],"neow_cost":"NONE","seed_source_timestamp":42017247896000,"circlet_count":0,"master_deck":["AscendersBane","Defend_R","Defend_R","Defend_R","Defend_R","Flame Barrier+1","Bludgeon+1","Corruption+1","Impervious","Impervious","Armaments+1","Battle Trance+1","Entrench","Ghostly Armor","True Grit","Body Slam","Shrug It Off","Shockwave","Impervious","RitualDagger","Impervious","Offering+1","Carnage+1","Carnage+1","Battle Trance+1","Entrench","Apotheosis+1","Master of Strategy+1","PanicButton","Warcry+1","Flame Barrier","Feel No Pain+1","Body Slam","Sentinel","Master of Strategy","Offering","Body Slam"],"relics":["Burning Blood","Dead Branch","MawBank","Omamori","Bronze Scales","Empty Cage","Prayer Wheel","Bag of Preparation","Centennial Puzzle","Astrolabe","Oddly Smooth Stone","Pen Nib","Champion Belt"],"potions_floor_usage":[8,18,24,24,45,56],"damage_taken":[{"damage":1,"enemies":"Cultist","floor":1,"turns":3},{"damage":7,"enemies":"Small Slimes","floor":3,"turns":4},{"damage":2,"enemies":"2 Louse","floor":4,"turns":3},{"damage":2,"enemies":"Blue Slaver","floor":5,"turns":6},{"damage":2,"enemies":"Red Slaver","floor":7,"turns":2},{"damage":3,"enemies":"3 Sentries","floor":8,"turns":5},{"damage":0,"enemies":"Gremlin Nob","floor":10,"turns":3},{"damage":8,"enemies":"Gremlin Nob","floor":12,"turns":3},{"damage":24,"enemies":"The Guardian","floor":16,"turns":7},{"damage":0,"enemies":"2 Thieves","floor":18,"turns":4},{"damage":6,"enemies":"Spheric Guardian","floor":20,"turns":3},{"damage":1,"enemies":"Centurion and Healer","floor":21,"turns":4},{"damage":2,"enemies":"3 Cultists","floor":22,"turns":5},{"damage":11,"enemies":"Book of Stabbing","floor":24,"turns":6},{"damage":0,"enemies":"Snake Plant","floor":25,"turns":3},{"damage":0,"enemies":"Centurion and Healer","floor":27,"turns":4},{"damage":0,"enemies":"Gremlin Leader","floor":30,"turns":4},{"damage":9,"enemies":"Collector","floor":33,"turns":4},{"damage":2,"enemies":"Orb Walker","floor":35,"turns":3},{"damage":0,"enemies":"3 Shapes","floor":36,"turns":3},{"damage":6,"enemies":"Spire Growth","floor":37,"turns":6},{"damage":0,"enemies":"Maw","floor":39,"turns":2},{"damage":9,"enemies":"Nemesis","floor":41,"turns":9},{"damage":12,"enemies":"3 Darklings","floor":45,"turns":4},{"damage":0,"enemies":"Sphere and 2 Shapes","floor":46,"turns":7},{"damage":0,"enemies":"Donu and Deca","floor":50,"turns":7},{"damage":6,"enemies":"Time Eater","floor":51,"turns":5},{"damage":0,"enemies":"Shield and Spear","floor":55,"turns":3},{"damage":51,"enemies":"The Heart","floor":56,"turns":8}],"seed_played":"3836896226353132157","potions_obtained":[{"floor":4,"key":"Fire Potion"},{"floor":7,"key":"Weak Potion"},{"floor":8,"key":"Block Potion"},{"floor":20,"key":"EntropicBrew"},{"floor":45,"key":"Energy Potion"}],"is_trial":false,"path_per_floor":["M","$","M","M","M","R","M","E","T","E","?","?","R","$","R","B",null,"M","?","M","M","M","R","E","M","T","M","?","R","E","?","R","B",null,"M","M","M","?","M","R","E","R","T","R","M","M","$","?","R","B","B",null,"R","$","E","B",null],"character_chosen":"IRONCLAD","items_purchased":["Corruption","Impervious","Master of Strategy","Offering","Pen Nib"],"campfire_rested":0,"item_purchase_floors":[14,14,54,54,54],"current_hp_per_floor":[80,80,79,82,82,82,82,82,82,82,75,73,73,73,73,55,75,81,81,81,82,82,82,77,82,82,82,82,82,82,76,76,73,80,82,82,82,72,78,78,75,75,75,75,74,80,80,80,80,82,82,82,82,82,82,37],"gold":145,"neow_bonus":"TEN_PERCENT_HP_BONUS","is_prod":false,"is_daily":false,"chose_seed":false,"campfire_upgraded":10,"win_rate":0,"timestamp":1568749071,"path_taken":["M","?","M","M","?","R","M","E","T","E","?","?","R","?","R","BOSS","M","?","M","?","M","R","E","M","T","?","?","R","E","?","R","BOSS","M","M","M","?","M","R","E","R","T","R","M","M","$","?","R","BOSS","BOSS","R","$","E","BOSS"],"build_version":"2019-07-17","purchased_purges":2,"victory":true,"max_hp_per_floor":[82,82,82,82,82,82,82,82,82,82,82,82,82,82,82,82,82,82,82,82,82,82,82,82,82,82,82,82,82,82,82,82,82,82,82,82,82,82,82,82,82,82,82,82,82,82,82,82,82,82,82,82,82,82,82,82],"card_choices":[{"not_picked":["Cleave","Fire Breathing"],"picked":"Headbutt","floor":1},{"not_picked":["True Grit","Twin Strike","Sword Boomerang"],"picked":"SKIP","floor":3},{"not_picked":["Sword Boomerang","Flex"],"picked":"Flame Barrier","floor":4},{"not_picked":["Headbutt","Rampage"],"picked":"Bludgeon","floor":5},{"not_picked":["Flex","Iron Wave","Inflame"],"picked":"SKIP","floor":7},{"not_picked":["Heavy Blade","Combust","Havoc"],"picked":"SKIP","floor":8},{"not_picked":["Hemokinesis","Perfected Strike","Wild Strike"],"picked":"SKIP","floor":10},{"not_picked":["Twin Strike","Sword Boomerang"],"picked":"Rampage","floor":12},{"not_picked":["Immolate","Limit Break"],"picked":"Impervious","floor":16},{"not_picked":["Carnage","Sword Boomerang"],"picked":"Armaments","floor":18},{"not_picked":["Pommel Strike","Flex","Twin Strike"],"picked":"SKIP","floor":20},{"not_picked":["Twin Strike","Second Wind"],"picked":"Battle Trance","floor":21},{"not_picked":["Body Slam","Armaments"],"picked":"Entrench","floor":22},{"not_picked":["Second Wind","Dual Wield"],"picked":"Ghostly Armor","floor":24},{"not_picked":["Brutality","Headbutt"],"picked":"True Grit","floor":25},{"not_picked":["Havoc","Evolve"],"picked":"Body Slam","floor":25},{"not_picked":["Twin Strike","Headbutt"],"picked":"Shrug It Off","floor":27},{"not_picked":["Warcry","Pommel Strike"],"picked":"Shockwave","floor":27},{"not_picked":["Thunderclap","Perfected Strike","Fire Breathing"],"picked":"SKIP","floor":30},{"not_picked":["Feed","Reaper"],"picked":"Impervious","floor":33},{"not_picked":["Flex","Shrug It Off"],"picked":"Battle Trance","floor":35},{"not_picked":["Anger","Wild Strike","Spot Weakness+1"],"picked":"SKIP","floor":35},{"not_picked":["Headbutt","Wild Strike","Clash"],"picked":"SKIP","floor":36},{"not_picked":["Whirlwind","Fire Breathing","Uppercut"],"picked":"SKIP","floor":36},{"not_picked":["Infernal Blade","Dropkick+1"],"picked":"Entrench","floor":37},{"not_picked":["Immolate","Perfected Strike","Pommel Strike"],"picked":"SKIP","floor":37},{"not_picked":["Dramatic Entrance","Blind"],"picked":"Apotheosis","floor":38},{"not_picked":["Trip","Magnetism"],"picked":"Master of Strategy","floor":38},{"not_picked":["Jack Of All Trades","Chrysalis"],"picked":"PanicButton","floor":38},{"not_picked":["Sword Boomerang+1","Anger"],"picked":"Warcry+1","floor":39},{"not_picked":["Sword Boomerang","Perfected Strike+1","Thunderclap+1"],"picked":"SKIP","floor":39},{"not_picked":["Second Wind","Iron Wave"],"picked":"Flame Barrier","floor":41},{"not_picked":["Clothesline","Bloodletting+1"],"picked":"Feel No Pain","floor":45},{"not_picked":["Twin Strike","Thunderclap","Immolate"],"picked":"SKIP","floor":45},{"not_picked":["Headbutt","Sword Boomerang+1"],"picked":"Body Slam","floor":46},{"not_picked":["Pommel Strike","Heavy Blade"],"picked":"Sentinel","floor":46},{"not_picked":["Cleave","Spot Weakness"],"picked":"Body Slam","floor":55}],"player_experience":813565,"relics_obtained":[{"floor":8,"key":"Dead Branch"},{"floor":9,"key":"MawBank"},{"floor":10,"key":"Omamori"},{"floor":24,"key":"Prayer Wheel"},{"floor":26,"key":"Bag of Preparation"},{"floor":30,"key":"Centennial Puzzle"},{"floor":41,"key":"Oddly Smooth Stone"},{"floor":55,"key":"Champion Belt"}],"event_choices":[{"cards_removed":["Strike_R"],"damage_healed":0,"gold_gain":0,"player_choice":"Card Removal","damage_taken":7,"max_hp_gain":0,"max_hp_loss":0,"event_name":"Golden Wing","floor":11,"gold_loss":0},{"damage_healed":0,"gold_gain":0,"player_choice":"Searched \u00272\u0027 times","damage_taken":0,"relics_obtained":["Bronze Scales"],"max_hp_gain":0,"max_hp_loss":0,"event_name":"Dead Adventurer","floor":12,"gold_loss":0},{"damage_healed":0,"gold_gain":250,"player_choice":"Bet on Owner","damage_taken":0,"max_hp_gain":0,"max_hp_loss":0,"event_name":"The Joust","floor":19,"gold_loss":50},{"damage_healed":0,"gold_gain":0,"player_choice":"Read","damage_taken":0,"max_hp_gain":0,"max_hp_loss":0,"event_name":"The Library","floor":28,"gold_loss":0,"cards_obtained":["Impervious"]},{"damage_healed":0,"gold_gain":0,"player_choice":"Joined the Cult","damage_taken":6,"max_hp_gain":0,"max_hp_loss":0,"event_name":"Nest","floor":31,"gold_loss":0,"cards_obtained":["RitualDagger"]},{"damage_healed":0,"gold_gain":0,"player_choice":"Memory 3","damage_taken":10,"max_hp_gain":0,"max_hp_loss":0,"event_name":"SensoryStone","floor":38,"gold_loss":0},{"damage_healed":0,"gold_gain":0,"player_choice":"Bought 1 Potion","damage_taken":0,"max_hp_gain":0,"max_hp_loss":0,"event_name":"The Woman in Blue","floor":48,"gold_loss":0}],"is_beta":false,"boss_relics":[{"not_picked":["Mark of Pain","Pandora\u0027s Box"],"picked":"Empty Cage"},{"not_picked":["Lizard Tail","Runic Pyramid"],"picked":"Astrolabe"}],"items_purged_floors":[2,47],"is_endless":false,"potions_floor_spawned":[4,7,8,20,22,24,25,36,39,41,45,46],"ascension_level":20}