{"gold_per_floor":[109,109,123,139,158,184,203,203,203,203,214,226,240,268,268,346,346,326,326,344,13,13,13],"floor_reached":23,"playtime":852,"items_purged":["Strike_R"],"score":410,"play_id":"3f2784a1-7687-4266-8639-d86ef33b1058","local_time":"20190921235250","is_ascension_mode":true,"campfire_choices":[{"data":"Rage","floor":8.0,"key":"SMITH"},{"data":"Wild Strike","floor":10.0,"key":"SMITH"},{"floor":15.0,"key":"REST"}],"neow_cost":"NONE","seed_source_timestamp":430236465219500,"circlet_count":0,"master_deck":["AscendersBane","Strike_R","Strike_R","Defend_R","Defend_R","Defend_R","Defend_R","Bash","Rage+1","Sword Boomerang","Wild Strike+1","True Grit","Headbutt","Spot Weakness","Shrug It Off","True Grit","Fire Breathing","Offering","True Grit+1","Fire Breathing+1","Seeing Red","Rampage","Corruption","Feel No Pain","Battle Trance","Purity"],"special_seed":0,"relics":["Burning Blood","Centennial Puzzle","CaptainsWheel","Prayer Wheel","Unceasing Top","Sozu","NlothsMask"],"potions_floor_usage":[],"damage_taken":[{"damage":9.0,"enemies":"Jaw Worm","floor":1.0,"turns":5.0},{"damage":8.0,"enemies":"Cultist","floor":3.0,"turns":5.0},{"damage":0.0,"enemies":"2 Louse","floor":4.0,"turns":2.0},{"damage":10.0,"enemies":"Blue Slaver","floor":5.0,"turns":4.0},{"damage":35.0,"enemies":"Lagavulin","floor":6.0,"turns":4.0},{"damage":12.0,"enemies":"Lots of Slimes","floor":7.0,"turns":5.0},{"damage":34.0,"enemies":"Gremlin Gang","floor":11.0,"turns":5.0},{"damage":0.0,"enemies":"Large Slime","floor":12.0,"turns":5.0},{"damage":6.0,"enemies":"Looter","floor":13.0,"turns":3.0},{"damage":7.0,"enemies":"3 Sentries","floor":14.0,"turns":5.0},{"damage":41.0,"enemies":"The Guardian","floor":16.0,"turns":10.0},{"damage":21.0,"enemies":"2 Thieves","floor":18.0,"turns":4.0},{"damage":15.0,"enemies":"3 Byrds","floor":20.0,"turns":5.0},{"damage":46,"enemies":"Slavers","floor":23,"turns":4}],"seed_played":"-8672829914293922812","potions_obtained":[{"floor":1.0,"key":"SkillPotion"},{"floor":4.0,"key":"SneckoOil"},{"floor":5.0,"key":"Regen Potion"},{"floor":11.0,"key":"Swift Potion"}],"is_trial":false,"path_per_floor":["M","?","M","M","M","E","M","R","T","R","M","M","M","E","R","B",null,"M","?","M","$","?","E"],"character_chosen":"IRONCLAD","items_purchased":["Feel No Pain","Battle Trance","Purity"],"campfire_rested":1,"item_purchase_floors":[21,21,21],"current_hp_per_floor":[72,72,70,76,72,52,46,46,46,46,18,24,24,23,47,12,65,50,50,41,41,41,0],"gold":13,"neow_bonus":"TEN_PERCENT_HP_BONUS","is_prod":false,"is_daily":false,"chose_seed":false,"campfire_upgraded":2,"win_rate":0,"timestamp":1569135170,"path_taken":["M","?","M","M","M","E","M","R","T","R","M","M","M","E","R","BOSS","M","?","M","$","?","E"],"build_version":"2019-09-20","purchased_purges":1,"victory":false,"max_hp_per_floor":[82,82,82,82,82,82,82,82,82,82,82,82,82,82,82,82,82,82,82,82,82,82,82],"card_choices":[{"not_picked":["Searing Blow","Whirlwind","Havoc"],"picked":"SKIP","floor":1.0},{"not_picked":["Clothesline","Infernal Blade"],"picked":"Rage","floor":3.0},{"not_picked":["Body Slam","Pommel Strike"],"picked":"Sword Boomerang","floor":4.0},{"not_picked":["Armaments","Thunderclap","Dropkick"],"picked":"SKIP","floor":5.0},{"not_picked":["True Grit","Blood for Blood"],"picked":"Wild Strike","floor":6.0},{"not_picked":["Hemokinesis","Clothesline"],"picked":"True Grit","floor":7.0},{"not_picked":["Anger","Flame Barrier"],"picked":"Headbutt","floor":11.0},{"not_picked":["Berserk","Uppercut"],"picked":"Spot Weakness","floor":11.0},{"not_picked":["Heavy Blade","Clothesline"],"picked":"Shrug It Off","floor":12.0},{"not_picked":["Flex","Warcry"],"picked":"True Grit","floor":12.0},{"not_picked":["True Grit","Thunderclap"],"picked":"Fire Breathing","floor":13.0},{"not_picked":["Cleave","True Grit","Body Slam"],"picked":"SKIP","floor":13.0},{"not_picked":["Corruption","Havoc","Exhume"],"picked":"SKIP","floor":14.0},{"not_picked":["Exhume","Berserk"],"picked":"Offering","floor":16.0},{"not_picked":["Burning Pact","Shrug It Off"],"picked":"True Grit+1","floor":18.0},{"not_picked":["Second Wind","Flame Barrier"],"picked":"Fire Breathing+1","floor":18.0},{"not_picked":["Entrench","Spot Weakness"],"picked":"Corruption","floor":20.0},{"not_picked":["Iron Wave","Sword Boomerang","Corruption"],"picked":"SKIP","floor":20.0}],"player_experience":948788,"relics_obtained":[{"floor":2.0,"key":"Centennial Puzzle"},{"floor":6.0,"key":"CaptainsWheel"},{"floor":9.0,"key":"Prayer Wheel"},{"floor":14.0,"key":"Unceasing Top"}],"event_choices":[{"damage_healed":0.0,"max_hp_gain":0.0,"max_hp_loss":0.0,"gold_gain":0.0,"event_name":"Wheel of Change","player_choice":"Relic","floor":2.0,"gold_loss":0.0,"damage_taken":0.0},{"damage_healed":0.0,"max_hp_gain":0.0,"max_hp_loss":0.0,"gold_gain":0.0,"cards_transformed":["Strike_R","Strike_R"],"event_name":"Drug Dealer","player_choice":"Became Test Subject","floor":19.0,"gold_loss":0.0,"damage_taken":0.0,"cards_obtained":["Seeing Red","Rampage"]},{"damage_healed":0.0,"max_hp_gain":0.0,"max_hp_loss":0.0,"gold_gain":0.0,"event_name":"FaceTrader","player_choice":"Trade","floor":22.0,"gold_loss":0.0,"damage_taken":0.0,"relics_obtained":["NlothsMask"]}],"is_beta":true,"boss_relics":[{"not_picked":["Pandora\u0027s Box","Astrolabe"],"picked":"Sozu"}],"items_purged_floors":[21],"is_endless":false,"potions_floor_spawned":[1,4,5,11,18,20],"killed_by":"Slavers","ascension_level":20}