{"gold_per_floor":[112,112,123,37,64,64,93,93,161,177,203,203,217,274,274,375,375,391,75,75,75,90,100,125,125,151,170,170,95,105,117,117,216,216,227,240,340,340,353,353,369,369,369,380,431,447,447,461,461,461],"floor_reached":51,"playtime":5201,"items_purged":["Strike_B"],"score":654,"play_id":"c8e44dd9-7e0a-4a96-88c7-3f82bc17333c","local_time":"20190923201255","is_ascension_mode":false,"campfire_choices":[{"data":"Zap","floor":6,"key":"SMITH"},{"data":"Dualcast","floor":8,"key":"SMITH"},{"floor":12,"key":"REST"},{"data":"Hologram","floor":15,"key":"SMITH"},{"data":"Go for the Eyes","floor":25,"key":"SMITH"},{"data":"FTL","floor":28,"key":"SMITH"},{"data":"Lockon","floor":32,"key":"SMITH"},{"data":"Redo","floor":40,"key":"SMITH"},{"data":"Defragment","floor":42,"key":"SMITH"},{"floor":49,"key":"REST"}],"neow_cost":"NONE","seed_source_timestamp":130989224039700,"circlet_count":0,"master_deck":["Strike_B","Defend_B","Defend_B","Defend_B","Defend_B","Zap+1","Dualcast+1","Double Energy+1","Genetic Algorithm","FTL+1","Doom and Gloom","Hologram+1","Scrape","Scrape","Go for the Eyes+1","Ball Lightning","Electrodynamics","Coolheaded","Defragment+1","Steam","BootSequence+1","Storm+1","Hologram+1","Steam","Capacitor","Lockon+1","All For One","FTL+1","Redo+1","Sweeping Beam","Auto Shields","Defragment","Beam Cell+1","Sweeping Beam+1","Darkness+1","Go for the Eyes","Lockon"],"relics":["Cracked Core","Orichalcum","Question Card","Shuriken","Ice Cream","Eternal Feather","Boot","PreservedInsect","Lantern","White Beast Statue","FossilizedHelix","Vajra","Bird Faced Urn"],"potions_floor_usage":[16,16,24,33,37,39,41,48,50,50],"damage_taken":[{"damage":2,"enemies":"Small Slimes","floor":1,"turns":3},{"damage":0,"enemies":"Cultist","floor":3,"turns":3},{"damage":22,"enemies":"3 Sentries","floor":7,"turns":6},{"damage":0,"enemies":"2 Louse","floor":10,"turns":1},{"damage":2,"enemies":"Gremlin Nob","floor":11,"turns":3},{"damage":7,"enemies":"Blue Slaver","floor":13,"turns":2},{"damage":27,"enemies":"The Guardian","floor":16,"turns":7},{"damage":3,"enemies":"Shell Parasite","floor":18,"turns":3},{"damage":0,"enemies":"Chosen","floor":22,"turns":5},{"damage":19,"enemies":"Snake Plant","floor":23,"turns":4},{"damage":10,"enemies":"Gremlin Leader","floor":24,"turns":5},{"damage":2,"enemies":"Centurion and Healer","floor":27,"turns":4},{"damage":0,"enemies":"3 Cultists","floor":30,"turns":4},{"damage":8,"enemies":"Shelled Parasite and Fungi","floor":31,"turns":5},{"damage":30,"enemies":"Automaton","floor":33,"turns":8},{"damage":0,"enemies":"3 Shapes","floor":35,"turns":3},{"damage":7,"enemies":"3 Darklings","floor":36,"turns":3},{"damage":0,"enemies":"Mind Bloom Boss Battle","floor":37,"turns":5},{"damage":4,"enemies":"Maw","floor":39,"turns":7},{"damage":0,"enemies":"Transient","floor":41,"turns":5},{"damage":14,"enemies":"Jaw Worm Horde","floor":44,"turns":4},{"damage":25,"enemies":"2 Orb Walkers","floor":45,"turns":4},{"damage":0,"enemies":"Maw","floor":46,"turns":6},{"damage":18,"enemies":"Sphere and 2 Shapes","floor":48,"turns":4},{"damage":39,"enemies":"Time Eater","floor":50,"turns":9}],"seed_played":"-2638422810855383268","potions_obtained":[{"floor":1,"key":"GamblersBrew"},{"floor":11,"key":"EssenceOfSteel"},{"floor":13,"key":"Weak Potion"},{"floor":22,"key":"Explosive Potion"},{"floor":24,"key":"FocusPotion"},{"floor":27,"key":"Block Potion"},{"floor":33,"key":"SpeedPotion"},{"floor":35,"key":"Energy Potion"},{"floor":37,"key":"Block Potion"},{"floor":39,"key":"Fruit Juice"},{"floor":41,"key":"Energy Potion"},{"floor":44,"key":"SteroidPotion"},{"floor":45,"key":"Ancient Potion"},{"floor":46,"key":"FocusPotion"},{"floor":48,"key":"Fruit Juice"}],"is_trial":false,"path_per_floor":["M","?","M","$","T","R","E","R","T","M","E","R","M","?","R","B",null,"M","$","?","$","M","M","E","R","T","M","R","?","M","M","R","B",null,"M","M","?","?","M","R","M","R","T","M","?","M","?","M","R","B",null],"character_chosen":"DEFECT","items_purchased":["Doom and Gloom","Hologram","Defragment","Boot","Steam"],"campfire_rested":2,"item_purchase_floors":[4,4,19,19,19],"current_hp_per_floor":[73,73,73,73,73,73,51,51,51,51,49,71,64,64,64,37,75,72,72,72,72,72,53,43,58,58,56,71,71,71,63,75,45,75,75,68,68,68,69,80,80,80,80,66,41,51,51,44,85,52],"gold":461,"neow_bonus":"THREE_CARDS","is_prod":false,"is_daily":false,"chose_seed":false,"campfire_upgraded":8,"win_rate":0.0,"timestamp":1569262375,"path_taken":["M","?","M","$","?","R","E","R","T","M","E","R","?","?","R","BOSS","M","$","?","$","M","M","E","R","T","M","R","?","M","M","R","BOSS","M","M","?","?","?","R","M","R","T","M","?","M","?","?","R","BOSS"],"build_version":"2019-07-17","purchased_purges":1,"victory":true,"max_hp_per_floor":[75,75,75,75,75,75,75,75,75,75,75,75,75,75,75,75,75,75,75,75,75,75,75,75,75,75,75,75,75,75,75,75,75,75,75,75,75,75,80,80,80,80,80,80,80,80,80,85,85,85],"card_choices":[{"not_picked":["Stack","Ball Lightning"],"picked":"Double Energy","floor":0},{"not_picked":["Ball Lightning","Stack"],"picked":"Genetic Algorithm","floor":1},{"not_picked":["Streamline","Go for the Eyes"],"picked":"FTL","floor":3},{"not_picked":["Chill","Coolheaded"],"picked":"Scrape","floor":7},{"not_picked":["Streamline","Turbo","Beam Cell"],"picked":"Scrape","floor":10},{"not_picked":["Thunder Strike","Beam Cell","Double Energy"],"picked":"Go for the Eyes","floor":11},{"not_picked":["Aggregate","Sunder","Leap"],"picked":"Ball Lightning","floor":13},{"not_picked":["Machine Learning","Seek","Fission"],"picked":"Electrodynamics","floor":16},{"not_picked":["Glacier","Turbo","Chill+1"],"picked":"Coolheaded","floor":18},{"not_picked":["Go for the Eyes+1","Leap","Creative AI"],"picked":"BootSequence+1","floor":22},{"not_picked":["Compile Driver+1","Genetic Algorithm","Undo"],"picked":"Storm+1","floor":23},{"not_picked":["Force Field+1","Barrage","Leap+1"],"picked":"Hologram+1","floor":24},{"not_picked":["Go for the Eyes","Cold Snap+1","Force Field"],"picked":"Steam","floor":27},{"not_picked":["Barrage","Melter","Compile Driver"],"picked":"Capacitor","floor":30},{"not_picked":["Fusion","Turbo","Storm"],"picked":"Lockon","floor":31},{"not_picked":["Rainbow","Amplify","Multi-Cast"],"picked":"All For One","floor":33},{"not_picked":["Heatsinks+1","Leap+1","Glacier"],"picked":"FTL+1","floor":35},{"not_picked":["Barrage","Static Discharge+1","Creative AI"],"picked":"Redo","floor":36},{"not_picked":["Coolheaded+1","Gash+1","Sunder+1"],"picked":"Sweeping Beam","floor":37},{"not_picked":["Coolheaded","Ball Lightning","Rebound"],"picked":"Defragment","floor":39},{"not_picked":["Chaos","Loop","Storm"],"picked":"Beam Cell+1","floor":41},{"not_picked":["Leap","Steam+1","Beam Cell+1"],"picked":"Sweeping Beam+1","floor":44},{"not_picked":["Barrage","Ball Lightning","Chill+1"],"picked":"Darkness+1","floor":45},{"not_picked":["Skim","Gash","Echo Form"],"picked":"Go for the Eyes","floor":46},{"not_picked":["Chaos","Doom and Gloom+1","Compile Driver"],"picked":"Lockon","floor":48}],"player_experience":32551,"relics_obtained":[{"floor":5,"key":"Orichalcum"},{"floor":7,"key":"Question Card"},{"floor":9,"key":"Shuriken"},{"floor":11,"key":"Ice Cream"},{"floor":24,"key":"PreservedInsect"},{"floor":26,"key":"Lantern"},{"floor":37,"key":"FossilizedHelix"},{"floor":43,"key":"Vajra"},{"floor":45,"key":"Bird Faced Urn"}],"event_choices":[{"damage_healed":0,"gold_gain":0,"player_choice":"Forge","damage_taken":0,"max_hp_gain":0,"max_hp_loss":0,"event_name":"Accursed Blacksmith","floor":2,"gold_loss":0,"cards_upgraded":["Double Energy"]},{"damage_healed":0,"gold_gain":57,"player_choice":"Gained Gold","damage_taken":0,"max_hp_gain":0,"max_hp_loss":0,"event_name":"Golden Wing","floor":14,"gold_loss":0},{"damage_healed":0,"gold_gain":0,"player_choice":"Ignored","damage_taken":0,"max_hp_gain":0,"max_hp_loss":0,"event_name":"Ghosts","floor":20,"gold_loss":0},{"cards_removed":["Strike_B"],"damage_healed":0,"gold_gain":0,"player_choice":"Gave Gold","damage_taken":0,"max_hp_gain":0,"max_hp_loss":0,"event_name":"Beggar","floor":29,"gold_loss":75},{"damage_healed":0,"gold_gain":0,"player_choice":"Fight","damage_taken":0,"max_hp_gain":0,"max_hp_loss":0,"event_name":"MindBloom","floor":37,"gold_loss":0},{"damage_healed":0,"gold_gain":0,"cards_transformed":["Strike_B"],"player_choice":"Transformed","damage_taken":0,"max_hp_gain":0,"max_hp_loss":0,"event_name":"Transmorgrifier","floor":38,"gold_loss":0,"cards_obtained":["Auto Shields"]},{"damage_healed":0,"gold_gain":0,"player_choice":"Fight","damage_taken":0,"max_hp_gain":0,"max_hp_loss":0,"event_name":"Mysterious Sphere","floor":45,"gold_loss":0},{"damage_healed":0,"gold_gain":0,"player_choice":"Got Potions","damage_taken":0,"max_hp_gain":0,"max_hp_loss":0,"event_name":"Lab","floor":47,"gold_loss":0}],"is_beta":false,"boss_relics":[{"not_picked":["Runic Pyramid","Tiny House"],"picked":"Eternal Feather"},{"not_picked":["Snecko Eye","Fusion Hammer"],"picked":"White Beast Statue"}],"items_purged_floors":[19],"is_endless":false,"potions_floor_spawned":[1,11,13,22,24,27,33,35,36,37,39,41,44,45,46,48],"ascension_level":0}