{"gold_per_floor":[114,114,128,128,128,128,159,175,175,175,12,25,25,49,49,178,178,199,222,222],"floor_reached":20,"playtime":1058,"items_purged":[],"score":174,"play_id":"65a76df5-d1c9-4b01-b0c9-777fea9baf5c","local_time":"20180623091322","is_ascension_mode":false,"campfire_choices":[{"data":"Doom and Gloom","floor":6,"key":"SMITH"},{"floor":15,"key":"REST"}],"neow_cost":"NONE","seed_source_timestamp":3823783056513,"circlet_count":0,"master_deck":["Strike_B","Strike_B","Strike_B","Strike_B","Defend_B","Defend_B","Defend_B","Defend_B+1","Zap","Core Surge","Steam Power","Doom and Gloom+1","Gash","Injury","Conserve Battery","Redo","Heatsinks+1","Capacitor","BootSequence","Beam Cell","Hyperbeam","White Noise","Genetic Algorithm","Static Discharge","Rainbow","Doubt","Clumsy","Doubt","Streamline+1","Defragment","Blizzard","Echo Form"],"relics":["Cracked Core","Golden Idol","Prayer Wheel","Bronze Scales","Bottled Flame","Calling Bell","Singing Bowl","Darkstone Periapt","Thread and Needle"],"potions_floor_usage":[7,16,16,20],"damage_taken":[{"damage":1,"enemies":"Jaw Worm","floor":1,"turns":4},{"damage":0,"enemies":"Cultist","floor":3,"turns":3},{"damage":15,"enemies":"3 Sentries","floor":7,"turns":6},{"damage":0,"enemies":"2 Louse","floor":8,"turns":1},{"damage":0,"enemies":"Blue Slaver","floor":12,"turns":2},{"damage":9,"enemies":"3 Louse","floor":14,"turns":3},{"damage":34,"enemies":"Hexaghost","floor":16,"turns":9},{"damage":0,"enemies":"3 Byrds","floor":18,"turns":3},{"damage":18,"enemies":"Shell Parasite","floor":19,"turns":6},{"damage":70,"enemies":"Chosen and Byrds","floor":20,"turns":7}],"seed_played":"-1199925574034399218","potions_obtained":[{"floor":1,"key":"Poison Potion"},{"floor":7,"key":"FocusPotion"},{"floor":8,"key":"SpeedPotion"},{"floor":19,"key":"GamblersBrew"}],"is_trial":false,"path_per_floor":["M","?","M","?","?","R","E","M","T","?","$","M","$","M","R","B",null,"M","M"],"character_chosen":"DEFECT","items_purchased":["Capacitor","BootSequence","Beam Cell"],"campfire_rested":1,"item_purchase_floors":[11,11,11],"current_hp_per_floor":[74,74,74,74,56,56,41,41,41,26,26,26,26,17,39,5,75,75,57,0],"gold":222,"neow_bonus":"ONE_RANDOM_RARE_CARD","is_prod":false,"is_daily":false,"chose_seed":false,"campfire_upgraded":1,"win_rate":0.0,"timestamp":1529759602,"path_taken":["M","?","M","?","?","R","E","?","T","?","$","M","?","M","R","BOSS","M","M","?"],"build_version":"2018-06-21v2","purchased_purges":0,"victory":false,"max_hp_per_floor":[75,75,75,75,75,75,75,75,75,75,75,75,75,75,75,75,75,75,75,75],"card_choices":[{"not_picked":["Recycle","Beam Cell"],"picked":"Steam Power","floor":1},{"not_picked":["Sweeping Beam","Blizzard"],"picked":"Gash","floor":3},{"not_picked":["Go for the Eyes","Stack"],"picked":"Conserve Battery","floor":7},{"not_picked":["Hologram","Rebound"],"picked":"Redo","floor":8},{"not_picked":["Steam","Rebound"],"picked":"Heatsinks","floor":8},{"not_picked":["Ball Lightning","BootSequence"],"picked":"Hyperbeam","floor":12},{"not_picked":["Coolheaded","Beam Cell"],"picked":"White Noise","floor":12},{"not_picked":["Cold Snap","Hologram"],"picked":"Genetic Algorithm","floor":14},{"not_picked":["Gash","Cold Snap"],"picked":"Static Discharge","floor":14},{"not_picked":["Seek","Buffer"],"picked":"Rainbow","floor":16},{"not_picked":["Leap+1","Beam Cell"],"picked":"Streamline+1","floor":18},{"not_picked":["Force Field+1","Lockon"],"picked":"Defragment","floor":18},{"not_picked":["Sweeping Beam+1","Darkness"],"picked":"Blizzard","floor":19},{"not_picked":["Go for the Eyes+1","White Noise"],"picked":"Echo Form","floor":19}],"player_experience":225155,"relics_obtained":[{"floor":7,"key":"Bronze Scales"},{"floor":9,"key":"Bottled Flame"},{"floor":17,"key":"Singing Bowl"},{"floor":17,"key":"Darkstone Periapt"},{"floor":17,"key":"Thread and Needle"}],"event_choices":[{"event_name":"Transmorgrifier","player_choice":"Transform","floor":2,"damage_taken":0},{"event_name":"Golden Idol","player_choice":"Take Wound","floor":4,"damage_taken":0},{"event_name":"Scrap Ooze","player_choice":"success","floor":5,"damage_taken":18},{"event_name":"Shining Light","player_choice":"Entered Light","floor":10,"damage_taken":0}],"boss_relics":[{"not_picked":["Black Star","Pandora\u0027s Box"],"picked":"Calling Bell"}],"items_purged_floors":[],"is_endless":false,"potions_floor_spawned":[1,7,8,19],"killed_by":"Chosen and Byrds","ascension_level":0}