{"gold_per_floor":[144,174,174,174,223,321,370,370,395,6,6,6,55,153,153,478,576,625,674,589,16,65,163,212,212],"floor_reached":25,"playtime":1461,"items_purged":[],"score":481,"play_id":"2705f68e-65fe-490d-852c-ceef1518cdc4","local_time":"20180709011155","daily_mods":["Brewmaster","Cursed Run","Midas"],"is_ascension_mode":false,"campfire_choices":[{"floor":8,"key":"REST"},{"floor":15,"key":"REST"}],"neow_cost":"","seed_source_timestamp":0,"circlet_count":0,"master_deck":["Defend_G","Defend_G","Defend_G","Defend_G","Defend_G","Strike_G","Strike_G","Strike_G","Strike_G","Strike_G+1","Survivor","Neutralize","Venomology","Venomology","Venomology","Venomology","Venomology","Dagger Spray","Regret","Injury","Underhanded Strike","Blur","Backflip","Writhe","Accuracy","Parasite","Dodge and Roll","Envenom","Pain","Corpse Explosion","Infinite Blades","Distraction","Malaise","Underhanded Strike","Bane","Crippling Poison","Flying Knee+1"],"special_seed":17721,"relics":["Cursed Key","Darkstone Periapt","Du-Vu Doll","White Beast Statue","Tiny Chest","Golden Idol","Ice Cream","Bag of Preparation","Toolbox","Boot","Happy Flower","Tiny House","Lantern","Shovel","Mercury Hourglass"],"potions_floor_usage":[1,5,5,5,5,5,6,6,6,6,6,6,6,6,6,7,13,13,13,13,14,14,14,14,16,16,16,16,16,16,16,18,18,18,19,22,22,22,23,23,23,24,24,24,24,25,25],"damage_taken":[{"damage":0,"enemies":"Small Slimes","floor":1,"turns":5},{"damage":3,"enemies":"Jaw Worm","floor":5,"turns":2},{"damage":1,"enemies":"3 Sentries","floor":6,"turns":4},{"damage":3,"enemies":"2 Louse","floor":7,"turns":3},{"damage":1,"enemies":"Large Slime","floor":13,"turns":3},{"damage":23,"enemies":"Gremlin Nob","floor":14,"turns":4},{"damage":47,"enemies":"Hexaghost","floor":16,"turns":7},{"damage":24,"enemies":"2 Thieves","floor":18,"turns":3},{"damage":0,"enemies":"Spheric Guardian","floor":19,"turns":1},{"damage":6,"enemies":"Snake Plant","floor":22,"turns":1},{"damage":30,"enemies":"Slavers","floor":23,"turns":5},{"damage":25,"enemies":"Slaver and Parasite","floor":24,"turns":4},{"damage":29,"floor":25,"turns":3}],"seed_played":"2365577451791200373","potions_obtained":[{"floor":1,"key":"EntropicBrew"},{"floor":5,"key":"LiquidBronze"},{"floor":6,"key":"FearPotion"},{"floor":7,"key":"GhostInAJar"},{"floor":12,"key":"Poison Potion"},{"floor":12,"key":"GamblersBrew"},{"floor":13,"key":"GhostInAJar"},{"floor":14,"key":"Block Potion"},{"floor":16,"key":"Fire Potion"},{"floor":17,"key":"SteroidPotion"},{"floor":18,"key":"FearPotion"},{"floor":19,"key":"Fire Potion"},{"floor":22,"key":"GamblersBrew"},{"floor":23,"key":"Poison Potion"},{"floor":24,"key":"GamblersBrew"}],"is_trial":false,"path_per_floor":["M","?","?","?","M","E","M","R","T","$","?","?","M","E","R","B",null,"M","M","?","$","M","E","M"],"character_chosen":"THE_SILENT","items_purchased":["Toolbox","Boot","Accuracy","Shovel","Mercury Hourglass","Underhanded Strike"],"campfire_rested":2,"item_purchase_floors":[10,10,10,21,21,21],"current_hp_per_floor":[70,76,82,82,79,82,79,82,88,88,94,94,93,70,94,58,105,81,81,81,81,75,45,24,0],"gold":212,"neow_bonus":"","is_prod":false,"is_daily":true,"chose_seed":false,"campfire_upgraded":0,"win_rate":0,"timestamp":1531113115,"path_taken":["M","?","?","?","?","E","?","R","T","$","?","?","M","E","R","BOSS","M","M","?","$","M","E","M","?"],"build_version":"2018-07-05","purchased_purges":0,"victory":false,"max_hp_per_floor":[70,76,82,82,82,82,82,82,88,88,94,94,94,94,94,100,105,105,105,105,105,105,105,105,105],"card_choices":[{"not_picked":["Leg Sweep","Flying Knee"],"picked":"Dagger Spray","floor":1},{"not_picked":["Flechettes","Dagger Spray"],"picked":"Underhanded Strike","floor":5},{"not_picked":["Concentrate","Deflect"],"picked":"Blur","floor":6},{"not_picked":["Flying Knee","Bane"],"picked":"Backflip","floor":7},{"not_picked":["Terror","Slice"],"picked":"Dodge and Roll","floor":13},{"not_picked":["Riddle With Holes","Backflip"],"picked":"Envenom","floor":14},{"not_picked":["Phantasmal Killer","Storm of Steel"],"picked":"Corpse Explosion","floor":16},{"not_picked":["Slice","All Out Attack"],"picked":"Infinite Blades","floor":17},{"not_picked":["Dagger Throw","Acrobatics"],"picked":"Distraction","floor":18},{"not_picked":["Skewer","Infinite Blades"],"picked":"Malaise","floor":19},{"not_picked":["Deadly Poison","Riddle With Holes"],"picked":"Bane","floor":22},{"not_picked":["Deflect","Blade Dance"],"picked":"Crippling Poison","floor":23},{"not_picked":["Malaise","Envenom"],"picked":"Flying Knee+1","floor":24}],"player_experience":259177,"relics_obtained":[{"floor":6,"key":"Ice Cream"},{"floor":9,"key":"Bag of Preparation"},{"floor":14,"key":"Happy Flower"}],"event_choices":[{"event_name":"Big Fish","player_choice":"Box","floor":2,"damage_taken":0},{"event_name":"Golden Idol","player_choice":"Take Wound","floor":3,"damage_taken":0},{"event_name":"Golden Wing","player_choice":"Ignored","floor":4,"damage_taken":0},{"event_name":"Mushrooms","player_choice":"Healed and dodged fight","floor":11,"damage_taken":0},{"event_name":"The Lab","player_choice":"Got Potions","floor":12,"damage_taken":0},{"event_name":"Addict","player_choice":"Obtained Relic","floor":20,"damage_taken":0},{"event_name":"Masked Bandits","player_choice":"Fought over 212 gold","floor":25,"damage_taken":0}],"boss_relics":[{"not_picked":["Runic Pyramid","Eternal Feather"],"picked":"Tiny House"}],"items_purged_floors":[],"is_endless":false,"potions_floor_spawned":[1,5,6,7,13,14,16,18,19,22,23,24],"ascension_level":0}