{"gold_per_floor":[114,22,22,22,41,109,147,12,62,81,119,157,195,270,270,395,395,414,414,414,14,33,71,109,447,447,466,7,132,132,170,170,295,295,314,6,6,6,25,63,101,401,401,439,458,496,515,534,534,534],"floor_reached":50,"playtime":1869,"items_purged":[],"score":1297,"play_id":"ec31e9ca-3056-4276-8a76-69dcfa07c0b0","local_time":"20190612095808","daily_mods":["Insanity","Flight","Terminal"],"is_ascension_mode":false,"campfire_choices":[{"data":"Fire Breathing","floor":15,"key":"SMITH"},{"data":"Immolate","floor":32,"key":"SMITH"},{"data":"Seeing Red","floor":49,"key":"SMITH"}],"neow_cost":"","seed_source_timestamp":0,"circlet_count":0,"master_deck":["Shrug It Off","Spot Weakness","Sentinel","Shrug It Off","Warcry","Headbutt","Uppercut","Anger","Flex","Thunderclap","Heavy Blade","Heavy Blade","Clothesline","Sentinel","Heavy Blade","Sever Soul","Perfected Strike","Burning Pact","Reckless Charge","Pummel","Warcry","Whirlwind","Disarm","Body Slam","Metallicize","Rupture","Perfected Strike","Perfected Strike","Warcry","Clash","Perfected Strike","Anger","Perfected Strike","Wild Strike+1","Body Slam","Perfected Strike","Fire Breathing+1","Anger","Perfected Strike","Sword Boomerang","Pummel","Warcry","Burning Pact","Combust","Pommel Strike","Clothesline","Sword Boomerang","Body Slam","Anger","Body Slam","Flex","Mind Blast+1","Injury","Pummel","Inflame","Twin Strike","Evolve","Bandage Up","Wild Strike","Immolate+1","Seeing Red+1","Flame Barrier","Bludgeon+1","Parasite","Decay","Regret","Pommel Strike+1","Perfected Strike+1","Pommel Strike+1","Searing Blow+2","Burning Pact","Perfected Strike+1","Magnetism","Clothesline+1","Perfected Strike+1","Perfected Strike+1","Impervious+1","Cleave+1","Body Slam+1","Seeing Red+1","Bludgeon+1","Wild Strike+1","Perfected Strike+1","Juggernaut","Seeing Red+1","Feed+1","Shrug It Off+1","Reckless Charge+1","Wild Strike+1","Heavy Blade+1","Cleave+1","Wild Strike+1"],"special_seed":18059,"relics":["Burning Blood","Golden Idol","Tiny Chest","Bag of Marbles","PreservedInsect","Du-Vu Doll","Bottled Tornado","Molten Egg 2","Calling Bell","Red Skull","Dodecahedron","Mango","Mercury Hourglass","Lantern","Centennial Puzzle","Bottled Flame","Old Coin","Orichalcum","Toxic Egg 2","Magic Flower","Sundial","Letter Opener","Oddly Smooth Stone","Orrery","Whetstone","Gremlin Horn","Mummified Hand","Pen Nib","Anchor","Boot","Kunai","Art of War"],"potions_floor_usage":[16,16,16,23,33,33,33,50,50,50],"damage_taken":[{"damage":6,"enemies":"Jaw Worm","floor":1,"turns":2},{"damage":0,"enemies":"2 Louse","floor":5,"turns":1},{"damage":11,"enemies":"Lagavulin","floor":6,"turns":3},{"damage":4,"enemies":"3 Sentries","floor":7,"turns":3},{"damage":0,"enemies":"Cultist","floor":10,"turns":1},{"damage":0,"enemies":"Gremlin Nob","floor":11,"turns":1},{"damage":0,"enemies":"3 Sentries","floor":12,"turns":2},{"damage":0,"enemies":"Lagavulin","floor":13,"turns":2},{"damage":0,"enemies":"Hexaghost","floor":16,"turns":5},{"damage":0,"enemies":"2 Thieves","floor":18,"turns":1},{"damage":0,"enemies":"Shell Parasite","floor":22,"turns":1},{"damage":0,"enemies":"Slavers","floor":23,"turns":3},{"damage":0,"enemies":"Book of Stabbing","floor":24,"turns":1},{"damage":0,"enemies":"Slavers","floor":25,"turns":1},{"damage":0,"enemies":"Centurion and Healer","floor":27,"turns":1},{"damage":0,"enemies":"Colosseum Slavers","floor":29,"turns":1},{"damage":0,"enemies":"Colosseum Nobs","floor":29,"turns":1},{"damage":0,"enemies":"Book of Stabbing","floor":31,"turns":1},{"damage":10,"enemies":"Automaton","floor":33,"turns":5},{"damage":0,"enemies":"Orb Walker","floor":35,"turns":1},{"damage":0,"enemies":"3 Darklings","floor":39,"turns":1},{"damage":0,"enemies":"Nemesis","floor":40,"turns":1},{"damage":2,"enemies":"Giant Head","floor":41,"turns":3},{"damage":0,"enemies":"Nemesis","floor":44,"turns":1},{"damage":0,"enemies":"Jaw Worm Horde","floor":45,"turns":1},{"damage":0,"enemies":"Reptomancer","floor":46,"turns":1},{"damage":0,"enemies":"Sphere and 2 Shapes","floor":47,"turns":1},{"damage":0,"enemies":"Writhing Mass","floor":48,"turns":1},{"damage":55,"enemies":"Awakened One","floor":50,"turns":3}],"seed_played":"3787380663282676201","potions_obtained":[{"floor":7,"key":"Weak Potion"},{"floor":10,"key":"AttackPotion"},{"floor":11,"key":"Block Potion"},{"floor":16,"key":"Swift Potion"},{"floor":22,"key":"Swift Potion"},{"floor":25,"key":"EssenceOfSteel"},{"floor":27,"key":"BloodPotion"},{"floor":33,"key":"PowerPotion"},{"floor":35,"key":"SteroidPotion"},{"floor":40,"key":"FearPotion"},{"floor":45,"key":"BloodPotion"}],"is_trial":false,"path_per_floor":["M","$","?","?","M","E","E","$","T","M","E","E","E","?","R","B",null,"M","?","?","$","M","E","E","E","T","M","$","?","T","E","R","B",null,"M","$","T","T","M","E","E","?","T","E","M","E","M","M","R","B"],"character_chosen":"IRONCLAD","items_purchased":["Mind Blast","Evolve","Bandage Up","Mercury Hourglass","Lantern","Toxic Egg 2","Magnetism","Clothesline+1","Whetstone","Juggernaut"],"campfire_rested":0,"item_purchase_floors":[2,8,8,21,21,28,28,28,36,36],"current_hp_per_floor":[78,77,76,75,74,69,71,71,70,69,68,67,66,55,55,63,76,75,74,73,72,71,70,69,68,67,66,65,64,63,62,61,60,59,58,57,56,55,54,53,52,51,50,49,48,47,46,45,44,0],"gold":534,"neow_bonus":"","is_prod":false,"is_daily":true,"chose_seed":false,"campfire_upgraded":3,"win_rate":0,"timestamp":1560347888,"path_taken":["M","$","?","?","?","E","E","$","T","M","E","E","E","?","R","BOSS","M","?","?","$","?","E","E","E","T","?","?","?","?","E","R","BOSS","M","$","?","?","?","E","E","?","T","E","M","E","?","M","R","BOSS"],"build_version":"2019-01-23","purchased_purges":0,"victory":false,"max_hp_per_floor":[78,77,76,75,74,73,72,71,70,69,68,67,66,65,64,63,76,75,74,73,72,71,70,69,68,67,66,65,64,63,62,61,60,59,58,57,56,55,54,53,52,51,50,49,48,47,46,45,44,44],"card_choices":[{"not_picked":["Clothesline","Burning Pact"],"picked":"Flex","floor":1},{"not_picked":["Sever Soul","Warcry"],"picked":"Pummel","floor":5},{"not_picked":["Entrench","Sever Soul"],"picked":"Inflame","floor":6},{"not_picked":["Headbutt","Carnage"],"picked":"Twin Strike","floor":7},{"not_picked":["Flex","Ghostly Armor"],"picked":"Wild Strike","floor":10},{"not_picked":["Body Slam","Shrug It Off"],"picked":"Immolate","floor":11},{"not_picked":["Second Wind","Clash"],"picked":"Seeing Red","floor":12},{"not_picked":["Entrench","Uppercut"],"picked":"Flame Barrier","floor":13},{"not_picked":["Impervious","Demon Form"],"picked":"Bludgeon+1","floor":16},{"not_picked":["Battle Trance","Twin Strike+1"],"picked":"Pommel Strike+1","floor":18},{"not_picked":["Whirlwind+1","Armaments"],"picked":"Perfected Strike+1","floor":22},{"not_picked":["Heavy Blade+1","Fire Breathing"],"picked":"Pommel Strike+1","floor":23},{"not_picked":["Warcry","Intimidate"],"picked":"Searing Blow+1","floor":24},{"not_picked":["Havoc","Barricade"],"picked":"Burning Pact","floor":25},{"not_picked":["Spot Weakness","Uppercut+1"],"picked":"Perfected Strike+1","floor":27},{"not_picked":["Pommel Strike+1","Anger+1"],"picked":"Perfected Strike+1","floor":29},{"not_picked":["Pummel+1","Sever Soul+1"],"picked":"Perfected Strike+1","floor":31},{"not_picked":["Berserk","Offering+1"],"picked":"Impervious+1","floor":33},{"not_picked":["Iron Wave+1","Combust"],"picked":"Cleave+1","floor":34},{"not_picked":["Evolve","Cleave+1"],"picked":"Body Slam+1","floor":34},{"not_picked":["Heavy Blade+1","Headbutt+1"],"picked":"Seeing Red+1","floor":34},{"not_picked":["Havoc+1","Ghostly Armor+1"],"picked":"Bludgeon+1","floor":34},{"not_picked":["Headbutt+1","Shrug It Off+1"],"picked":"Wild Strike+1","floor":34},{"not_picked":["Havoc+1","Wild Strike+1"],"picked":"Perfected Strike+1","floor":35},{"not_picked":["Reckless Charge+1","Battle Trance+1"],"picked":"Seeing Red+1","floor":39},{"not_picked":["Shrug It Off+1","Intimidate+1"],"picked":"Feed+1","floor":40},{"not_picked":["Burning Pact+1","True Grit+1"],"picked":"Shrug It Off+1","floor":41},{"not_picked":["Second Wind+1","True Grit+1"],"picked":"Reckless Charge+1","floor":44},{"not_picked":["Feel No Pain+1","Clash+1"],"picked":"Wild Strike+1","floor":45},{"not_picked":["Combust+1","Warcry+1"],"picked":"Heavy Blade+1","floor":46},{"not_picked":["Corruption+1","Twin Strike+1"],"picked":"Cleave+1","floor":47},{"not_picked":["Metallicize","Shrug It Off+1"],"picked":"Wild Strike+1","floor":48}],"player_experience":754917,"relics_obtained":[{"floor":6,"key":"Tiny Chest"},{"floor":7,"key":"Bag of Marbles"},{"floor":9,"key":"PreservedInsect"},{"floor":11,"key":"Du-Vu Doll"},{"floor":12,"key":"Bottled Tornado"},{"floor":13,"key":"Molten Egg 2"},{"floor":17,"key":"Red Skull"},{"floor":17,"key":"Dodecahedron"},{"floor":17,"key":"Mango"},{"floor":23,"key":"Centennial Puzzle"},{"floor":24,"key":"Bottled Flame"},{"floor":25,"key":"Old Coin"},{"floor":26,"key":"Orichalcum"},{"floor":29,"key":"Magic Flower"},{"floor":29,"key":"Sundial"},{"floor":30,"key":"Letter Opener"},{"floor":31,"key":"Oddly Smooth Stone"},{"floor":37,"key":"Gremlin Horn"},{"floor":38,"key":"Mummified Hand"},{"floor":40,"key":"Pen Nib"},{"floor":41,"key":"Anchor"},{"floor":43,"key":"Boot"},{"floor":44,"key":"Kunai"},{"floor":46,"key":"Art of War"}],"event_choices":[{"damage_healed":0,"gold_gain":0,"player_choice":"Take Wound","damage_taken":0,"relics_obtained":["Golden Idol"],"max_hp_gain":0,"max_hp_loss":0,"event_name":"Golden Idol","floor":3,"gold_loss":0,"cards_obtained":["Injury"]},{"damage_healed":0,"gold_gain":0,"player_choice":"Upgraded","damage_taken":0,"max_hp_gain":0,"max_hp_loss":0,"event_name":"Upgrade Shrine","floor":4,"gold_loss":0,"cards_upgraded":["Mind Blast"]},{"damage_healed":0,"gold_gain":75,"player_choice":"Gather Gold","damage_taken":11,"max_hp_gain":0,"max_hp_loss":0,"event_name":"World of Goop","floor":14,"gold_loss":0},{"damage_healed":0,"gold_gain":0,"player_choice":"Ignored","damage_taken":0,"max_hp_gain":0,"max_hp_loss":0,"event_name":"Beggar","floor":19,"gold_loss":0},{"damage_healed":0,"gold_gain":0,"player_choice":"Bought 0 Potions","damage_taken":0,"max_hp_gain":0,"max_hp_loss":0,"event_name":"The Woman in Blue","floor":20,"gold_loss":0},{"damage_healed":0,"gold_gain":0,"player_choice":"Fight","damage_taken":0,"max_hp_gain":0,"max_hp_loss":0,"event_name":"Colosseum","floor":29,"gold_loss":0},{"damage_healed":0,"gold_gain":0,"player_choice":"Fought Nobs","damage_taken":0,"max_hp_gain":0,"max_hp_loss":0,"event_name":"Colosseum","floor":29,"gold_loss":0},{"damage_healed":0,"gold_gain":300,"player_choice":"Gold","damage_taken":0,"max_hp_gain":0,"max_hp_loss":0,"event_name":"Wheel of Change","floor":42,"gold_loss":0}],"is_beta":false,"boss_relics":[{"not_picked":["Fusion Hammer","Empty Cage"],"picked":"Calling Bell"},{"not_picked":["Black Blood","White Beast Statue"],"picked":"Orrery"}],"items_purged_floors":[],"is_endless":false,"potions_floor_spawned":[7,10,11,16,22,25,27,29,31,33,35,40,45],"killed_by":"Awakened One","ascension_level":0}