{"gold_per_floor":[363,363,34,47,47,47,58,75,75,101,23,43,43,78,78,155,155,173,173,173,190,201,201,116,116,116,116,189,200,200,71,71,142,142,154,174,99,99,22,22,22,72,72,91,91],"floor_reached":45,"playtime":1943,"items_purged":["Injury"],"score":888,"play_id":"ebcaed09-4e34-4ffb-8a05-349e0fa76442","local_time":"20190918094730","is_ascension_mode":true,"campfire_choices":[{"data":"Uppercut","floor":6.0,"key":"SMITH"},{"data":"True Grit","floor":15.0,"key":"SMITH"},{"data":"Brutality","floor":23.0,"key":"SMITH"},{"data":"Perfected Strike","floor":25.0,"key":"SMITH"},{"data":"Combust","floor":30.0,"key":"SMITH"},{"floor":32.0,"key":"REST"},{"data":"Demon Form","floor":40,"key":"SMITH"}],"neow_cost":"CURSE","seed_source_timestamp":119236817192200,"circlet_count":0,"master_deck":["AscendersBane","Strike_R+1","Strike_R+1","Strike_R+1","Strike_R+1","Strike_R+1","Defend_R+1","Defend_R+1","Defend_R+1","Defend_R+1","Bash","Perfected Strike+1","Uppercut+1","True Grit+1","Fiend Fire","Shrug It Off","Brutality+1","Perfected Strike+1","Second Wind","Pommel Strike","Combust+1","Power Through","Flame Barrier","Metallicize","Pommel Strike","Reaper","Metallicize+1","Perfected Strike","Demon Form+1","Rage","Wild Strike+1","Twin Strike+1","Perfected Strike+1","Evolve","Doubt"],"special_seed":0,"relics":["Burning Blood","Charon\u0027s Ashes","Self Forming Clay","Ancient Tea Set","Vajra","Cursed Key","Mercury Hourglass","Orrery","Champion Belt","Meat on the Bone"],"potions_floor_usage":[],"damage_taken":[{"damage":1.0,"enemies":"Cultist","floor":1.0,"turns":4.0},{"damage":9.0,"enemies":"Jaw Worm","floor":4.0,"turns":3.0},{"damage":0.0,"enemies":"Small Slimes","floor":7.0,"turns":3.0},{"damage":9.0,"enemies":"3 Louse","floor":8.0,"turns":3.0},{"damage":20.0,"enemies":"Lagavulin","floor":10.0,"turns":5.0},{"damage":0.0,"enemies":"2 Fungi Beasts","floor":12.0,"turns":2.0},{"damage":15.0,"enemies":"3 Sentries","floor":14.0,"turns":7.0},{"damage":16.0,"enemies":"Slime Boss","floor":16.0,"turns":7.0},{"damage":18.0,"enemies":"Spheric Guardian","floor":18.0,"turns":4.0},{"damage":2.0,"enemies":"3 Byrds","floor":21.0,"turns":4.0},{"damage":18.0,"enemies":"Snake Plant","floor":22.0,"turns":3.0},{"damage":3.0,"enemies":"Centurion and Healer","floor":29.0,"turns":3.0},{"damage":67.0,"enemies":"Automaton","floor":33.0,"turns":12.0},{"damage":9.0,"enemies":"3 Shapes","floor":35.0,"turns":7.0},{"damage":5,"enemies":"Orb Walker","floor":36,"turns":4},{"damage":44,"enemies":"2 Orb Walkers","floor":42,"turns":5},{"damage":36,"enemies":"Spire Growth","floor":44,"turns":4},{"damage":28,"enemies":"Writhing Mass","floor":45,"turns":3}],"seed_played":"-8360170911730915524","potions_obtained":[{"floor":8.0,"key":"Ancient Potion"},{"floor":14.0,"key":"Weak Potion"},{"floor":22.0,"key":"Strength Potion"},{"floor":29.0,"key":"SkillPotion"}],"is_trial":false,"path_per_floor":["M","?","$","M","?","R","M","M","T","E","$","M","?","E","R","B",null,"M","?","?","M","M","R","$","R","T","?","T","M","R","$","R","B",null,"M","M","$","?","$","R","$","?","T","M","M"],"character_chosen":"IRONCLAD","items_purchased":["Charon\u0027s Ashes","BloodPotion","Power Through","Metallicize","Pommel Strike","Evolve"],"campfire_rested":1,"item_purchase_floors":[3,11,24,31,31,39],"current_hp_per_floor":[73,66,66,63,40,40,46,43,43,29,29,53,53,44,44,34,65,53,53,53,57,45,45,45,45,45,45,45,48,48,48,70,9,59,73,74,74,74,74,74,74,36,36,23,0],"gold":91,"neow_bonus":"TWO_FIFTY_GOLD","is_prod":false,"is_daily":false,"chose_seed":false,"campfire_upgraded":6,"win_rate":0,"timestamp":1568825250,"path_taken":["M","?","$","M","?","R","M","M","T","E","$","M","?","E","R","BOSS","M","?","?","M","M","R","$","R","T","?","?","M","R","?","R","BOSS","M","M","$","?","$","R","?","?","T","M","M"],"build_version":"2019-07-17","purchased_purges":1,"victory":false,"max_hp_per_floor":[75,75,75,75,75,75,75,75,75,75,75,75,75,75,75,75,75,75,75,75,75,75,75,75,75,75,75,75,75,75,75,75,75,75,75,75,75,75,75,75,75,75,75,75,75],"card_choices":[{"not_picked":["True Grit","Twin Strike"],"picked":"Perfected Strike","floor":1.0},{"not_picked":["Rupture","Havoc"],"picked":"Uppercut","floor":4.0},{"not_picked":["Clothesline","Whirlwind"],"picked":"True Grit","floor":7.0},{"not_picked":["Body Slam","Headbutt","Pommel Strike"],"picked":"SKIP","floor":8.0},{"not_picked":["Limit Break","Inflame"],"picked":"Fiend Fire","floor":10.0},{"not_picked":["Havoc","Armaments"],"picked":"Shrug It Off","floor":12.0},{"not_picked":["Carnage","Whirlwind","Searing Blow"],"picked":"SKIP","floor":14.0},{"not_picked":["Reaper","Barricade"],"picked":"Brutality","floor":16.0},{"not_picked":["Dual Wield","Intimidate"],"picked":"Perfected Strike","floor":18.0},{"not_picked":["Warcry","Armaments+1"],"picked":"Pommel Strike","floor":21.0},{"not_picked":["Cleave","Berserk"],"picked":"Combust","floor":22.0},{"not_picked":["Thunderclap+1","Searing Blow+1"],"picked":"Flame Barrier","floor":29.0},{"not_picked":["Feed","Exhume"],"picked":"Reaper","floor":33.0},{"not_picked":["Clothesline+1","Sword Boomerang"],"picked":"Metallicize+1","floor":34.0},{"not_picked":["Flex","Clash"],"picked":"Perfected Strike","floor":34.0},{"not_picked":["Headbutt","Pummel"],"picked":"Demon Form","floor":34.0},{"not_picked":["Cleave","Warcry"],"picked":"Rage","floor":34.0},{"not_picked":["True Grit","Pommel Strike+1"],"picked":"Wild Strike+1","floor":35},{"not_picked":["Pommel Strike","Warcry"],"picked":"Twin Strike+1","floor":36},{"not_picked":["Hemokinesis","Thunderclap","Clothesline"],"picked":"SKIP","floor":44}],"player_experience":834383,"relics_obtained":[{"floor":9.0,"key":"Self Forming Clay"},{"floor":10.0,"key":"Ancient Tea Set"},{"floor":14.0,"key":"Vajra"},{"floor":28.0,"key":"Mercury Hourglass"},{"floor":42,"key":"Champion Belt"},{"floor":43,"key":"Meat on the Bone"}],"event_choices":[{"cards_removed":["Injury"],"damage_healed":0.0,"max_hp_gain":0.0,"max_hp_loss":0.0,"gold_gain":0.0,"event_name":"Golden Wing","player_choice":"Card Removal","floor":2.0,"gold_loss":0.0,"damage_taken":7.0},{"damage_healed":0.0,"max_hp_gain":0.0,"max_hp_loss":0.0,"gold_gain":0.0,"event_name":"Shining Light","player_choice":"Entered Light","floor":5.0,"gold_loss":0.0,"damage_taken":23.0,"cards_upgraded":["Strike_R","Perfected Strike"]},{"damage_healed":0.0,"max_hp_gain":0.0,"max_hp_loss":0.0,"gold_gain":0.0,"event_name":"Liars Game","player_choice":"Ignored","floor":13.0,"gold_loss":0.0,"damage_taken":0.0},{"damage_healed":0.0,"max_hp_gain":0.0,"max_hp_loss":0.0,"gold_gain":0.0,"event_name":"The Library","player_choice":"Read","floor":19.0,"gold_loss":0.0,"damage_taken":0.0,"cards_obtained":["Second Wind"]},{"damage_healed":0.0,"max_hp_gain":0.0,"max_hp_loss":0.0,"gold_gain":0.0,"event_name":"Back to Basics","player_choice":"Simplicity","floor":20.0,"gold_loss":0.0,"damage_taken":0.0,"cards_upgraded":["Strike_R","Strike_R","Strike_R","Strike_R","Defend_R","Defend_R","Defend_R","Defend_R"]},{"damage_healed":0.0,"max_hp_gain":0.0,"max_hp_loss":0.0,"gold_gain":0.0,"event_name":"Vampires","player_choice":"Ignored","floor":27.0,"gold_loss":0.0,"damage_taken":0.0},{"damage_healed":0,"gold_gain":0,"player_choice":"Copied","damage_taken":0,"max_hp_gain":0,"max_hp_loss":0,"event_name":"Duplicator","floor":38,"gold_loss":0,"cards_obtained":["Perfected Strike"]},{"damage_healed":0,"gold_gain":0,"player_choice":"Fight","damage_taken":0,"max_hp_gain":0,"max_hp_loss":0,"event_name":"Mysterious Sphere","floor":42,"gold_loss":0}],"is_beta":false,"boss_relics":[{"not_picked":["Empty Cage","Eternal Feather"],"picked":"Cursed Key"},{"not_picked":["Philosopher\u0027s Stone","Runic Cube"],"picked":"Orrery"}],"items_purged_floors":[37],"is_endless":false,"potions_floor_spawned":[8,14,22,29],"killed_by":"Writhing Mass","ascension_level":20}