{"gold_per_floor":[113,131,147,147,158,191,201,236,260,277,277,277,277,300,312,398,410,439,501,438,453,60,60,110,142,165,176,176,176,176,207,207,283,283,303,322,338,41,56,56,68,68,68,93,93,93,3,14,14,14],"floor_reached":51,"playtime":4848,"items_purged":["Strike_B","Defend_B","Strike_B"],"score":1373,"play_id":"66c4dc5b-6f4d-462f-88de-a1bc45da6704","local_time":"20190924085416","is_ascension_mode":true,"campfire_choices":[{"floor":11.0,"key":"REST"},{"floor":15.0,"key":"REST"},{"floor":23.0,"key":"REST"},{"floor":30.0,"key":"REST"},{"floor":32.0,"key":"REST"},{"floor":40.0,"key":"REST"},{"floor":42.0,"key":"REST"},{"floor":46.0,"key":"REST"},{"floor":49.0,"key":"REST"}],"neow_cost":"NONE","seed_source_timestamp":0,"circlet_count":0,"master_deck":["AscendersBane","Defend_B","Defend_B","Zap+1","Dualcast","Reinforced Body","FTL","White Noise+1","Sunder+1","Melter","Doom and Gloom+1","Compile Driver+1","Undo","Reinforced Body+1","Lockon","Loop+1","FTL+1","Biased Cognition","Conserve Battery+1","Undo+1","FTL","Chaos+1","Skim+1","Madness+1","Chaos+1","Streamline+1","Secret Technique+1"],"special_seed":0,"relics":["Fusion Hammer","Vajra","Dodecahedron","Lantern","MawBank","Astrolabe","Membership Card","Anchor","Oddly Smooth Stone","Potion Belt","Pen Nib","Toxic Egg 2","Bag of Preparation","Sozu","Pear","Symbiotic Virus","War Paint"],"potions_floor_usage":[],"damage_taken":[{"damage":1.0,"enemies":"Cultist","floor":1.0,"turns":3.0},{"damage":1.0,"enemies":"2 Louse","floor":2.0,"turns":3.0},{"damage":1.0,"enemies":"Jaw Worm","floor":3.0,"turns":5.0},{"damage":16.0,"enemies":"Exordium Thugs","floor":5.0,"turns":5.0},{"damage":25.0,"enemies":"Gremlin Nob","floor":6.0,"turns":5.0},{"damage":6.0,"enemies":"Exordium Wildlife","floor":7.0,"turns":4.0},{"damage":15.0,"enemies":"3 Sentries","floor":8.0,"turns":7.0},{"damage":14.0,"enemies":"Red Slaver","floor":10.0,"turns":2.0},{"damage":0.0,"enemies":"Slime Boss","floor":16.0,"turns":6.0},{"damage":1.0,"enemies":"2 Thieves","floor":18.0,"turns":4.0},{"damage":3.0,"enemies":"Shell Parasite","floor":21.0,"turns":4.0},{"damage":0.0,"enemies":"Book of Stabbing","floor":25.0,"turns":6.0},{"damage":18.0,"enemies":"Snake Plant","floor":27.0,"turns":5.0},{"damage":0.0,"enemies":"Gremlin Leader","floor":31.0,"turns":6.0},{"damage":21.0,"enemies":"Champ","floor":33.0,"turns":6.0},{"damage":6.0,"enemies":"3 Shapes","floor":35.0,"turns":4.0},{"damage":22.0,"enemies":"3 Darklings","floor":36.0,"turns":3.0},{"damage":9.0,"enemies":"Transient","floor":37.0,"turns":5.0},{"damage":0.0,"enemies":"Sphere and 2 Shapes","floor":39.0,"turns":4.0},{"damage":13.0,"enemies":"Maw","floor":41.0,"turns":7.0},{"damage":0.0,"enemies":"3 Darklings","floor":48.0,"turns":3.0},{"damage":27,"enemies":"Awakened One","floor":50,"turns":8}],"seed_played":"2808546696382734751","potions_obtained":[{"floor":5.0,"key":"Regen Potion"},{"floor":6.0,"key":"Fruit Juice"},{"floor":7.0,"key":"Block Potion"},{"floor":8.0,"key":"EssenceOfSteel"},{"floor":10.0,"key":"Fire Potion"},{"floor":21.0,"key":"EssenceOfSteel"},{"floor":29.0,"key":"SneckoOil"},{"floor":29.0,"key":"Fruit Juice"},{"floor":33.0,"key":"FearPotion"}],"is_trial":false,"path_per_floor":["M","M","M","?","M","E","M","E","T","M","R","?","?","T","R","B",null,"M","?","$","M","$","R","?","E","T","M","T","?","R","E","R","B",null,"M","M","M","$","M","R","M","R","T","T","?","R","$","M","R","B",null],"character_chosen":"DEFECT","items_purchased":["Membership Card","Anchor","Oddly Smooth Stone","Chaos+1","Skim+1","Madness+1","Pear","Secret Technique+1"],"campfire_rested":9,"item_purchase_floors":[22,22,22,38,38,38,38,47],"current_hp_per_floor":[63,62,61,61,45,39,33,18,18,4,26,51,51,51,73,73,75,74,67,67,64,64,76,76,76,76,58,58,63,81,81,81,60,76,70,48,39,49,49,76,63,90,90,90,90,91,91,91,91,64],"gold":14,"neow_bonus":"BOSS_RELIC","is_prod":false,"is_daily":false,"chose_seed":false,"campfire_upgraded":0,"win_rate":0,"timestamp":1569329656,"path_taken":["M","M","M","?","M","E","M","E","T","M","R","?","?","?","R","BOSS","M","?","?","?","$","R","?","E","T","?","?","?","R","E","R","BOSS","M","M","M","$","M","R","M","R","T","?","?","R","$","M","R","BOSS"],"build_version":"2019-07-17","purchased_purges":3,"victory":true,"max_hp_per_floor":[71,71,71,71,71,76,76,76,76,76,76,76,76,76,76,76,76,76,76,76,76,76,76,76,76,76,76,76,81,81,81,81,81,81,81,81,81,91,91,91,91,91,91,91,91,91,91,91,91,91],"card_choices":[{"not_picked":["Redo","Stack","Rebound"],"picked":"SKIP","floor":1.0},{"not_picked":["Darkness","Static Discharge"],"picked":"Reinforced Body","floor":2.0},{"not_picked":["Ball Lightning","Coolheaded"],"picked":"FTL","floor":3.0},{"not_picked":["Undo","Leap"],"picked":"White Noise","floor":5.0},{"not_picked":["Consume","Ball Lightning","Beam Cell"],"picked":"SKIP","floor":6.0},{"not_picked":["Ball Lightning","Hologram"],"picked":"Sunder","floor":7.0},{"not_picked":["Fusion","Storm","Darkness"],"picked":"SKIP","floor":8.0},{"not_picked":["Sweeping Beam","Turbo"],"picked":"Melter","floor":10.0},{"not_picked":["Gash","Auto Shields"],"picked":"Undo","floor":18.0},{"not_picked":["Leap","Conserve Battery"],"picked":"Reinforced Body+1","floor":21.0},{"not_picked":["Double Energy","Consume"],"picked":"Lockon","floor":25.0},{"not_picked":["Skim","Darkness"],"picked":"Loop+1","floor":27.0},{"not_picked":["Compile Driver","Rebound"],"picked":"FTL+1","floor":31.0},{"not_picked":["All For One","Meteor Strike"],"picked":"Biased Cognition","floor":33.0},{"not_picked":["Steam Power+1","Aggregate+1"],"picked":"Conserve Battery+1","floor":35.0},{"not_picked":["Fusion+1","Steam Power+1"],"picked":"Undo+1","floor":36.0},{"not_picked":["Hello World","Barrage"],"picked":"FTL","floor":37.0},{"not_picked":["Turbo+1","Barrage"],"picked":"Chaos+1","floor":39.0},{"not_picked":["Coolheaded+1","Turbo+1"],"picked":"Streamline+1","floor":41.0},{"not_picked":["Darkness+1","Tempest+1","Turbo+1"],"picked":"SKIP","floor":48.0}],"player_experience":383039,"relics_obtained":[{"floor":6.0,"key":"Vajra"},{"floor":8.0,"key":"Dodecahedron"},{"floor":9.0,"key":"Lantern"},{"floor":14.0,"key":"MawBank"},{"floor":25.0,"key":"Potion Belt"},{"floor":26.0,"key":"Pen Nib"},{"floor":28.0,"key":"Toxic Egg 2"},{"floor":31.0,"key":"Bag of Preparation"},{"floor":43.0,"key":"Symbiotic Virus"},{"floor":44.0,"key":"War Paint"}],"event_choices":[{"damage_healed":0.0,"max_hp_gain":0.0,"max_hp_loss":0.0,"gold_gain":0.0,"event_name":"Liars Game","player_choice":"Ignored","floor":4.0,"gold_loss":0.0,"damage_taken":0.0},{"damage_healed":25.0,"max_hp_gain":0.0,"max_hp_loss":0.0,"gold_gain":0.0,"event_name":"Big Fish","player_choice":"Banana","floor":12.0,"gold_loss":0.0,"damage_taken":0.0},{"damage_healed":0.0,"max_hp_gain":0.0,"max_hp_loss":0.0,"gold_gain":0.0,"event_name":"Living Wall","player_choice":"Grow","floor":13.0,"gold_loss":0.0,"damage_taken":0.0,"cards_upgraded":["Sunder"]},{"damage_healed":0.0,"max_hp_gain":0.0,"max_hp_loss":0.0,"gold_gain":50.0,"event_name":"FaceTrader","player_choice":"Touch","floor":19.0,"gold_loss":0.0,"damage_taken":7.0},{"damage_healed":0.0,"max_hp_gain":0.0,"max_hp_loss":0.0,"gold_gain":100.0,"event_name":"The Joust","player_choice":"Bet on Murderer","floor":24.0,"gold_loss":50.0,"damage_taken":0.0},{"damage_healed":0.0,"max_hp_gain":0.0,"max_hp_loss":0.0,"gold_gain":0.0,"event_name":"Lab","player_choice":"Got Potions","floor":29.0,"gold_loss":0.0,"damage_taken":0.0},{"cards_removed":["Creative AI"],"damage_healed":0.0,"max_hp_gain":0.0,"max_hp_loss":0.0,"gold_gain":0.0,"event_name":"Purifier","player_choice":"Purged","floor":45.0,"gold_loss":0.0,"damage_taken":0.0}],"is_beta":false,"boss_relics":[{"not_picked":["Lizard Tail","Tiny House"],"picked":"Astrolabe"},{"not_picked":["Eternal Feather","Runic Dome"],"picked":"Sozu"}],"items_purged_floors":[20,22,38],"is_endless":false,"potions_floor_spawned":[5,6,7,8,10,21,33,39,48],"ascension_level":15}