{"gold_per_floor":[115,190,201,212,182,182,201,219,219,244,244,244,244,274,274,274],"floor_reached":16,"playtime":517,"items_purged":[],"score":220,"play_id":"7b7fa9bd-d9dd-4f81-9d7e-9db5f89d9196","local_time":"20190923222442","is_ascension_mode":true,"campfire_choices":[{"data":"Wild Strike","floor":6,"key":"SMITH"},{"data":"Uppercut","floor":11,"key":"SMITH"},{"data":"Wild Strike","floor":13,"key":"SMITH"},{"data":"Flame Barrier","floor":15,"key":"SMITH"}],"neow_cost":"NONE","seed_source_timestamp":598160334941500,"circlet_count":0,"master_deck":["AscendersBane","Strike_R","Strike_R","Strike_R","Strike_R","Strike_R","Defend_R","Defend_R","Defend_R","Defend_R","Bash","Dark Embrace","Wild Strike+1","True Grit+1","Pummel","Power Through","Uppercut+1","Wild Strike+1","Flame Barrier+1"],"relics":["Burning Blood","Mango","Meat on the Bone","Unceasing Top"],"potions_floor_usage":[10,14,14,16],"damage_taken":[{"damage":18,"enemies":"Cultist","floor":1,"turns":5},{"damage":14,"enemies":"Small Slimes","floor":3,"turns":4},{"damage":5,"enemies":"2 Louse","floor":4,"turns":3},{"damage":16,"enemies":"Exordium Thugs","floor":7,"turns":4},{"damage":4,"enemies":"Blue Slaver","floor":8,"turns":4},{"damage":26,"enemies":"Gremlin Nob","floor":10,"turns":4},{"damage":21,"enemies":"3 Sentries","floor":14,"turns":10},{"damage":38,"enemies":"The Guardian","floor":16,"turns":15}],"seed_played":"-6959711744299592217","potions_obtained":[{"floor":5,"key":"FearPotion"},{"floor":5,"key":"FearPotion"},{"floor":10,"key":"Regen Potion"},{"floor":14,"key":"Strength Potion"}],"is_trial":false,"path_per_floor":["M","?","M","M","?","R","M","M","T","E","R","?","R","E","R","B"],"character_chosen":"IRONCLAD","items_purchased":[],"campfire_rested":0,"item_purchase_floors":[],"current_hp_per_floor":[56,45,37,38,38,38,28,30,44,24,24,24,24,36,36,0],"gold":274,"neow_bonus":"ONE_RANDOM_RARE_CARD","is_prod":false,"is_daily":false,"chose_seed":false,"campfire_upgraded":4,"win_rate":0,"timestamp":1569302682,"path_taken":["M","?","M","M","?","R","?","M","T","E","R","?","R","E","R","BOSS"],"build_version":"2019-09-23","purchased_purges":0,"victory":false,"max_hp_per_floor":[75,75,75,75,75,75,75,75,89,89,89,89,89,89,89,89],"card_choices":[{"not_picked":["Heavy Blade","Sword Boomerang"],"picked":"Wild Strike","floor":1},{"not_picked":["Havoc","Sever Soul"],"picked":"True Grit","floor":3},{"not_picked":["Thunderclap","Clash"],"picked":"Pummel","floor":4},{"not_picked":["Dual Wield","Thunderclap"],"picked":"Power Through","floor":7},{"not_picked":["Double Tap","Shockwave"],"picked":"Uppercut","floor":8},{"not_picked":["Headbutt","Armaments"],"picked":"Wild Strike","floor":10},{"not_picked":["Flex","Entrench"],"picked":"Flame Barrier","floor":14}],"player_experience":996973,"relics_obtained":[{"floor":9,"key":"Mango"},{"floor":10,"key":"Meat on the Bone"},{"floor":14,"key":"Unceasing Top"}],"event_choices":[{"damage_healed":0,"gold_gain":75,"player_choice":"Gather Gold","damage_taken":11,"max_hp_gain":0,"max_hp_loss":0,"event_name":"World of Goop","floor":2,"gold_loss":0},{"damage_healed":0,"gold_gain":0,"player_choice":"Bought 2 Potions","damage_taken":0,"max_hp_gain":0,"max_hp_loss":0,"event_name":"The Woman in Blue","floor":5,"gold_loss":0},{"damage_healed":0,"gold_gain":0,"player_choice":"Grow","damage_taken":0,"max_hp_gain":0,"max_hp_loss":0,"event_name":"Living Wall","floor":12,"gold_loss":0,"cards_upgraded":["True Grit"]}],"is_beta":true,"boss_relics":[],"items_purged_floors":[],"is_endless":false,"potions_floor_spawned":[10,14],"killed_by":"The Guardian","ascension_level":20}