{"path_per_floor":["M","?","?","$","M","R","M","$","T","M","E","$","M","M","R","B",null,"M","?","?","?","M","R","E","R","T","R","M","T","R","T","R"],"character_chosen":"THE_SILENT","items_purchased":["War Paint","Quick Slash","Bandage Up","Flying Knee","Swift Strike"],"gold_per_floor":[144,219,219,46,91,91,136,5,5,50,140,36,81,126,126,426,426,471,471,471,471,516,516,606,606,631,631,676,676,676,676,676,676],"floor_reached":33,"campfire_rested":7,"playtime":2719,"item_purchase_floors":[4,4,8,8,12],"current_hp_per_floor":[68,57,50,50,44,63,62,61,60,56,37,37,41,40,54,50,52,42,42,42,33,28,31,21,29,28,27,16,16,23,23,22,0],"items_purged":[],"gold":676,"score":338,"play_id":"ab362552-fb92-4ed9-8c5e-ad2cbd324126","local_time":"20180605002034","daily_mods":["Shiny","Midas","Terminal"],"is_prod":false,"is_daily":true,"chose_seed":false,"is_ascension_mode":false,"campfire_upgraded":0,"win_rate":0,"timestamp":1528172434,"campfire_choices":[{"floor":6,"key":"REST"},{"floor":15,"key":"REST"},{"floor":23,"key":"REST"},{"floor":25,"key":"REST"},{"floor":27,"key":"REST"},{"floor":30,"key":"REST"},{"floor":32,"key":"REST"}],"path_taken":["M","?","?","$","M","R","?","?","T","M","E","$","M","M","R","BOSS","M","?","?","?","M","R","E","R","T","R","?","?","R","?","R","BOSS"],"build_version":"2018-05-31","seed_source_timestamp":0,"purchased_purges":0,"victory":false,"master_deck":["Venomology+1","Corpse Explosion","Phantasmal Killer","Die Die Die","Adrenaline+1","Envenom","Doppelganger","Burst","Wraith Form v2","Tools of the Trade","Night Terror","Unload","After Image","Tactician","Bullet Time","Storm of Steel","Glass Knife","A Thousand Cuts","Grand Finale","Crippling Poison","Quick Slash","Backflip","Deflect","Bandage Up","Flying Knee","Dagger Spray","Accuracy","Swift Strike","Dodge and Roll","Dagger Spray","Glass Knife","All Out Attack+1","Writhe","Bite+1","Bite+1","Bite+1","Bite+1","Bite+1","Dagger Throw+1","Masterful Stab+1","Caltrops+1"],"max_hp_per_floor":[68,67,66,65,64,63,62,61,60,59,58,57,56,55,54,53,52,51,50,49,33,32,31,30,29,28,27,26,25,24,23,22,22],"relics":["Ring of the Snake","Blue Candle","War Paint","Smiling Mask","Ancient Tea Set","Lizard Tail","Bird Faced Urn","Molten Egg 2","Frozen Egg 2","Bag of Preparation","Toolbox","Kunai"],"card_choices":[{"not_picked":["Prepared","Deadly Poison"],"picked":"Crippling Poison","floor":1},{"not_picked":["Flechettes","Accuracy"],"picked":"Backflip","floor":5},{"not_picked":["Underhanded Strike","PiercingWail"],"picked":"Deflect","floor":7},{"not_picked":["Bouncing Flask","Underhanded Strike"],"picked":"Dagger Spray","floor":10},{"not_picked":["Wraith Form v2","Deadly Poison"],"picked":"Accuracy","floor":11},{"not_picked":["Poisoned Stab","Backstab"],"picked":"Dodge and Roll","floor":13},{"not_picked":["Sucker Punch","Underhanded Strike"],"picked":"Dagger Spray","floor":14},{"not_picked":["Grand Finale","Night Terror"],"picked":"Glass Knife","floor":16},{"not_picked":["Sucker Punch","Dagger Spray"],"picked":"All Out Attack+1","floor":18},{"not_picked":["Deadly Poison+1","PiercingWail+1"],"picked":"Dagger Throw+1","floor":22},{"not_picked":["Concentrate","Dagger Spray+1"],"picked":"Masterful Stab+1","floor":24},{"not_picked":["Sucker Punch+1","Cloak And Dagger"],"picked":"Caltrops+1","floor":28}],"player_experience":160314,"potions_floor_usage":[11,14,16,16,16,16,16,16,22,22,24,24,24,28,33],"damage_taken":[{"damage":0,"enemies":"Cultist","floor":1,"turns":4},{"damage":6,"enemies":"Jaw Worm","floor":5,"turns":2},{"damage":0,"enemies":"2 Louse","floor":7,"turns":1},{"damage":4,"enemies":"2 Fungi Beasts","floor":10,"turns":2},{"damage":22,"enemies":"Lagavulin","floor":11,"turns":7},{"damage":0,"enemies":"Large Slime","floor":13,"turns":5},{"damage":5,"enemies":"Exordium Thugs","floor":14,"turns":5},{"damage":4,"enemies":"The Guardian","floor":16,"turns":8},{"damage":14,"enemies":"Chosen","floor":18,"turns":7},{"damage":10,"enemies":"Spheric Guardian","floor":22,"turns":5},{"damage":34,"enemies":"Gremlin Leader","floor":24,"turns":5},{"damage":14,"enemies":"Chosen and Byrds","floor":28,"turns":4},{"damage":35,"enemies":"Collector","floor":33,"turns":6}],"relics_obtained":[{"floor":9,"key":"Smiling Mask"},{"floor":11,"key":"Ancient Tea Set"},{"floor":24,"key":"Frozen Egg 2"},{"floor":26,"key":"Bag of Preparation"},{"floor":29,"key":"Toolbox"},{"floor":31,"key":"Kunai"}],"event_choices":[{"event_name":"World of Goop","player_choice":"Gather Gold","floor":2,"damage_taken":0},{"event_name":"Scrap Ooze","player_choice":"success","floor":3,"damage_taken":7},{"event_name":"The Mausoleum","player_choice":"Yes","floor":19,"damage_taken":0},{"event_name":"Accursed Blacksmith","player_choice":"Rummage","floor":20,"damage_taken":0},{"event_name":"Vampires","player_choice":"Became a vampire","floor":21,"damage_taken":0}],"boss_relics":[{"not_picked":["Sozu","Orrery"],"picked":"Lizard Tail"}],"items_purged_floors":[],"potions_floor_spawned":[1,7,13,22,24,28],"seed_played":"7492258390209351747","killed_by":"Collector","ascension_level":0,"potions_obtained":[{"floor":1,"key":"GamblersBrew"},{"floor":7,"key":"SpeedPotion"},{"floor":22,"key":"Strength Potion"},{"floor":24,"key":"AttackPotion"},{"floor":28,"key":"PowerPotion"}],"is_trial":false}