{"gold_per_floor":[116,127,2,19,19,19,50,50,103,103,3,19,39,72,72,151,151,167,187,187,212,162,162,189,189],"floor_reached":25,"playtime":760,"items_purged":["Pain","Pain"],"score":458,"play_id":"912d9b7f-83ad-4dca-a37a-ecddf7fd2763","local_time":"20190917083446","is_ascension_mode":true,"campfire_choices":[{"data":"Bludgeon","floor":6.0,"key":"SMITH"},{"data":"Bash","floor":8.0,"key":"SMITH"},{"data":"Seeing Red","floor":10.0,"key":"SMITH"},{"floor":15.0,"key":"REST"},{"floor":23,"key":"REST"}],"neow_cost":"CURSE","seed_source_timestamp":29685521847100,"circlet_count":0,"master_deck":["AscendersBane","Strike_R","Strike_R","Strike_R","Strike_R","Strike_R","Defend_R","Defend_R","Defend_R","Defend_R","Bash+1","Bludgeon+1","Seeing Red+1","Headbutt","Shrug It Off","Ghostly Armor","Seeing Red","Feel No Pain","Evolve","Juggernaut","Body Slam","Rampage","Entrench+1"],"special_seed":0,"relics":["Burning Blood","WarpedTongs","Pen Nib","Art of War","Dream Catcher","Snecko Eye","Red Mask","Thread and Needle"],"potions_floor_usage":[21,24,25],"damage_taken":[{"damage":6.0,"enemies":"Cultist","floor":1.0,"turns":3.0},{"damage":2.0,"enemies":"2 Louse","floor":2.0,"turns":3.0},{"damage":0.0,"enemies":"Small Slimes","floor":4.0,"turns":2.0},{"damage":9.0,"enemies":"Gremlin Nob","floor":7.0,"turns":3.0},{"damage":15.0,"enemies":"3 Louse","floor":12.0,"turns":4.0},{"damage":15.0,"enemies":"Gremlin Gang","floor":13.0,"turns":4.0},{"damage":16.0,"enemies":"Lagavulin","floor":14.0,"turns":4.0},{"damage":9,"enemies":"Slime Boss","floor":16,"turns":6},{"damage":23,"enemies":"Shell Parasite","floor":18,"turns":4},{"damage":17,"enemies":"Spheric Guardian","floor":19,"turns":4},{"damage":9,"enemies":"Masked Bandits","floor":21,"turns":4},{"damage":51,"enemies":"Gremlin Leader","floor":24,"turns":8},{"damage":29,"enemies":"Snecko","floor":25,"turns":3}],"seed_played":"182427072285465674","potions_obtained":[{"floor":1.0,"key":"SpeedPotion"},{"floor":2.0,"key":"Weak Potion"},{"floor":19,"key":"Fire Potion"},{"floor":24,"key":"SteroidPotion"}],"is_trial":false,"path_per_floor":["M","M","$","M","?","R","E","R","T","R","$","M","M","E","R","B",null,"M","M","?","?","?","R","E","M"],"character_chosen":"IRONCLAD","items_purchased":["Headbutt"],"campfire_rested":2,"item_purchase_floors":[3],"current_hp_per_floor":[68,72,72,75,75,75,72,72,72,72,72,63,54,44,66,63,72,55,44,44,41,41,63,18,0],"gold":189,"neow_bonus":"THREE_RARE_CARDS","is_prod":false,"is_daily":false,"chose_seed":false,"campfire_upgraded":3,"win_rate":0,"timestamp":1568734486,"path_taken":["M","?","$","M","?","R","E","R","T","R","$","M","?","E","R","BOSS","M","?","?","?","?","R","E","M"],"build_version":"2019-07-17","purchased_purges":2,"victory":false,"max_hp_per_floor":[75,75,75,75,75,75,75,75,75,75,75,75,75,75,75,75,75,75,75,75,75,75,75,75,75],"card_choices":[{"not_picked":["Exhume","Juggernaut"],"picked":"Bludgeon","floor":0.0},{"not_picked":["Rage","Thunderclap"],"picked":"Seeing Red","floor":1.0},{"not_picked":["Body Slam","Thunderclap","Iron Wave"],"picked":"SKIP","floor":2.0},{"not_picked":["Hemokinesis","Heavy Blade"],"picked":"Shrug It Off","floor":4.0},{"not_picked":["Combust","Iron Wave"],"picked":"Ghostly Armor","floor":7.0},{"not_picked":["True Grit","Iron Wave"],"picked":"Seeing Red","floor":12.0},{"not_picked":["Headbutt","Berserk"],"picked":"Feel No Pain","floor":13.0},{"not_picked":["Cleave","Dropkick"],"picked":"Evolve","floor":14.0},{"not_picked":["Limit Break","Double Tap"],"picked":"Juggernaut","floor":16},{"not_picked":["Perfected Strike","Armaments"],"picked":"Body Slam","floor":18},{"not_picked":["Clash","Cleave","Inflame"],"picked":"SKIP","floor":19},{"not_picked":["Havoc","Flex"],"picked":"Rampage","floor":21},{"not_picked":["Clothesline","Spot Weakness"],"picked":"Entrench+1","floor":23},{"not_picked":["Clash","Dual Wield","Havoc"],"picked":"SKIP","floor":24}],"player_experience":805892,"relics_obtained":[{"floor":7.0,"key":"Pen Nib"},{"floor":9.0,"key":"Art of War"},{"floor":14.0,"key":"Dream Catcher"},{"floor":21,"key":"Red Mask"},{"floor":24,"key":"Thread and Needle"}],"event_choices":[{"damage_healed":0.0,"max_hp_gain":0.0,"max_hp_loss":0.0,"gold_gain":0.0,"event_name":"Accursed Blacksmith","player_choice":"Rummage","floor":5.0,"gold_loss":0.0,"damage_taken":0.0,"relics_obtained":["WarpedTongs"],"cards_obtained":["Pain"]},{"damage_healed":0,"gold_gain":0,"player_choice":"Ignored","damage_taken":0,"max_hp_gain":0,"max_hp_loss":0,"event_name":"Ghosts","floor":20,"gold_loss":0},{"damage_healed":0,"gold_gain":0,"player_choice":"Fought Bandits","damage_taken":0,"max_hp_gain":0,"max_hp_loss":0,"event_name":"Masked Bandits","floor":21,"gold_loss":0},{"damage_healed":0,"gold_gain":0,"player_choice":"Bet on Murderer","damage_taken":0,"max_hp_gain":0,"max_hp_loss":0,"event_name":"The Joust","floor":22,"gold_loss":50}],"is_beta":false,"boss_relics":[{"not_picked":["Cursed Key","Astrolabe"],"picked":"Snecko Eye"}],"items_purged_floors":[3,11],"is_endless":false,"potions_floor_spawned":[1,2,12,16,19,24],"killed_by":"Snecko","ascension_level":20}