{"gold_per_floor":[211,211,231,231,231,231,8,44,67,83,83,106,131,1,1,97,97,118,136,159,159,5,5,46,46,125,150,174,174,212,233,233,327,327,348,363,363,198,213,213,281,281,304,304,159,178,198,231,231,231,231],"floor_reached":52,"playtime":2348,"items_purged":["Strike_R","Anger","Strike_R"],"score":2019,"play_id":"68e3fa86-fe2c-4ad5-8f3a-eb720413791d","local_time":"20190922142222","is_ascension_mode":true,"campfire_choices":[{"data":"Bash","floor":6,"key":"SMITH"},{"data":"Discovery","floor":15,"key":"SMITH"},{"data":"Fiend Fire","floor":23,"key":"SMITH"},{"data":"Evolve","floor":32,"key":"SMITH"},{"data":"Impervious","floor":40,"key":"SMITH"},{"data":"Power Through","floor":42,"key":"SMITH"},{"floor":49,"key":"REST"}],"neow_cost":"NONE","seed_source_timestamp":480978001377300,"circlet_count":0,"master_deck":["AscendersBane","Strike_R","Strike_R","Defend_R+1","Defend_R","Defend_R","Defend_R","Bash+1","Shrug It Off","Evolve+1","Discovery+1","Shockwave+1","Fiend Fire+1","Impervious+1","Disarm","Sentinel","Corruption","Power Through+1","Clothesline+1","Impervious","Second Wind","Master of Strategy","Barricade","Entrench","Madness","Entrench","Body Slam+1","Shrug It Off"],"relics":["Burning Blood","Golden Idol","Orichalcum","Ancient Tea Set","Snecko Eye","Bag of Preparation","InkBottle","Molten Egg 2","Vajra","Mark of Pain","Orrery","Ice Cream","Smiling Mask","Turnip"],"potions_floor_usage":[8,8,20,24,24],"damage_taken":[{"damage":7,"enemies":"Cultist","floor":1,"turns":4},{"damage":17,"enemies":"Small Slimes","floor":3,"turns":4},{"damage":11,"enemies":"Gremlin Nob","floor":8,"turns":3},{"damage":0,"enemies":"Jaw Worm","floor":10,"turns":3},{"damage":2,"enemies":"Red Slaver","floor":12,"turns":4},{"damage":3,"enemies":"Looter","floor":13,"turns":2},{"damage":11,"enemies":"Hexaghost","floor":16,"turns":10},{"damage":12,"enemies":"Spheric Guardian","floor":18,"turns":5},{"damage":10,"enemies":"2 Thieves","floor":19,"turns":4},{"damage":8,"enemies":"Cultist and Chosen","floor":20,"turns":5},{"damage":34,"enemies":"Book of Stabbing","floor":24,"turns":10},{"damage":2,"enemies":"Sentry and Sphere","floor":27,"turns":5},{"damage":7,"enemies":"Centurion and Healer","floor":28,"turns":4},{"damage":5,"enemies":"Gremlin Leader","floor":30,"turns":3},{"damage":0,"enemies":"Cultist and Chosen","floor":31,"turns":4},{"damage":44,"enemies":"Automaton","floor":33,"turns":9},{"damage":0,"enemies":"3 Shapes","floor":35,"turns":4},{"damage":21,"enemies":"3 Darklings","floor":36,"turns":6},{"damage":0,"enemies":"Sphere and 2 Shapes","floor":39,"turns":9},{"damage":0,"enemies":"2 Orb Walkers","floor":41,"turns":4},{"damage":17,"enemies":"Spire Growth","floor":46,"turns":5},{"damage":0,"enemies":"3 Darklings","floor":47,"turns":4},{"damage":0,"enemies":"Nemesis","floor":48,"turns":5},{"damage":6,"enemies":"Awakened One","floor":50,"turns":8},{"damage":16,"enemies":"Donu and Deca","floor":51,"turns":8}],"seed_played":"-1661412975426134699","potions_obtained":[{"floor":1,"key":"Fire Potion"},{"floor":3,"key":"FearPotion"},{"floor":19,"key":"Strength Potion"},{"floor":20,"key":"Fruit Juice"},{"floor":27,"key":"Fire Potion"},{"floor":28,"key":"Ancient Potion"},{"floor":39,"key":"Fire Potion"}],"is_trial":false,"path_per_floor":["M","?","M","?","?","R","$","E","T","M","?","M","M","$","R","B",null,"M","M","M","?","$","R","E","?","T","M","M","?","E","M","R","B",null,"M","M","?","$","M","R","?","R","T","?","$","M","M","E","R","B","B",null],"character_chosen":"IRONCLAD","items_purchased":["Evolve","Anger","Discovery","BloodPotion","BloodPotion","Orrery","Madness"],"campfire_rested":1,"item_purchase_floors":[7,7,7,14,22,38,45],"current_hp_per_floor":[67,41,30,23,48,48,48,43,43,49,26,30,33,33,33,28,63,57,53,56,56,56,56,60,60,60,64,63,63,64,70,70,32,68,74,59,49,49,55,55,61,61,61,61,61,50,56,62,80,80,70],"gold":231,"neow_bonus":"HUNDRED_GOLD","is_prod":false,"is_daily":false,"chose_seed":false,"campfire_upgraded":6,"win_rate":0,"timestamp":1569187342,"path_taken":["M","?","M","?","?","R","$","E","T","M","?","?","M","?","R","BOSS","M","M","M","?","$","R","E","?","T","M","?","?","E","M","R","BOSS","M","M","?","$","M","R","?","R","T","?","$","M","M","E","R","BOSS","BOSS"],"build_version":"2019-09-20","purchased_purges":3,"victory":true,"max_hp_per_floor":[75,75,75,75,75,75,75,75,75,75,75,75,75,75,75,75,75,75,75,80,80,80,80,80,80,80,80,80,80,80,80,80,80,80,80,80,80,80,80,80,80,80,80,80,80,80,80,80,80,80,80],"card_choices":[{"not_picked":["Whirlwind","Warcry","Intimidate"],"picked":"SKIP","floor":1},{"not_picked":["Havoc","Heavy Blade"],"picked":"Shrug It Off","floor":3},{"not_picked":["Pommel Strike","Body Slam"],"picked":"Shockwave","floor":8},{"not_picked":["Wild Strike","Shockwave"],"picked":"Fiend Fire","floor":10},{"not_picked":["Sentinel","Clothesline","Infernal Blade"],"picked":"SKIP","floor":12},{"not_picked":["Heavy Blade","Searing Blow","Pommel Strike"],"picked":"SKIP","floor":13},{"not_picked":["Dark Embrace","Reaper"],"picked":"Impervious","floor":16},{"not_picked":["Infernal Blade","Armaments","Perfected Strike+1"],"picked":"SKIP","floor":18},{"not_picked":["Headbutt","Havoc"],"picked":"Disarm","floor":19},{"not_picked":["Havoc","Evolve+1"],"picked":"Disarm","floor":20},{"not_picked":["Wild Strike+1","Fire Breathing"],"picked":"Sentinel","floor":24},{"not_picked":["Sword Boomerang+1","Pommel Strike+1"],"picked":"Corruption","floor":27},{"not_picked":["Shockwave","True Grit"],"picked":"Power Through","floor":28},{"not_picked":["Rupture","Bloodletting"],"picked":"Clothesline+1","floor":30},{"not_picked":["Limit Break","Ghostly Armor","Clash+1"],"picked":"SKIP","floor":31},{"not_picked":["Feed+1","Demon Form"],"picked":"Impervious","floor":33},{"not_picked":["Warcry","Clash+1"],"picked":"Second Wind","floor":35},{"not_picked":["Cleave+1","Anger+1","Warcry"],"picked":"SKIP","floor":36},{"not_picked":["Mind Blast+1","Thinking Ahead"],"picked":"Master of Strategy","floor":37},{"not_picked":["Flex","Twin Strike+1"],"picked":"Barricade","floor":38},{"not_picked":["Burning Pact+1","Iron Wave+1"],"picked":"Entrench","floor":39},{"not_picked":["Shrug It Off","Flex+1"],"picked":"Entrench","floor":46},{"not_picked":["Feed+1","Power Through"],"picked":"Body Slam+1","floor":47},{"not_picked":["Evolve","Pummel+1"],"picked":"Shrug It Off","floor":48}],"player_experience":966271,"relics_obtained":[{"floor":8,"key":"Orichalcum"},{"floor":9,"key":"Ancient Tea Set"},{"floor":24,"key":"Bag of Preparation"},{"floor":26,"key":"Molten Egg 2"},{"floor":30,"key":"Vajra"},{"floor":41,"key":"Ice Cream"},{"floor":43,"key":"Smiling Mask"},{"floor":48,"key":"Turnip"}],"event_choices":[{"damage_healed":0,"gold_gain":0,"player_choice":"Take Damage","damage_taken":26,"relics_obtained":["Golden Idol"],"max_hp_gain":0,"max_hp_loss":0,"event_name":"Golden Idol","floor":2,"gold_loss":0},{"cards_removed":["Strike_R"],"damage_healed":0,"gold_gain":0,"player_choice":"Card Removal","damage_taken":7,"max_hp_gain":0,"max_hp_loss":0,"event_name":"Golden Wing","floor":4,"gold_loss":0},{"damage_healed":25,"gold_gain":0,"player_choice":"Banana","damage_taken":0,"max_hp_gain":0,"max_hp_loss":0,"event_name":"Big Fish","floor":5,"gold_loss":0},{"damage_healed":0,"gold_gain":0,"player_choice":"Entered Light","damage_taken":23,"max_hp_gain":0,"max_hp_loss":0,"event_name":"Shining Light","floor":11,"gold_loss":0,"cards_upgraded":["Defend_R","Shockwave"]},{"damage_healed":0,"gold_gain":0,"player_choice":"Ignored","damage_taken":0,"max_hp_gain":0,"max_hp_loss":0,"event_name":"The Mausoleum","floor":21,"gold_loss":0},{"cards_removed":["Disarm"],"damage_healed":0,"gold_gain":0,"player_choice":"Gave Card","damage_taken":0,"relics_obtained":["InkBottle"],"max_hp_gain":0,"max_hp_loss":0,"event_name":"WeMeetAgain","floor":25,"gold_loss":0},{"damage_healed":0,"gold_gain":0,"player_choice":"Ignored","damage_taken":0,"max_hp_gain":0,"max_hp_loss":0,"event_name":"N\u0027loth","floor":29,"gold_loss":0},{"damage_healed":0,"gold_gain":0,"player_choice":"Memory 3","damage_taken":10,"max_hp_gain":0,"max_hp_loss":0,"event_name":"SensoryStone","floor":37,"gold_loss":0},{"damage_healed":0,"gold_gain":0,"player_choice":"Fight","damage_taken":0,"max_hp_gain":0,"max_hp_loss":0,"event_name":"Mysterious Sphere","floor":41,"gold_loss":0},{"damage_healed":0,"gold_gain":0,"player_choice":"Got Potions","damage_taken":0,"max_hp_gain":0,"max_hp_loss":0,"event_name":"Lab","floor":44,"gold_loss":0}],"is_beta":true,"boss_relics":[{"not_picked":["Busted Crown","Runic Dome"],"picked":"Snecko Eye"},{"not_picked":["Sozu","Calling Bell"],"picked":"Mark of Pain"}],"items_purged_floors":[14,22,45],"is_endless":false,"potions_floor_spawned":[1,3,19,20,27,28,31,33,35,36,39],"ascension_level":20}