{"gold_per_floor":[117,132,132,132,27,60,89,124,124,124,138,138,173,173,173,248,248,248,248,44,44,44,44,44,44,44,44,44,44,44,44,44,44,44,44,44,44,44,44,44,44,44,44,44],"floor_reached":44,"playtime":1587,"items_purged":["Regret"],"score":1106,"play_id":"b356306d-bb0f-4c07-84d5-10b8e2a25f0b","local_time":"20190920162253","is_ascension_mode":true,"campfire_choices":[{"data":"Perfected Strike","floor":10.0,"key":"SMITH"},{"data":"Perfected Strike","floor":12.0,"key":"SMITH"},{"data":"Disarm","floor":15.0,"key":"SMITH"},{"data":"Perfected Strike","floor":27.0,"key":"SMITH"},{"floor":32.0,"key":"REST"},{"floor":40.0,"key":"REST"},{"floor":42.0,"key":"REST"}],"neow_cost":"NONE","seed_source_timestamp":315868619973500,"circlet_count":0,"master_deck":["AscendersBane","Strike_R","Strike_R","Strike_R","Strike_R","Strike_R","Defend_R","Defend_R","Defend_R","Bash","Perfected Strike+1","Fire Breathing","Perfected Strike+1","Disarm+1","Power Through","Twin Strike","Wild Strike","Feel No Pain","Juggernaut","Immolate","Perfected Strike+1","Second Wind+1","Metallicize","PanicButton+1","Shrug It Off+1","Pommel Strike","Power Through","Twin Strike","Twin Strike","Pommel Strike","Wild Strike","Perfected Strike+1","Dark Embrace","Perfected Strike","Second Wind+1","Juggernaut"],"special_seed":0,"relics":["Burning Blood","NeowsBlessing","Sundial","Champion Belt","Strawberry","Odd Mushroom","Meat on the Bone","Lantern","Art of War","Ectoplasm","Regal Pillow","Blue Candle","Red Mask","Runic Pyramid","Potion Belt","War Paint"],"potions_floor_usage":[44],"damage_taken":[{"damage":0.0,"enemies":"Cultist","floor":1.0,"turns":1.0},{"damage":0.0,"enemies":"Small Slimes","floor":2.0,"turns":1.0},{"damage":0.0,"enemies":"Gremlin Nob","floor":6.0,"turns":1.0},{"damage":31.0,"enemies":"The Mushroom Lair","floor":7.0,"turns":5.0},{"damage":15.0,"enemies":"3 Sentries","floor":8.0,"turns":6.0},{"damage":4.0,"enemies":"2 Louse","floor":11.0,"turns":2.0},{"damage":19.0,"enemies":"Gremlin Nob","floor":13.0,"turns":4.0},{"damage":12.0,"enemies":"The Guardian","floor":16.0,"turns":11.0},{"damage":30.0,"enemies":"Spheric Guardian","floor":18.0,"turns":4.0},{"damage":12.0,"enemies":"3 Byrds","floor":19.0,"turns":4.0},{"damage":26.0,"enemies":"3 Cultists","floor":21.0,"turns":4.0},{"damage":9.0,"enemies":"Centurion and Healer","floor":22.0,"turns":4.0},{"damage":18.0,"enemies":"Cultist and Chosen","floor":23.0,"turns":5.0},{"damage":0.0,"enemies":"Snecko","floor":24.0,"turns":2.0},{"damage":21.0,"enemies":"Slavers","floor":25.0,"turns":6.0},{"damage":61.0,"enemies":"Masked Bandits","floor":28.0,"turns":5.0},{"damage":17.0,"enemies":"3 Cultists","floor":29.0,"turns":5.0},{"damage":52.0,"enemies":"Automaton","floor":33.0,"turns":8.0},{"damage":21.0,"enemies":"Orb Walker","floor":35.0,"turns":3.0},{"damage":0.0,"enemies":"3 Shapes","floor":37.0,"turns":2.0},{"damage":14.0,"enemies":"Spire Growth","floor":38.0,"turns":5.0},{"damage":14.0,"enemies":"Sphere and 2 Shapes","floor":39.0,"turns":4.0},{"damage":69.0,"enemies":"Reptomancer","floor":41.0,"turns":9.0},{"damage":32,"enemies":"Giant Head","floor":44,"turns":7}],"seed_played":"-6570691439159133186","potions_obtained":[{"floor":2.0,"key":"Strength Potion"},{"floor":6.0,"key":"Weak Potion"},{"floor":7.0,"key":"ElixirPotion"},{"floor":13.0,"key":"Weak Potion"},{"floor":16.0,"key":"BloodPotion"},{"floor":23.0,"key":"Block Potion"},{"floor":29.0,"key":"Energy Potion"},{"floor":33.0,"key":"Block Potion"},{"floor":37.0,"key":"LiquidBronze"}],"is_trial":false,"path_per_floor":["M","M","T","?","$","E","?","E","T","R","M","R","E","?","R","B",null,"M","M","$","M","M","M","M","E","T","R","?","M","$","?","R","B",null,"M","?","M","M","M","R","E","R","T","E"],"character_chosen":"IRONCLAD","items_purchased":["Perfected Strike","Second Wind","Metallicize","PanicButton"],"campfire_rested":3,"item_purchase_floors":[5,20,20,20],"current_hp_per_floor":[74,75,75,75,75,82,57,48,48,48,50,50,49,49,49,55,75,51,57,57,49,58,58,64,49,49,49,22,23,23,23,62,28,69,54,54,60,52,56,78,27,65,65,33],"gold":44,"neow_bonus":"THREE_ENEMY_KILL","is_prod":false,"is_daily":false,"chose_seed":false,"campfire_upgraded":4,"win_rate":0,"timestamp":1569021773,"path_taken":["M","M","?","?","$","E","?","E","T","R","M","R","E","?","R","BOSS","M","M","$","M","M","M","M","E","T","R","?","M","$","?","R","BOSS","M","?","M","M","M","R","E","R","T","E"],"build_version":"2019-09-20","purchased_purges":1,"victory":false,"max_hp_per_floor":[75,75,75,75,75,82,82,82,82,82,82,82,82,82,82,82,82,82,82,82,82,82,82,82,82,82,82,82,82,82,82,82,82,82,82,78,78,78,78,78,78,78,78,78],"card_choices":[{"not_picked":["Body Slam","Clash"],"picked":"Perfected Strike","floor":1.0},{"not_picked":["Sentinel","Thunderclap"],"picked":"Fire Breathing","floor":2.0},{"not_picked":["Sword Boomerang","Body Slam"],"picked":"Disarm","floor":6.0},{"not_picked":["Carnage","Evolve"],"picked":"Power Through","floor":7.0},{"not_picked":["Headbutt","Double Tap"],"picked":"Twin Strike","floor":8.0},{"not_picked":["Cleave","Warcry"],"picked":"Wild Strike","floor":11.0},{"not_picked":["Spot Weakness","Pommel Strike"],"picked":"Feel No Pain","floor":13.0},{"not_picked":["Reaper","Exhume"],"picked":"Immolate","floor":16.0},{"not_picked":["Body Slam","Sword Boomerang"],"picked":"Perfected Strike","floor":18.0},{"not_picked":["Anger","Clothesline","Intimidate"],"picked":"SKIP","floor":19.0},{"not_picked":["Heavy Blade","Headbutt"],"picked":"Shrug It Off+1","floor":21.0},{"not_picked":["Disarm","Flex+1"],"picked":"Pommel Strike","floor":22.0},{"not_picked":["Brutality","Havoc"],"picked":"Power Through","floor":23.0},{"not_picked":["Shrug It Off","Uppercut"],"picked":"Twin Strike","floor":24.0},{"not_picked":["Armaments","Flame Barrier"],"picked":"Twin Strike","floor":25.0},{"not_picked":["Dropkick+1","Bloodletting"],"picked":"Pommel Strike","floor":28.0},{"not_picked":["Sentinel","Uppercut"],"picked":"Wild Strike","floor":29.0},{"not_picked":["Exhume","Berserk"],"picked":"Dark Embrace","floor":33.0},{"not_picked":["Headbutt","Sword Boomerang"],"picked":"Perfected Strike","floor":35.0},{"not_picked":["Spot Weakness","Anger","Havoc"],"picked":"SKIP","floor":37.0},{"not_picked":["Thunderclap","Twin Strike"],"picked":"Second Wind+1","floor":38.0},{"not_picked":["Rampage","Sword Boomerang+1","Clothesline"],"picked":"SKIP","floor":39.0},{"not_picked":["Pummel","Evolve+1"],"picked":"Juggernaut","floor":41.0}],"player_experience":891852,"relics_obtained":[{"floor":3.0,"key":"Sundial"},{"floor":6.0,"key":"Strawberry"},{"floor":7.0,"key":"Odd Mushroom"},{"floor":8.0,"key":"Meat on the Bone"},{"floor":9.0,"key":"Lantern"},{"floor":13.0,"key":"Art of War"},{"floor":25.0,"key":"Regal Pillow"},{"floor":26.0,"key":"Blue Candle"},{"floor":28.0,"key":"Red Mask"},{"floor":41.0,"key":"Potion Belt"},{"floor":43.0,"key":"War Paint"}],"event_choices":[{"damage_healed":0.0,"max_hp_gain":0.0,"max_hp_loss":0.0,"gold_gain":0.0,"event_name":"Big Fish","player_choice":"Box","floor":4.0,"gold_loss":0.0,"damage_taken":0.0,"relics_obtained":["Champion Belt"],"cards_obtained":["Regret"]},{"damage_healed":0.0,"max_hp_gain":0.0,"max_hp_loss":0.0,"gold_gain":0.0,"event_name":"Mushrooms","player_choice":"Fought Mushrooms","floor":7.0,"gold_loss":0.0,"damage_taken":0.0},{"damage_healed":0.0,"max_hp_gain":0.0,"max_hp_loss":0.0,"gold_gain":0.0,"cards_transformed":["Defend_R"],"event_name":"Transmorgrifier","player_choice":"Transformed","floor":14.0,"gold_loss":0.0,"damage_taken":0.0,"cards_obtained":["Juggernaut"]},{"damage_healed":0.0,"max_hp_gain":0.0,"max_hp_loss":0.0,"gold_gain":0.0,"event_name":"Masked Bandits","player_choice":"Fought Bandits","floor":28.0,"gold_loss":0.0,"damage_taken":0.0},{"damage_healed":0.0,"max_hp_gain":0.0,"max_hp_loss":0.0,"gold_gain":0.0,"event_name":"Duplicator","player_choice":"Copied","floor":31.0,"gold_loss":0.0,"damage_taken":0.0,"cards_obtained":["Perfected Strike"]},{"damage_healed":0.0,"max_hp_gain":0.0,"max_hp_loss":4.0,"gold_gain":0.0,"event_name":"Winding Halls","player_choice":"Max HP","floor":36.0,"gold_loss":0.0,"damage_taken":0.0}],"is_beta":true,"boss_relics":[{"not_picked":["Pandora\u0027s Box","Black Star"],"picked":"Ectoplasm"},{"not_picked":["Tiny House","Runic Dome"],"picked":"Runic Pyramid"}],"items_purged_floors":[5],"is_endless":false,"potions_floor_spawned":[2,6,7,13,16,21,23,29,33,35,37,38],"killed_by":"Giant Head","ascension_level":20}