{"gold_per_floor":[110,130,130,148,29,29,63,63,63,63,80,80,2,13,13,87,87,99,62,0],"floor_reached":20,"playtime":508,"items_purged":[],"score":344,"play_id":"ca41a6b2-c34f-48ba-b761-d15a25e5fad5","local_time":"20190921113503","is_ascension_mode":true,"campfire_choices":[{"data":"Combust","floor":6.0,"key":"SMITH"},{"floor":10,"key":"REST"},{"floor":12,"key":"REST"},{"floor":15,"key":"REST"}],"neow_cost":"NONE","seed_source_timestamp":386376764705600,"circlet_count":0,"master_deck":["AscendersBane","Strike_R","Strike_R","Strike_R","Strike_R","Strike_R","Defend_R","Defend_R","Defend_R","Defend_R","Bash","Barricade","Wild Strike","True Grit","Ghostly Armor","Seeing Red","Combust+1","Dark Embrace","Anger","Power Through","Rupture","Limit Break","True Grit","Metallicize"],"special_seed":0,"relics":["Burning Blood","Bottled Flame","Bag of Preparation","Nunchaku","Runic Dome"],"potions_floor_usage":[16,20],"damage_taken":[{"damage":8.0,"enemies":"Cultist","floor":1.0,"turns":5.0},{"damage":10.0,"enemies":"Small Slimes","floor":2.0,"turns":5.0},{"damage":12.0,"enemies":"Jaw Worm","floor":4.0,"turns":5.0},{"damage":51.0,"enemies":"Gremlin Nob","floor":7.0,"turns":5.0},{"damage":14,"enemies":"Looter","floor":11,"turns":5},{"damage":20,"enemies":"Exordium Thugs","floor":14,"turns":4},{"damage":43,"enemies":"Slime Boss","floor":16,"turns":8},{"damage":42,"enemies":"Spheric Guardian","floor":18,"turns":6},{"damage":30,"enemies":"2 Thieves","floor":20,"turns":3}],"seed_played":"-4647072301261590607","potions_obtained":[{"floor":7,"key":"FearPotion"},{"floor":11,"key":"SkillPotion"},{"floor":16,"key":"SpeedPotion"}],"is_trial":false,"path_per_floor":["M","M","?","M","$","R","E","?","T","R","M","R","$","M","R","B",null,"M","$","M"],"character_chosen":"IRONCLAD","items_purchased":["Seeing Red","Combust","Power Through","Metallicize"],"campfire_rested":3,"item_purchase_floors":[5,5,13,19],"current_hp_per_floor":[66,62,67,61,61,61,16,11,11,35,27,51,51,37,61,24,66,30,30,0],"gold":0,"neow_bonus":"ONE_RANDOM_RARE_CARD","is_prod":false,"is_daily":false,"chose_seed":false,"campfire_upgraded":1,"win_rate":0,"timestamp":1569090903,"path_taken":["M","?","?","M","$","R","E","?","T","R","M","R","$","M","R","BOSS","M","$","M"],"build_version":"2019-09-20","purchased_purges":0,"victory":false,"max_hp_per_floor":[75,75,80,80,80,80,80,80,80,80,80,80,80,80,80,80,80,80,80,80],"card_choices":[{"not_picked":["Clothesline","Perfected Strike"],"picked":"Wild Strike","floor":1.0},{"not_picked":["Whirlwind","Dual Wield"],"picked":"True Grit","floor":2.0},{"not_picked":["Twin Strike","Wild Strike"],"picked":"Ghostly Armor","floor":4.0},{"not_picked":["Cleave","Pommel Strike"],"picked":"Dark Embrace","floor":7},{"not_picked":["Thunderclap","Clash"],"picked":"Anger","floor":11},{"not_picked":["Flex","Sentinel"],"picked":"Rupture","floor":14},{"not_picked":["Dark Embrace","Demon Form"],"picked":"Limit Break","floor":16},{"not_picked":["Heavy Blade","Clash"],"picked":"True Grit","floor":18}],"player_experience":913586,"relics_obtained":[{"floor":7,"key":"Bottled Flame"},{"floor":9,"key":"Nunchaku"}],"event_choices":[{"damage_healed":0.0,"max_hp_gain":5.0,"max_hp_loss":0.0,"gold_gain":0.0,"event_name":"Big Fish","player_choice":"Donut","floor":3.0,"gold_loss":0.0,"damage_taken":0.0},{"damage_healed":0,"gold_gain":0,"player_choice":"Success","damage_taken":5,"relics_obtained":["Bag of Preparation"],"max_hp_gain":0,"max_hp_loss":0,"event_name":"Scrap Ooze","floor":8,"gold_loss":0}],"is_beta":true,"boss_relics":[{"not_picked":["Runic Pyramid","Coffee Dripper"],"picked":"Runic Dome"}],"items_purged_floors":[],"is_endless":false,"potions_floor_spawned":[7,11,16],"killed_by":"2 Thieves","ascension_level":20}