{"gold_per_floor":[114,114,127,207,207,235,249,214,214,7,33,33,51,51],"floor_reached":14,"playtime":661,"items_purged":[],"score":98,"play_id":"e4cce13d-9696-40f5-9c50-b4294e186124","local_time":"20180624224246","is_ascension_mode":false,"campfire_choices":[{"floor":12,"key":"REST"}],"neow_cost":"","seed_source_timestamp":29951522812546,"circlet_count":0,"master_deck":["Strike_R","Strike_R+1","Strike_R","Strike_R+1","Defend_R","Defend_R","Defend_R","Defend_R","Bash","Demon Form","Wraith Form v2","Echo Form","Inflame","Fire Breathing","Cleave","Sword Boomerang","Apotheosis","Corruption","Feed","Flex"],"special_seed":1810106778677807,"relics":["Burning Blood","Singing Bowl","The Courier","Whetstone","Pantograph","Ancient Tea Set"],"potions_floor_usage":[6,7],"damage_taken":[{"damage":19,"enemies":"Jaw Worm","floor":1,"turns":5},{"damage":20,"enemies":"2 Louse","floor":3,"turns":4},{"damage":33,"enemies":"3 Sentries","floor":6,"turns":10},{"damage":2,"enemies":"Small Slimes","floor":7,"turns":4},{"damage":32,"enemies":"Gremlin Nob","floor":11,"turns":4},{"damage":34,"enemies":"Exordium Thugs","floor":13,"turns":4},{"damage":21,"enemies":"Lots of Slimes","floor":14,"turns":1}],"seed_played":"5007989704022264038","potions_obtained":[{"floor":3,"key":"Ancient Potion"},{"floor":6,"key":"PowerPotion"},{"floor":13,"key":"SpeedPotion"}],"is_trial":true,"path_per_floor":["M","?","M","T","?","E","M","?","T","$","E","R","M"],"character_chosen":"IRONCLAD","items_purchased":["Apotheosis","Corruption"],"campfire_rested":1,"item_purchase_floors":[10,10],"current_hp_per_floor":[67,60,48,48,48,21,25,45,45,45,19,43,19,0],"gold":51,"neow_bonus":"","is_prod":false,"is_daily":false,"chose_seed":true,"campfire_upgraded":0,"win_rate":0,"timestamp":1529894566,"path_taken":["M","?","M","?","?","E","M","?","T","$","E","R","M","?"],"build_version":"2018-06-21v2","purchased_purges":0,"victory":false,"max_hp_per_floor":[80,80,82,82,82,82,82,82,82,82,82,82,86,86],"card_choices":[{"not_picked":["Twin Strike","Sword Boomerang"],"picked":"Inflame","floor":1},{"not_picked":["Entrench","Warcry","Headbutt"],"picked":"Singing Bowl","floor":3},{"not_picked":["Combust","True Grit"],"picked":"Cleave","floor":6},{"not_picked":["Power Through","Combust"],"picked":"Sword Boomerang","floor":7},{"not_picked":["Headbutt","Shockwave"],"picked":"Feed","floor":11},{"not_picked":["Sentinel","Whirlwind"],"picked":"Flex","floor":13}],"player_experience":240212,"relics_obtained":[{"floor":4,"key":"The Courier"},{"floor":6,"key":"Whetstone"},{"floor":9,"key":"Pantograph"},{"floor":11,"key":"Ancient Tea Set"}],"event_choices":[{"event_name":"Scrap Ooze","player_choice":"success","floor":2,"damage_taken":7},{"event_name":"Transmorgrifier","player_choice":"Transform","floor":5,"damage_taken":0},{"event_name":"The Cleric","player_choice":"Healed","floor":8,"damage_taken":0}],"boss_relics":[],"items_purged_floors":[],"is_endless":false,"potions_floor_spawned":[3,6,13],"killed_by":"Lots of Slimes","ascension_level":0}