{"gold_per_floor":[116,116,41,56,56,56,84,84,84,13,46,61,78,95,95,95],"floor_reached":16,"playtime":472,"items_purged":[],"score":270,"play_id":"b4b05dad-d662-4a8b-86b1-1e8403a85bea","local_time":"20190917112825","is_ascension_mode":true,"campfire_choices":[{"data":"Metallicize","floor":6,"key":"SMITH"},{"data":"Bash","floor":8,"key":"SMITH"},{"data":"Disarm","floor":15,"key":"SMITH"}],"neow_cost":"NONE","seed_source_timestamp":40418542772700,"circlet_count":0,"master_deck":["AscendersBane","Strike_R","Strike_R","Strike_R","Defend_R","Defend_R","Defend_R","Defend_R","Bash+1","Shockwave+1","Metallicize+1","Shrug It Off","Panacea","Sword Boomerang","Disarm+1","Reckless Charge","Hemokinesis"],"relics":["Burning Blood","NeowsBlessing","Ginger","The Courier","Bag of Marbles"],"potions_floor_usage":[11,16],"damage_taken":[{"damage":0,"enemies":"2 Louse","floor":1,"turns":2},{"damage":0,"enemies":"Jaw Worm","floor":4,"turns":1},{"damage":0,"enemies":"Gremlin Nob","floor":7,"turns":1},{"damage":30,"enemies":"Lagavulin","floor":11,"turns":8},{"damage":0,"enemies":"Cultist","floor":12,"turns":5},{"damage":8,"enemies":"2 Fungi Beasts","floor":13,"turns":4},{"damage":13,"enemies":"Gremlin Gang","floor":14,"turns":5},{"damage":55,"enemies":"Hexaghost","floor":16,"turns":14}],"seed_played":"-2517680029198318502","potions_obtained":[{"floor":7,"key":"Ancient Potion"},{"floor":11,"key":"SpeedPotion"}],"is_trial":false,"path_per_floor":["M","?","?","M","?","R","E","R","T","$","E","M","M","M","R","B"],"character_chosen":"IRONCLAD","items_purchased":["Panacea"],"campfire_rested":0,"item_purchase_floors":[10],"current_hp_per_floor":[74,74,74,75,75,75,75,75,75,75,51,57,55,48,48,0],"gold":95,"neow_bonus":"THREE_ENEMY_KILL","is_prod":false,"is_daily":false,"chose_seed":false,"campfire_upgraded":3,"win_rate":0,"timestamp":1568744905,"path_taken":["M","?","?","M","?","R","E","R","T","$","E","M","M","M","R","BOSS"],"build_version":"2019-07-17","purchased_purges":0,"victory":false,"max_hp_per_floor":[75,75,75,75,75,75,75,75,75,75,75,75,75,75,75,75],"card_choices":[{"not_picked":["Iron Wave","Heavy Blade"],"picked":"Shockwave","floor":1},{"not_picked":["Heavy Blade","Twin Strike"],"picked":"Metallicize","floor":4},{"not_picked":["Power Through","Whirlwind"],"picked":"Shrug It Off","floor":7},{"not_picked":["True Grit","Armaments"],"picked":"Sword Boomerang","floor":11},{"not_picked":["Uppercut","Shrug It Off"],"picked":"Disarm","floor":12},{"not_picked":["Perfected Strike","True Grit"],"picked":"Reckless Charge","floor":13},{"not_picked":["Twin Strike","Iron Wave"],"picked":"Hemokinesis","floor":14}],"player_experience":812040,"relics_obtained":[{"floor":7,"key":"Ginger"},{"floor":9,"key":"The Courier"},{"floor":11,"key":"Bag of Marbles"}],"event_choices":[{"damage_healed":0,"gold_gain":0,"player_choice":"Grow","damage_taken":0,"max_hp_gain":0,"max_hp_loss":0,"event_name":"Living Wall","floor":2,"gold_loss":0,"cards_upgraded":["Shockwave"]},{"cards_removed":["Strike_R"],"damage_healed":0,"gold_gain":0,"player_choice":"Card Removal","damage_taken":0,"max_hp_gain":0,"max_hp_loss":0,"event_name":"The Cleric","floor":3,"gold_loss":75},{"cards_removed":["Strike_R"],"damage_healed":0,"gold_gain":0,"player_choice":"Offered Basic","damage_taken":0,"max_hp_gain":0,"max_hp_loss":0,"event_name":"Bonfire Elementals","floor":5,"gold_loss":0}],"is_beta":false,"boss_relics":[],"items_purged_floors":[],"is_endless":false,"potions_floor_spawned":[7,11],"killed_by":"Hexaghost","ascension_level":20}