{"gold_per_floor":[112,112,112,112,126,158,5,17,43,78,2,32,32,50,50,155,155,174,174,189,114,114,114],"floor_reached":23,"playtime":1907,"items_purged":[],"score":217,"play_id":"eb9e129c-dd21-432e-875d-197440d24728","local_time":"20180718144431","is_ascension_mode":true,"campfire_choices":[{"data":"Buffer","floor":15,"key":"SMITH"}],"neow_cost":"NONE","seed_source_timestamp":0,"circlet_count":0,"master_deck":["Strike_B+1","Strike_B","Strike_B+1","Defend_B","Defend_B","Defend_B","Zap","Dualcast","Darkness","Glacier","Fusion+1","Gash","Storm","Conserve Battery+1","Turbo+1","Rebound","Buffer+1","Sweeping Beam","Thunder Strike","Loop+1","Turbo+1"],"special_seed":17730,"relics":["Cracked Core","Whetstone","Bronze Scales","Toxic Egg 2","Anchor","Blood Vial","Vajra","Juzu Bracelet","Boot","Nuclear Battery","Centennial Puzzle"],"potions_floor_usage":[6,10,12,16,23],"damage_taken":[{"damage":3,"enemies":"Small Slimes","floor":1,"turns":3},{"damage":4,"enemies":"2 Louse","floor":5,"turns":2},{"damage":7,"enemies":"3 Sentries","floor":6,"turns":8},{"damage":1,"enemies":"Jaw Worm","floor":8,"turns":3},{"damage":17,"enemies":"Gremlin Nob","floor":10,"turns":4},{"damage":22,"enemies":"3 Sentries","floor":12,"turns":8},{"damage":0,"enemies":"Blue Slaver","floor":14,"turns":3},{"damage":24,"enemies":"The Guardian","floor":16,"turns":12},{"damage":0,"enemies":"Shell Parasite","floor":18,"turns":4},{"damage":5,"enemies":"2 Thieves","floor":20,"turns":3},{"damage":91,"enemies":"Gremlin Leader","floor":23,"turns":9}],"seed_played":"-3893125077617489196","potions_obtained":[{"floor":1,"key":"Regen Potion"},{"floor":5,"key":"Block Potion"},{"floor":6,"key":"GamblersBrew"},{"floor":12,"key":"Explosive Potion"},{"floor":16,"key":"Dexterity Potion"},{"floor":18,"key":"Regen Potion"},{"floor":20,"key":"FearPotion"}],"is_trial":false,"path_per_floor":["M","?","?","?","M","E","$","M","T","E","$","E","?","M","R","B",null,"M","?","M","?","?"],"character_chosen":"DEFECT","items_purchased":["Blood Vial","Turbo+1","Rebound"],"campfire_rested":0,"item_purchase_floors":[7,11,11],"current_hp_per_floor":[72,72,72,65,61,69,69,70,70,55,55,35,28,30,30,8,75,75,75,70,70,70,0],"gold":114,"neow_bonus":"RANDOM_COMMON_RELIC","is_prod":false,"is_daily":false,"chose_seed":false,"campfire_upgraded":1,"win_rate":0,"timestamp":1531939471,"path_taken":["M","?","?","?","M","E","$","?","T","E","?","E","?","M","R","BOSS","M","?","M","?","?","E"],"build_version":"2018-07-12","purchased_purges":0,"victory":false,"max_hp_per_floor":[75,75,75,75,75,75,75,75,75,75,75,75,75,75,75,75,75,75,75,75,75,75,75],"card_choices":[{"not_picked":["Recycle","FTL"],"picked":"Darkness","floor":1},{"not_picked":["Leap+1","Stack+1"],"picked":"Fusion+1","floor":5},{"not_picked":["Heatsinks","Chaos+1"],"picked":"Gash","floor":6},{"not_picked":["Chill+1","Undo+1"],"picked":"Storm","floor":8},{"not_picked":["Redo+1","Streamline"],"picked":"Conserve Battery+1","floor":10},{"not_picked":["Coolheaded+1","Heatsinks"],"picked":"Buffer","floor":12},{"not_picked":["Conserve Battery+1","Streamline"],"picked":"Sweeping Beam","floor":14},{"not_picked":["Amplify+1","Reboot+1"],"picked":"Thunder Strike","floor":16},{"not_picked":["Turbo+1","Cold Snap"],"picked":"Loop+1","floor":18},{"not_picked":["Redo+1","Leap+1"],"picked":"Turbo+1","floor":20}],"player_experience":292099,"relics_obtained":[{"floor":6,"key":"Anchor"},{"floor":9,"key":"Vajra"},{"floor":10,"key":"Juzu Bracelet"},{"floor":12,"key":"Boot"}],"event_choices":[{"event_name":"Big Fish","player_choice":"Box","floor":2,"damage_taken":0},{"event_name":"Living Wall","player_choice":"Change","floor":3,"damage_taken":0},{"event_name":"Scrap Ooze","player_choice":"success","floor":4,"damage_taken":7},{"event_name":"Golden Wing","player_choice":"Card Removal","floor":13,"damage_taken":0},{"event_name":"Ghosts","player_choice":"Ignored","floor":19,"damage_taken":0},{"event_name":"Beggar","player_choice":"Gave Gold","floor":21,"damage_taken":0},{"event_name":"Wheel of Change","player_choice":"Relic","floor":22,"damage_taken":0}],"boss_relics":[{"not_picked":["Runic Pyramid","Coffee Dripper"],"picked":"Nuclear Battery"}],"items_purged_floors":[],"is_endless":false,"potions_floor_spawned":[1,5,6,12,16,18,20],"killed_by":"Gremlin Leader","ascension_level":1}