{"path_per_floor":["M","?","?","$","M","R","E","R","T","M","M","E","M","$","R"],"character_chosen":"IRONCLAD","items_purchased":["Dramatic Entrance","Bag of Marbles"],"gold_per_floor":[112,112,112,9,28,28,53,53,80,91,103,138,152,4,4,4],"floor_reached":16,"campfire_rested":1,"playtime":3100,"item_purchase_floors":[4,14],"current_hp_per_floor":[76,76,76,76,80,80,50,50,50,56,48,32,25,25,66,0],"items_purged":[],"gold":4,"score":110,"play_id":"bee0233a-d243-4a10-8433-b7deccc8a373","local_time":"20180531021937","is_prod":false,"is_daily":false,"chose_seed":false,"is_ascension_mode":false,"campfire_upgraded":2,"win_rate":0,"timestamp":1527747577,"campfire_choices":[{"data":"Fire Breathing","floor":6,"key":"SMITH"},{"data":"Dramatic Entrance","floor":8,"key":"SMITH"},{"floor":15,"key":"REST"}],"path_taken":["M","?","?","?","M","R","E","R","T","M","M","E","?","$","R","BOSS"],"build_version":"2018-05-24","seed_source_timestamp":35949568211557,"purchased_purges":0,"victory":false,"master_deck":["Strike_R","Strike_R","Strike_R","Strike_R","Strike_R","Defend_R","Defend_R","Defend_R","Defend_R","Bash","Ghostly Armor","Headbutt","Dramatic Entrance+1","Fire Breathing+1","Flex","Armaments","Exhume","Anger","Thunderclap"],"max_hp_per_floor":[80,80,80,80,80,80,80,80,80,80,80,87,87,87,87,87],"relics":["Burning Blood","Peace Pipe","Regal Pillow","Strawberry","Bag of Marbles"],"card_choices":[{"not_picked":["True Grit","Body Slam"],"picked":"Ghostly Armor","floor":1},{"not_picked":["Disarm","Clash"],"picked":"Fire Breathing","floor":5},{"not_picked":["True Grit","Perfected Strike"],"picked":"Flex","floor":7},{"not_picked":["Clash","Uppercut"],"picked":"Armaments","floor":10},{"not_picked":["Uppercut","Combust"],"picked":"Exhume","floor":11},{"not_picked":["Clash","Heavy Blade"],"picked":"Anger","floor":12},{"not_picked":["Heavy Blade","Spot Weakness"],"picked":"Thunderclap","floor":13}],"player_experience":124657,"potions_floor_usage":[7,12,16],"damage_taken":[{"damage":10,"enemies":"Jaw Worm","floor":1,"turns":4},{"damage":0,"enemies":"Small Slimes","floor":5,"turns":3},{"damage":36,"enemies":"Gremlin Nob","floor":7,"turns":5},{"damage":0,"enemies":"2 Louse","floor":10,"turns":2},{"damage":14,"enemies":"Blue Slaver","floor":11,"turns":4},{"damage":29,"enemies":"Lagavulin","floor":12,"turns":8},{"damage":13,"enemies":"2 Fungi Beasts","floor":13,"turns":3},{"damage":73,"enemies":"The Guardian","floor":16,"turns":15}],"relics_obtained":[{"floor":7,"key":"Peace Pipe"},{"floor":9,"key":"Regal Pillow"},{"floor":12,"key":"Strawberry"}],"event_choices":[{"event_name":"Living Wall","player_choice":"Change","floor":2,"damage_taken":0},{"event_name":"The Cleric","player_choice":"Leave","floor":3,"damage_taken":0}],"boss_relics":[],"items_purged_floors":[],"potions_floor_spawned":[5,7,10,13],"seed_played":"-3146400037187380926","killed_by":"The Guardian","ascension_level":0,"potions_obtained":[{"floor":5,"key":"Poison Potion"},{"floor":7,"key":"Strength Potion"},{"floor":10,"key":"Ancient Potion"},{"floor":13,"key":"Block Potion"}],"is_trial":false}