{"gold_per_floor":[365,383,15,28,48,48,82,82,82,110,110,110,32,32,32,128,128,151,174,190,190,204,204,240,240,240,264,277,297,297],"floor_reached":30,"playtime":1362,"items_purged":[],"score":524,"play_id":"e95f7fd8-cd71-4ec1-a116-a7c8b39fc6b2","local_time":"20190920222217","is_ascension_mode":true,"campfire_choices":[{"floor":6.0,"key":"REST"},{"floor":8.0,"key":"REST"},{"floor":11.0,"key":"REST"},{"data":"Disarm","floor":15.0,"key":"SMITH"},{"data":"Juggernaut","floor":23.0,"key":"SMITH"},{"data":"Metallicize","floor":25.0,"key":"SMITH"}],"neow_cost":"TEN_PERCENT_HP_LOSS","seed_source_timestamp":337944162184200,"circlet_count":0,"master_deck":["AscendersBane","Strike_R","Strike_R","Strike_R","Strike_R","Strike_R","Defend_R","Defend_R","Defend_R","Defend_R","Bash","Disarm+1","Evolve","Wild Strike","Impervious","Metallicize+1","Juggernaut+1","Perfected Strike","Pummel","Disarm","Impervious","Armaments+1"],"special_seed":0,"relics":["Burning Blood","Mummified Hand","Orichalcum","Toy Ornithopter","Letter Opener","Golden Idol","Snecko Eye","MealTicket","Toxic Egg 2"],"potions_floor_usage":[30],"damage_taken":[{"damage":7.0,"enemies":"Cultist","floor":1.0,"turns":4.0},{"damage":14.0,"enemies":"Small Slimes","floor":2.0,"turns":5.0},{"damage":15.0,"enemies":"Jaw Worm","floor":4.0,"turns":4.0},{"damage":26.0,"enemies":"Gremlin Gang","floor":5.0,"turns":8.0},{"damage":47.0,"enemies":"Gremlin Nob","floor":7.0,"turns":5.0},{"damage":27.0,"enemies":"3 Sentries","floor":10.0,"turns":9.0},{"damage":18.0,"enemies":"Hexaghost","floor":16.0,"turns":11.0},{"damage":0.0,"enemies":"Chosen","floor":18.0,"turns":4.0},{"damage":0.0,"enemies":"Shell Parasite","floor":19.0,"turns":5.0},{"damage":21.0,"enemies":"Cultist and Chosen","floor":20.0,"turns":7.0},{"damage":9.0,"enemies":"Chosen and Byrds","floor":22.0,"turns":6.0},{"damage":23.0,"enemies":"Book of Stabbing","floor":24.0,"turns":4.0},{"damage":27.0,"enemies":"Shelled Parasite and Fungi","floor":27.0,"turns":6.0},{"damage":12,"enemies":"Snake Plant","floor":28,"turns":4},{"damage":2,"enemies":"Cultist and Chosen","floor":29,"turns":5},{"damage":3,"enemies":"Colosseum Slavers","floor":30,"turns":4},{"damage":39,"enemies":"Colosseum Nobs","floor":30,"turns":3}],"seed_played":"-5415141056866891235","potions_obtained":[{"floor":5.0,"key":"SpeedPotion"},{"floor":10.0,"key":"DuplicationPotion"},{"floor":16.0,"key":"Ancient Potion"},{"floor":18.0,"key":"BloodPotion"},{"floor":22.0,"key":"AttackPotion"},{"floor":28,"key":"SpeedPotion"}],"is_trial":false,"path_per_floor":["M","M","$","M","M","R","E","R","T","E","R","?","$","?","R","B",null,"M","M","M","?","M","R","E","R","T","M","M","M","?"],"character_chosen":"IRONCLAD","items_purchased":["Evolve","Mummified Hand","Metallicize"],"campfire_rested":3,"item_purchase_floors":[3,3,13],"current_hp_per_floor":[67,59,59,50,30,50,9,29,29,8,28,28,28,28,28,21,52,62,62,62,62,59,59,45,45,45,24,18,22,0],"gold":297,"neow_bonus":"TWO_FIFTY_GOLD","is_prod":false,"is_daily":false,"chose_seed":false,"campfire_upgraded":3,"win_rate":0,"timestamp":1569043337,"path_taken":["M","M","$","M","M","R","E","R","T","E","R","?","$","?","R","BOSS","M","M","M","?","M","R","E","R","T","M","?","M","?"],"build_version":"2019-09-20","purchased_purges":0,"victory":false,"max_hp_per_floor":[68,68,68,68,68,68,68,68,68,68,68,62,62,62,62,62,62,62,62,62,62,62,62,62,62,62,62,62,62,62],"card_choices":[{"not_picked":["Flex","Iron Wave"],"picked":"Anger","floor":1.0},{"not_picked":["Anger","Pommel Strike"],"picked":"Disarm","floor":2.0},{"not_picked":["Blood for Blood","Combust","Pommel Strike"],"picked":"SKIP","floor":4.0},{"not_picked":["Flex","Thunderclap"],"picked":"Wild Strike","floor":5.0},{"not_picked":["Body Slam","Sword Boomerang"],"picked":"Impervious","floor":7.0},{"not_picked":["Twin Strike","Clothesline","Cleave"],"picked":"SKIP","floor":10.0},{"not_picked":["Exhume","Brutality"],"picked":"Juggernaut","floor":16.0},{"not_picked":["Twin Strike","Heavy Blade"],"picked":"Perfected Strike","floor":18.0},{"not_picked":["Dropkick","True Grit","Double Tap"],"picked":"SKIP","floor":19.0},{"not_picked":["Whirlwind","Uppercut","Shrug It Off"],"picked":"SKIP","floor":20.0},{"not_picked":["Combust","Pommel Strike+1"],"picked":"Disarm","floor":22.0},{"not_picked":["Iron Wave","Anger"],"picked":"Impervious","floor":24.0},{"not_picked":["Havoc+1","Infernal Blade+1","Battle Trance+1"],"picked":"SKIP","floor":27.0},{"not_picked":["Whirlwind","Pummel","Sever Soul+1"],"picked":"SKIP","floor":28},{"not_picked":["Clothesline","Blood for Blood+1"],"picked":"Armaments+1","floor":29}],"player_experience":904662,"relics_obtained":[{"floor":7.0,"key":"Orichalcum"},{"floor":9.0,"key":"Toy Ornithopter"},{"floor":10.0,"key":"Letter Opener"},{"floor":24.0,"key":"MealTicket"},{"floor":26.0,"key":"Toxic Egg 2"}],"event_choices":[{"damage_healed":0.0,"max_hp_gain":0.0,"max_hp_loss":6.0,"gold_gain":0.0,"event_name":"Golden Idol","player_choice":"Lose Max HP","floor":12.0,"gold_loss":0.0,"damage_taken":0.0,"relics_obtained":["Golden Idol"]},{"damage_healed":0.0,"max_hp_gain":0.0,"max_hp_loss":0.0,"gold_gain":0.0,"event_name":"Liars Game","player_choice":"Ignored","floor":14.0,"gold_loss":0.0,"damage_taken":0.0},{"damage_healed":0.0,"max_hp_gain":0.0,"max_hp_loss":0.0,"gold_gain":0.0,"cards_transformed":["Anger"],"event_name":"Transmorgrifier","player_choice":"Transformed","floor":21.0,"gold_loss":0.0,"damage_taken":0.0,"cards_obtained":["Pummel"]},{"damage_healed":0,"gold_gain":0,"player_choice":"Fight","damage_taken":0,"max_hp_gain":0,"max_hp_loss":0,"event_name":"Colosseum","floor":30,"gold_loss":0},{"damage_healed":0,"gold_gain":0,"player_choice":"Fought Nobs","damage_taken":0,"max_hp_gain":0,"max_hp_loss":0,"event_name":"Colosseum","floor":30,"gold_loss":0}],"is_beta":true,"boss_relics":[{"not_picked":["Busted Crown","Runic Cube"],"picked":"Snecko Eye"}],"items_purged_floors":[],"is_endless":false,"potions_floor_spawned":[5,10,16,18,22,28],"killed_by":"Colosseum Nobs","ascension_level":20}