{"path_per_floor":["M","?","?","$","?","E","R","E","T","M"],"character_chosen":"THE_SILENT","items_purchased":["PiercingWail"],"gold_per_floor":[114,114,64,39,39,69,69,99,99,114,114],"floor_reached":11,"campfire_rested":1,"playtime":1237,"current_hp_per_floor":[63,63,63,63,56,3,24,3,3,3,0],"items_purged":[],"gold":114,"score":179,"play_id":"c67806df-7298-4f56-9d60-37a0a1aea8e0","local_time":"20180519101742","daily_mods":["Insanity","Elite Swarm","Hoarder"],"is_prod":false,"is_daily":true,"chose_seed":false,"is_ascension_mode":false,"campfire_upgraded":0,"timestamp":1526739462,"campfire_choices":[{"floor":7,"key":"REST"}],"path_taken":["M","?","?","$","?","E","R","E","T","M","M"],"build_version":"2018-05-17","seed_source_timestamp":92039044097512,"purchased_purges":0,"victory":false,"master_deck":["PiercingWail","Dagger Throw","Die Die Die","Defend_G","Deadly Poison","Distraction","Corpse Explosion","Escape Plan","Flechettes","Dodge and Roll","Envenom","Choke","Acrobatics","Concentrate","Predator","Phantasmal Killer","Masterful Stab","Acrobatics","Bullet Time","Dagger Spray","Finisher","Venomology","Eviscerate","Corpse Explosion","Venomology","Poisoned Stab","Underhanded Strike","Backflip","Envenom","Venomology","Burst","Storm of Steel","Endless Agony","Die Die Die","Bane","Quick Slash","Terror","Underhanded Strike","Quick Slash","Concentrate","Catalyst","A Thousand Cuts","Outmaneuver","Outmaneuver","PiercingWail","Dodge and Roll","Slice","Doppelganger","Acrobatics","A Thousand Cuts","Deadly Poison","Deadly Poison","Deadly Poison","Malaise","Malaise","Malaise","Normality","PiercingWail","PiercingWail","PiercingWail","Tactician","Tactician","Tactician","Wraith Form v2","Wraith Form v2","Wraith Form v2","Deflect","Deflect","Deflect"],"max_hp_per_floor":[70,70,70,70,70,70,70,70,70,70,70],"relics":["Ring of the Snake","Bag of Preparation","Omamori","Girya"],"card_choices":[{"not_picked":["Quick Slash","Malaise"],"picked":"Deadly Poison","floor":1},{"not_picked":["A Thousand Cuts","Doppelganger"],"picked":"Tactician","floor":6},{"not_picked":["Bullet Time","Corpse Explosion"],"picked":"Wraith Form v2","floor":8},{"not_picked":["Crippling Poison","All Out Attack"],"picked":"Deflect","floor":10}],"player_experience":6528,"potions_floor_usage":[8],"damage_taken":[{"damage":7,"enemies":"Jaw Worm","floor":1,"turns":2},{"damage":53,"enemies":"Gremlin Nob","floor":6,"turns":5},{"damage":21,"enemies":"3 Sentries","floor":8,"turns":5},{"damage":0,"enemies":"Cultist","floor":10,"turns":3},{"damage":3,"enemies":"2 Louse","floor":11,"turns":1}],"relics_obtained":[{"floor":6,"key":"Bag of Preparation"},{"floor":8,"key":"Omamori"},{"floor":9,"key":"Girya"}],"event_choices":[{"event_name":"Match and Keep!","player_choice":"2 cards matched","floor":2,"damage_taken":0},{"event_name":"The Cleric","player_choice":"Card Removal","floor":3,"damage_taken":0},{"event_name":"Golden Wing","player_choice":"Card Removal","floor":5,"damage_taken":0}],"boss_relics":[],"potions_floor_spawned":[],"seed_played":"6445733851031675108","killed_by":"2 Louse","ascension_level":0,"potions_obtained":[],"is_trial":false}