{"gold_per_floor":[117,42,42,42,58,58,88,88,88,88,100,116,132,162,162,241,241,261,261,273,284,284],"floor_reached":22,"playtime":575,"items_purged":[],"score":417,"play_id":"eb7a7143-6139-4b5a-8868-6a7230ca1c41","local_time":"20190922001433","is_ascension_mode":true,"campfire_choices":[{"data":"Wild Strike","floor":6,"key":"SMITH"},{"data":"Fire Breathing","floor":8,"key":"SMITH"},{"data":"Evolve","floor":10,"key":"SMITH"},{"data":"Rampage","floor":15,"key":"SMITH"}],"neow_cost":"NONE","seed_source_timestamp":431887214863200,"circlet_count":0,"master_deck":["AscendersBane","Strike_R","Strike_R","Strike_R","Defend_R","Defend_R","Defend_R","Defend_R","Bash","Evolve+1","Fire Breathing+1","Wild Strike+1","Headbutt","Rampage+1","Wild Strike","Berserk","Wild Strike","Feel No Pain","Wild Strike+1"],"relics":["Burning Blood","Thread and Needle","Question Card","Eternal Feather","Oddly Smooth Stone","Philosopher\u0027s Stone"],"potions_floor_usage":[11,14,16,21,22],"damage_taken":[{"damage":6,"enemies":"Jaw Worm","floor":1,"turns":6},{"damage":6,"enemies":"Small Slimes","floor":5,"turns":4},{"damage":33,"enemies":"Lagavulin","floor":7,"turns":7},{"damage":0,"enemies":"2 Louse","floor":11,"turns":1},{"damage":5,"enemies":"Red Slaver","floor":12,"turns":3},{"damage":14,"enemies":"Exordium Wildlife","floor":13,"turns":4},{"damage":21,"enemies":"Gremlin Nob","floor":14,"turns":4},{"damage":11,"enemies":"The Guardian","floor":16,"turns":10},{"damage":9,"enemies":"Chosen","floor":18,"turns":3},{"damage":19,"enemies":"Shell Parasite","floor":20,"turns":4},{"damage":29,"enemies":"3 Cultists","floor":21,"turns":5},{"damage":33,"enemies":"Shelled Parasite and Fungi","floor":22,"turns":3}],"seed_played":"2005385545896646775","potions_obtained":[{"floor":1,"key":"Ancient Potion"},{"floor":7,"key":"Explosive Potion"},{"floor":11,"key":"ElixirPotion"},{"floor":14,"key":"SkillPotion"},{"floor":21,"key":"ElixirPotion"}],"is_trial":false,"path_per_floor":["M","?","T","?","M","R","E","R","T","R","M","M","M","E","R","B",null,"M","?","M","M","M"],"character_chosen":"IRONCLAD","items_purchased":[],"campfire_rested":0,"item_purchase_floors":[],"current_hp_per_floor":[68,68,68,73,73,73,46,46,46,52,58,59,51,36,45,40,70,67,67,54,31,0],"gold":284,"neow_bonus":"THREE_CARDS","is_prod":false,"is_daily":false,"chose_seed":false,"campfire_upgraded":4,"win_rate":0,"timestamp":1569136473,"path_taken":["M","?","?","?","M","R","E","R","T","R","M","M","?","E","R","BOSS","M","?","?","M","M"],"build_version":"2019-09-20","purchased_purges":0,"victory":false,"max_hp_per_floor":[75,75,75,80,80,80,80,80,80,80,80,80,80,80,80,80,80,80,80,80,80,80],"card_choices":[{"not_picked":["Carnage","Wild Strike"],"picked":"Evolve","floor":0},{"not_picked":["Sentinel","Heavy Blade"],"picked":"Fire Breathing","floor":1},{"not_picked":["Pommel Strike","Armaments"],"picked":"Wild Strike","floor":5},{"not_picked":["Body Slam","Perfected Strike"],"picked":"Headbutt","floor":7},{"not_picked":["Warcry","Ghostly Armor","Perfected Strike"],"picked":"Rampage","floor":11},{"not_picked":["Flex","Rupture","Disarm"],"picked":"Wild Strike","floor":12},{"not_picked":["Bloodletting","Anger","Burning Pact","Flex"],"picked":"SKIP","floor":13},{"not_picked":["Armaments","Heavy Blade","Corruption","Perfected Strike"],"picked":"SKIP","floor":14},{"not_picked":["Brutality","Juggernaut","Double Tap"],"picked":"Berserk","floor":16},{"not_picked":["Sever Soul","Armaments","Sword Boomerang","Flex"],"picked":"SKIP","floor":18},{"not_picked":["Twin Strike","Inflame","Armaments"],"picked":"Feel No Pain","floor":20},{"not_picked":["Headbutt","Perfected Strike","Armaments"],"picked":"Wild Strike+1","floor":21}],"player_experience":950350,"relics_obtained":[{"floor":3,"key":"Thread and Needle"},{"floor":7,"key":"Question Card"},{"floor":9,"key":"Eternal Feather"},{"floor":14,"key":"Oddly Smooth Stone"}],"event_choices":[{"cards_removed":["Strike_R"],"damage_healed":0,"gold_gain":0,"player_choice":"Card Removal","damage_taken":0,"max_hp_gain":0,"max_hp_loss":0,"event_name":"The Cleric","floor":2,"gold_loss":75},{"damage_healed":0,"gold_gain":0,"player_choice":"Donut","damage_taken":0,"max_hp_gain":5,"max_hp_loss":0,"event_name":"Big Fish","floor":4,"gold_loss":0},{"damage_healed":0,"gold_gain":0,"cards_transformed":["Strike_R"],"player_choice":"Transformed","damage_taken":0,"max_hp_gain":0,"max_hp_loss":0,"event_name":"Transmorgrifier","floor":19,"gold_loss":0,"cards_obtained":["Wild Strike"]}],"is_beta":true,"boss_relics":[{"not_picked":["Runic Cube","Runic Pyramid"],"picked":"Philosopher\u0027s Stone"}],"items_purged_floors":[],"is_endless":false,"potions_floor_spawned":[1,7,11,14,21],"killed_by":"Shelled Parasite and Fungi","ascension_level":20}