{"gold_per_floor":[10,10,29,104,104,120,133,148,197,226,226,240,266,294,306,389,401,427,192,192,211,225,225,125,125,125,155,155,155,168,184,184,255,255,265,277,152,165,183,183,183,183,183,211,211,211,36,49,49,49],"floor_reached":50,"playtime":1606,"items_purged":["Strike_R","Strike_R","Sever Soul+1","Carnage+1"],"score":1083,"play_id":"d7c7e284-58a3-4d55-9193-2cfb2e247159","local_time":"20190923172145","is_ascension_mode":true,"campfire_choices":[{"floor":11.0,"key":"REST"},{"data":"Flex","floor":15.0,"key":"SMITH"},{"floor":23.0,"key":"REST"},{"floor":32.0,"key":"REST"},{"data":"Havoc","floor":40.0,"key":"SMITH"},{"data":"Rage","floor":46.0,"key":"SMITH"},{"data":"Flex","floor":49.0,"key":"SMITH"}],"neow_cost":"NO_GOLD","seed_source_timestamp":578364322772900,"circlet_count":0,"master_deck":["AscendersBane","Anger+1","Clash+1","Flex+1","Anger","Warcry","Anger+1","Anger+1","Clash+1","Feel No Pain","Brutality","Havoc+1","Rage+1","Anger+1","Clash+1","Flex+1"],"special_seed":0,"relics":["Black Blood","Unceasing Top","Red Skull","Molten Egg 2","MawBank","Medical Kit","Matryoshka","Strawberry","Pandora\u0027s Box","Pen Nib","Pear","Gambling Chip","Whetstone","Turnip"],"potions_floor_usage":[50],"damage_taken":[{"damage":4.0,"enemies":"Small Slimes","floor":1.0,"turns":4.0},{"damage":4.0,"enemies":"2 Louse","floor":3.0,"turns":2.0},{"damage":7.0,"enemies":"Jaw Worm","floor":6.0,"turns":3.0},{"damage":24.0,"enemies":"Exordium Wildlife","floor":7.0,"turns":5.0},{"damage":8.0,"enemies":"Blue Slaver","floor":8.0,"turns":3.0},{"damage":28.0,"enemies":"3 Sentries","floor":10.0,"turns":4.0},{"damage":9.0,"enemies":"Large Slime","floor":12.0,"turns":5.0},{"damage":8.0,"enemies":"Gremlin Nob","floor":13.0,"turns":3.0},{"damage":1.0,"enemies":"2 Fungi Beasts","floor":14.0,"turns":3.0},{"damage":28.0,"enemies":"Slime Boss","floor":16.0,"turns":8.0},{"damage":32.0,"enemies":"3 Byrds","floor":18.0,"turns":5.0},{"damage":28.0,"enemies":"Shell Parasite","floor":21.0,"turns":4.0},{"damage":21.0,"enemies":"Shelled Parasite and Fungi","floor":22.0,"turns":3.0},{"damage":34.0,"enemies":"Book of Stabbing","floor":27.0,"turns":4.0},{"damage":4.0,"enemies":"Centurion and Healer","floor":30.0,"turns":3.0},{"damage":1.0,"enemies":"3 Cultists","floor":31.0,"turns":3.0},{"damage":37.0,"enemies":"Collector","floor":33.0,"turns":5.0},{"damage":22.0,"enemies":"3 Shapes","floor":35.0,"turns":3.0},{"damage":17.0,"enemies":"3 Darklings","floor":36.0,"turns":3.0},{"damage":6.0,"enemies":"Maw","floor":38.0,"turns":3.0},{"damage":44.0,"enemies":"Jaw Worm Horde","floor":39.0,"turns":3.0},{"damage":11.0,"enemies":"Giant Head","floor":44.0,"turns":2.0},{"damage":14.0,"enemies":"Transient","floor":48.0,"turns":2.0},{"damage":85,"enemies":"Time Eater","floor":50,"turns":4}],"seed_played":"4566950863438399505","potions_obtained":[{"floor":3.0,"key":"Regen Potion"},{"floor":6.0,"key":"PowerPotion"},{"floor":10.0,"key":"Fire Potion"},{"floor":14.0,"key":"Explosive Potion"},{"floor":21.0,"key":"Explosive Potion"},{"floor":22.0,"key":"SteroidPotion"},{"floor":33.0,"key":"Strength Potion"},{"floor":35.0,"key":"GamblersBrew"},{"floor":39.0,"key":"Energy Potion"},{"floor":48.0,"key":"Swift Potion"}],"is_trial":false,"path_per_floor":["M","?","M","?","?","M","M","M","T","E","R","M","E","M","R","B",null,"M","$","?","M","M","R","$","?","T","E","?","?","M","M","R","B",null,"M","M","$","M","M","R","?","?","T","E","T","R","$","M","R","B"],"character_chosen":"IRONCLAD","items_purchased":["Medical Kit","Clash+1"],"campfire_rested":3,"item_purchase_floors":[19,47],"current_hp_per_floor":[70,70,72,61,54,53,49,47,47,25,47,44,42,47,47,25,63,43,43,43,27,18,40,40,40,40,25,25,25,33,44,68,43,72,62,57,57,63,31,31,67,67,77,77,77,77,77,75,75,0],"gold":49,"neow_bonus":"ONE_RARE_RELIC","is_prod":false,"is_daily":false,"chose_seed":false,"campfire_upgraded":4,"win_rate":0,"timestamp":1569284505,"path_taken":["M","?","M","?","?","M","M","M","T","E","R","M","E","M","R","BOSS","M","$","?","M","M","R","$","?","T","E","?","?","M","M","R","BOSS","M","M","$","M","M","R","?","?","T","E","?","R","?","M","R","BOSS"],"build_version":"2019-09-23","purchased_purges":4,"victory":false,"max_hp_per_floor":[75,75,75,75,75,75,75,75,75,75,75,75,75,75,75,75,75,75,75,75,75,75,75,75,75,75,82,82,82,82,82,82,82,82,82,82,82,82,82,82,67,67,77,77,77,77,77,77,77,77],"card_choices":[{"not_picked":["Cleave","Pummel"],"picked":"Anger","floor":1.0},{"not_picked":["Warcry","Entrench"],"picked":"Clash","floor":3.0},{"not_picked":["Carnage","Headbutt"],"picked":"Flex","floor":6.0},{"not_picked":["Heavy Blade","Clash"],"picked":"Anger","floor":7.0},{"not_picked":["Carnage","Feed","Perfected Strike"],"picked":"SKIP","floor":8.0},{"not_picked":["Evolve","Perfected Strike"],"picked":"Warcry","floor":10.0},{"not_picked":["Twin Strike+1","Perfected Strike+1","Iron Wave+1"],"picked":"SKIP","floor":12.0},{"not_picked":["Perfected Strike+1","Thunderclap+1"],"picked":"Anger+1","floor":13.0},{"not_picked":["Twin Strike+1","Rampage+1","Immolate+1"],"picked":"SKIP","floor":14.0},{"not_picked":["Carnage+1","Sword Boomerang+1"],"picked":"Anger+1","floor":18.0},{"not_picked":["Armaments","Cleave+1","Intimidate"],"picked":"SKIP","floor":21.0},{"not_picked":["Pommel Strike+1","Clothesline+1","Blood for Blood+1"],"picked":"SKIP","floor":22.0},{"not_picked":["True Grit+1","Clothesline+1","Pummel+1"],"picked":"SKIP","floor":27.0},{"not_picked":["Bloodletting+1","Fire Breathing+1"],"picked":"Clash+1","floor":30.0},{"not_picked":["Infernal Blade","Shrug It Off","Disarm"],"picked":"SKIP","floor":31.0},{"not_picked":["Pommel Strike+1","Flame Barrier","Perfected Strike+1"],"picked":"SKIP","floor":35.0},{"not_picked":["Shrug It Off","Sword Boomerang+1","Pommel Strike+1"],"picked":"SKIP","floor":36.0},{"not_picked":["Bloodletting+1","Battle Trance"],"picked":"Rage","floor":38.0},{"not_picked":["Second Wind","Sword Boomerang+1"],"picked":"Anger+1","floor":39.0},{"not_picked":["Armaments","Feel No Pain","Brutality"],"picked":"SKIP","floor":44.0},{"not_picked":["Havoc","Rampage+1"],"picked":"Flex","floor":48.0}],"player_experience":993302,"relics_obtained":[{"floor":9.0,"key":"Red Skull"},{"floor":10.0,"key":"Molten Egg 2"},{"floor":13.0,"key":"MawBank"},{"floor":26.0,"key":"Matryoshka"},{"floor":27.0,"key":"Strawberry"},{"floor":43.0,"key":"Pen Nib"},{"floor":43.0,"key":"Pear"},{"floor":44.0,"key":"Gambling Chip"},{"floor":45.0,"key":"Whetstone"},{"floor":45.0,"key":"Turnip"}],"event_choices":[{"cards_removed":["Bash"],"damage_healed":0.0,"max_hp_gain":0.0,"max_hp_loss":0.0,"gold_gain":0.0,"event_name":"Living Wall","player_choice":"Forget","floor":2.0,"gold_loss":0.0,"damage_taken":0.0},{"damage_healed":0.0,"max_hp_gain":0.0,"max_hp_loss":0.0,"gold_gain":75.0,"event_name":"World of Goop","player_choice":"Gather Gold","floor":4.0,"gold_loss":0.0,"damage_taken":11.0},{"cards_removed":["Strike_R"],"damage_healed":0.0,"max_hp_gain":0.0,"max_hp_loss":0.0,"gold_gain":0.0,"event_name":"Golden Wing","player_choice":"Card Removal","floor":5.0,"gold_loss":0.0,"damage_taken":7.0},{"damage_healed":0.0,"max_hp_gain":0.0,"max_hp_loss":0.0,"gold_gain":0.0,"event_name":"The Mausoleum","player_choice":"Ignored","floor":20.0,"gold_loss":0.0,"damage_taken":0.0},{"cards_removed":["Strike_R"],"damage_healed":0.0,"max_hp_gain":0.0,"max_hp_loss":0.0,"gold_gain":0.0,"event_name":"Back to Basics","player_choice":"Elegance","floor":25.0,"gold_loss":0.0,"damage_taken":0.0},{"damage_healed":0.0,"max_hp_gain":0.0,"max_hp_loss":0.0,"gold_gain":0.0,"event_name":"Cursed Tome","player_choice":"Ignored","floor":28.0,"gold_loss":0.0,"damage_taken":0.0},{"damage_healed":0.0,"max_hp_gain":0.0,"max_hp_loss":0.0,"gold_gain":0.0,"event_name":"Vampires","player_choice":"Ignored","floor":29.0,"gold_loss":0.0,"damage_taken":0.0},{"damage_healed":67.0,"max_hp_gain":0.0,"max_hp_loss":15.0,"gold_gain":0.0,"event_name":"The Moai Head","player_choice":"Heal","floor":41.0,"gold_loss":0.0,"damage_taken":0.0},{"damage_healed":0.0,"max_hp_gain":0.0,"max_hp_loss":0.0,"gold_gain":0.0,"event_name":"Tomb of Lord Red Mask","player_choice":"Ignored","floor":42.0,"gold_loss":0.0,"damage_taken":0.0}],"is_beta":true,"boss_relics":[{"not_picked":["Snecko Eye","Runic Cube"],"picked":"Black Blood"},{"not_picked":["Astrolabe","Runic Pyramid"],"picked":"Pandora\u0027s Box"}],"items_purged_floors":[19,24,37,47],"is_endless":false,"potions_floor_spawned":[3,6,10,14,21,22,33,35,39,48],"killed_by":"Time Eater","ascension_level":20}