{"gold_per_floor":[117,117,136,149,149,176,176,207,207,207,241,91,102,177,177,177],"floor_reached":16,"playtime":1250,"items_purged":["Defend_B"],"score":207,"play_id":"71fa6579-1f1b-4a29-a803-a832a858242a","local_time":"20190924042045","is_ascension_mode":true,"campfire_choices":[{"floor":7.0,"key":"REST"},{"floor":10.0,"key":"REST"},{"floor":15,"key":"REST"}],"neow_cost":"NONE","seed_source_timestamp":1319071588566832,"circlet_count":0,"master_deck":["AscendersBane","Strike_B","Strike_B","Strike_B","Strike_B","Defend_B","Defend_B","Defend_B","Zap","Dualcast","Streamline","FTL","Undo","Rebound","Genetic Algorithm","Capacitor+1"],"special_seed":0,"relics":["Cracked Core","Happy Flower","Frozen Egg 2","Ancient Tea Set","Gambling Chip"],"potions_floor_usage":[11],"damage_taken":[{"damage":2.0,"enemies":"2 Louse","floor":1.0,"turns":3.0},{"damage":0.0,"enemies":"Small Slimes","floor":3.0,"turns":3.0},{"damage":12.0,"enemies":"Jaw Worm","floor":4.0,"turns":2.0},{"damage":54.0,"enemies":"Gremlin Nob","floor":6.0,"turns":5.0},{"damage":30.0,"enemies":"3 Sentries","floor":8.0,"turns":7.0},{"damage":7,"enemies":"Lagavulin","floor":11,"turns":6},{"damage":4,"enemies":"3 Louse","floor":13,"turns":3},{"damage":30,"enemies":"Slime Boss","floor":16,"turns":5}],"seed_played":"8829356968531216671","potions_obtained":[{"floor":6.0,"key":"Weak Potion"}],"is_trial":false,"path_per_floor":["M","?","M","M","?","E","R","E","T","R","E","$","M","?","R","B"],"character_chosen":"DEFECT","items_purchased":["Capacitor+1"],"campfire_rested":3,"item_purchase_floors":[12],"current_hp_per_floor":[69,74,74,62,62,8,32,2,2,26,19,19,15,4,28,0],"gold":177,"neow_bonus":"TEN_PERCENT_HP_BONUS","is_prod":false,"is_daily":false,"chose_seed":false,"campfire_upgraded":0,"win_rate":0,"timestamp":1569313245,"path_taken":["M","?","M","M","?","E","R","E","T","R","E","$","M","?","R","BOSS"],"build_version":"2019-07-17","purchased_purges":1,"victory":false,"max_hp_per_floor":[78,83,83,83,83,83,83,83,83,83,83,83,83,83,83,83],"card_choices":[{"not_picked":["Compile Driver","Rip and Tear"],"picked":"Streamline","floor":1.0},{"not_picked":["Hologram","Go for the Eyes"],"picked":"FTL","floor":3.0},{"not_picked":["Recycle","Steam","Aggregate"],"picked":"SKIP","floor":4.0},{"not_picked":["Recycle","Steam","Aggregate"],"picked":"SKIP","floor":4.0},{"not_picked":["Leap","Blizzard"],"picked":"Undo","floor":6.0},{"not_picked":["Coolheaded","Sweeping Beam"],"picked":"Rebound","floor":8.0},{"not_picked":["Redo","Reprogram"],"picked":"Genetic Algorithm","floor":11},{"not_picked":["Tempest","Stack","Rebound"],"picked":"SKIP","floor":13}],"player_experience":375740,"relics_obtained":[{"floor":6.0,"key":"Happy Flower"},{"floor":8.0,"key":"Frozen Egg 2"},{"floor":9.0,"key":"Ancient Tea Set"},{"floor":11,"key":"Gambling Chip"}],"event_choices":[{"damage_healed":0.0,"max_hp_gain":5.0,"max_hp_loss":0.0,"gold_gain":0.0,"event_name":"Big Fish","player_choice":"Donut","floor":2.0,"gold_loss":0.0,"damage_taken":0.0},{"damage_healed":0.0,"max_hp_gain":0.0,"max_hp_loss":0.0,"gold_gain":0.0,"event_name":"Liars Game","player_choice":"Ignored","floor":5.0,"gold_loss":0.0,"damage_taken":0.0},{"damage_healed":0,"gold_gain":75,"player_choice":"Gather Gold","damage_taken":11,"max_hp_gain":0,"max_hp_loss":0,"event_name":"World of Goop","floor":14,"gold_loss":0}],"is_beta":false,"boss_relics":[],"items_purged_floors":[12],"is_endless":false,"potions_floor_spawned":[6],"killed_by":"Slime Boss","ascension_level":15}