{"gold_per_floor":[115,131,148,148,175,214,214,234,261,261,279,302,343,363,363,457,457,478,499,112,137,137,164,164],"floor_reached":24,"playtime":799,"items_purged":[],"score":460,"play_id":"33d78b6d-dc82-4a42-b44c-bd5b755c99e6","local_time":"20190918100439","is_ascension_mode":true,"campfire_choices":[{"data":"Perfected Strike","floor":7,"key":"SMITH"},{"data":"Perfected Strike","floor":10,"key":"SMITH"},{"data":"Rage","floor":15,"key":"SMITH"}],"neow_cost":"NONE","seed_source_timestamp":121468934460900,"circlet_count":0,"master_deck":["AscendersBane","Strike_R","Strike_R","Strike_R","Strike_R","Strike_R","Defend_R","Defend_R","Defend_R","Defend_R","Bash","Wild Strike","Perfected Strike+1","Wild Strike","Ghostly Armor","Perfected Strike+1","True Grit","Metallicize","Twin Strike","Rage+1","Offering","Rupture+1","Corruption","Mayhem","Discovery","Feel No Pain","Battle Trance"],"relics":["Burning Blood","Bloody Idol","Pen Nib","Boot","Bag of Marbles","Bag of Preparation","Runic Dome","WingedGreaves"],"potions_floor_usage":[16,16],"damage_taken":[{"damage":10,"enemies":"Small Slimes","floor":1,"turns":3},{"damage":9,"enemies":"Jaw Worm","floor":2,"turns":4},{"damage":8,"enemies":"2 Louse","floor":3,"turns":2},{"damage":25,"enemies":"3 Sentries","floor":6,"turns":9},{"damage":12,"enemies":"Large Slime","floor":8,"turns":6},{"damage":0,"enemies":"2 Fungi Beasts","floor":11,"turns":2},{"damage":3,"enemies":"Blue Slaver","floor":12,"turns":3},{"damage":19,"enemies":"Lagavulin","floor":13,"turns":4},{"damage":4,"enemies":"Large Slime","floor":14,"turns":4},{"damage":54,"enemies":"Hexaghost","floor":16,"turns":12},{"damage":0,"enemies":"Shell Parasite","floor":18,"turns":1},{"damage":6,"enemies":"Spheric Guardian","floor":19,"turns":2},{"damage":6,"enemies":"Snecko","floor":21,"turns":2},{"damage":41,"enemies":"Slavers","floor":23,"turns":4},{"damage":35,"enemies":"Cultist and Chosen","floor":24,"turns":5}],"seed_played":"6111894212964261318","potions_obtained":[{"floor":2,"key":"SkillPotion"},{"floor":3,"key":"SneckoOil"},{"floor":11,"key":"BloodPotion"},{"floor":12,"key":"Fire Potion"},{"floor":14,"key":"Regen Potion"},{"floor":18,"key":"SteroidPotion"}],"is_trial":false,"path_per_floor":["M","M","M","?","T","E","R","M","T","R","M","M","E","M","R","B",null,"M","M","$","M","?","E","M"],"character_chosen":"IRONCLAD","items_purchased":["Corruption","Mayhem","Discovery"],"campfire_rested":0,"item_purchase_floors":[20,20,20],"current_hp_per_floor":[64,61,59,59,59,40,40,34,34,34,40,43,30,32,32,16,55,61,61,61,61,61,31,0],"gold":164,"neow_bonus":"THREE_CARDS","is_prod":false,"is_daily":false,"chose_seed":false,"campfire_upgraded":3,"win_rate":0,"timestamp":1568826279,"path_taken":["M","M","M","?","?","E","R","?","T","R","M","M","E","M","R","BOSS","M","M","$","M","?","E","M"],"build_version":"2019-07-17","purchased_purges":0,"victory":false,"max_hp_per_floor":[75,75,75,68,68,68,68,68,68,68,68,68,68,68,68,68,68,68,68,68,68,68,68,68],"card_choices":[{"not_picked":["Twin Strike","Sword Boomerang"],"picked":"Wild Strike","floor":0},{"not_picked":["Carnage","Cleave"],"picked":"Perfected Strike","floor":1},{"not_picked":["Infernal Blade","Intimidate","Iron Wave"],"picked":"SKIP","floor":2},{"not_picked":["Twin Strike","Body Slam"],"picked":"Wild Strike","floor":3},{"not_picked":["Limit Break","Armaments"],"picked":"Ghostly Armor","floor":6},{"not_picked":["Sentinel","Headbutt"],"picked":"Perfected Strike","floor":8},{"not_picked":["Clothesline","Inflame"],"picked":"True Grit","floor":11},{"not_picked":["Clothesline","Intimidate"],"picked":"Metallicize","floor":12},{"not_picked":["Armaments","Shrug It Off"],"picked":"Twin Strike","floor":13},{"not_picked":["Headbutt","Rupture"],"picked":"Rage","floor":14},{"not_picked":["Impervious","Dark Embrace"],"picked":"Offering","floor":16},{"not_picked":["Iron Wave","Armaments","Clothesline"],"picked":"SKIP","floor":18},{"not_picked":["Warcry","Anger"],"picked":"Rupture+1","floor":19},{"not_picked":["Flex","Twin Strike"],"picked":"Feel No Pain","floor":21},{"not_picked":["Cleave","Clothesline"],"picked":"Battle Trance","floor":23}],"player_experience":836326,"relics_obtained":[{"floor":5,"key":"Pen Nib"},{"floor":6,"key":"Boot"},{"floor":9,"key":"Bag of Marbles"},{"floor":13,"key":"Bag of Preparation"},{"floor":23,"key":"WingedGreaves"}],"event_choices":[{"damage_healed":0,"gold_gain":0,"player_choice":"Lose Max HP","damage_taken":0,"relics_obtained":["Golden Idol"],"max_hp_gain":0,"max_hp_loss":7,"event_name":"Golden Idol","floor":4,"gold_loss":0},{"damage_healed":0,"gold_gain":0,"player_choice":"Gave Idol","damage_taken":0,"relics_obtained":["Bloody Idol"],"max_hp_gain":0,"max_hp_loss":0,"event_name":"Forgotten Altar","floor":22,"relics_lost":["Golden Idol"],"gold_loss":0}],"is_beta":false,"boss_relics":[{"not_picked":["Eternal Feather","Busted Crown"],"picked":"Runic Dome"}],"items_purged_floors":[],"is_endless":false,"potions_floor_spawned":[2,3,6,11,12,14,18],"killed_by":"Cultist and Chosen","ascension_level":20}