{"gold_per_floor":[10,10,85,104,104,135,162,162,186,198,38,38,52,63,63,134,134,150,75,89,89],"floor_reached":21,"playtime":576,"items_purged":["Strike_R"],"score":354,"play_id":"0325d88f-03c9-44fb-8fb3-c8a87d1d68f3","local_time":"20190923155242","is_ascension_mode":true,"campfire_choices":[{"floor":8,"key":"REST"},{"data":"Anger","floor":10,"key":"SMITH"},{"data":"Flex","floor":12,"key":"SMITH"},{"floor":15,"key":"REST"}],"neow_cost":"NO_GOLD","seed_source_timestamp":574571555937400,"circlet_count":0,"master_deck":["AscendersBane","Strike_R","Strike_R","Strike_R","Defend_R","Defend_R","Defend_R","Bash","Anger+1","Clash","Flex+1","Second Wind","Anger+1","Intimidate"],"special_seed":0,"relics":["Black Blood","Unceasing Top","Molten Egg 2","Red Skull","MawBank","Medical Kit"],"potions_floor_usage":[6,16],"damage_taken":[{"damage":4.0,"enemies":"Small Slimes","floor":1.0,"turns":4.0},{"damage":0,"enemies":"2 Louse","floor":4,"turns":4},{"damage":45,"enemies":"3 Sentries","floor":6,"turns":10},{"damage":7,"enemies":"Jaw Worm","floor":13,"turns":4},{"damage":6,"enemies":"Exordium Wildlife","floor":14,"turns":3},{"damage":23,"enemies":"Slime Boss","floor":16,"turns":6},{"damage":50,"enemies":"3 Byrds","floor":18,"turns":6},{"damage":24,"enemies":"Shell Parasite","floor":20,"turns":3},{"damage":26,"enemies":"Shelled Parasite and Fungi","floor":21,"turns":1}],"seed_played":"4566950863438399505","potions_obtained":[{"floor":4,"key":"Regen Potion"},{"floor":6,"key":"PowerPotion"},{"floor":20,"key":"Explosive Potion"}],"is_trial":false,"path_per_floor":["M","?","?","M","?","E","T","R","T","R","$","R","M","M","R","B",null,"M","$","M","M"],"character_chosen":"IRONCLAD","items_purchased":["Medical Kit"],"campfire_rested":2,"item_purchase_floors":[11],"current_hp_per_floor":[70,70,59,65,58,34,34,56,56,56,56,56,55,55,75,58,71,33,33,21,0],"gold":89,"neow_bonus":"ONE_RARE_RELIC","is_prod":false,"is_daily":false,"chose_seed":false,"campfire_upgraded":2,"win_rate":0,"timestamp":1569279162,"path_taken":["M","?","?","M","?","E","?","R","T","R","?","R","M","M","R","BOSS","M","$","M","M"],"build_version":"2019-09-23","purchased_purges":1,"victory":false,"max_hp_per_floor":[75,75,75,75,75,75,75,75,75,75,75,75,75,75,75,75,75,75,75,75,75],"card_choices":[{"not_picked":["Cleave","Pummel"],"picked":"Anger","floor":1.0},{"not_picked":["Warcry","Entrench"],"picked":"Clash","floor":4},{"not_picked":["Carnage","Headbutt"],"picked":"Flex","floor":6},{"not_picked":["Disarm","Shockwave"],"picked":"Second Wind","floor":13},{"not_picked":["Warcry","Perfected Strike+1","Heavy Blade+1"],"picked":"SKIP","floor":14},{"not_picked":["Carnage+1","Sword Boomerang+1"],"picked":"Anger+1","floor":18},{"not_picked":["Armaments","Cleave+1"],"picked":"Intimidate","floor":20}],"player_experience":989704,"relics_obtained":[{"floor":6,"key":"Molten Egg 2"},{"floor":7,"key":"Red Skull"},{"floor":9,"key":"MawBank"}],"event_choices":[{"cards_removed":["Strike_R"],"damage_healed":0.0,"max_hp_gain":0.0,"max_hp_loss":0.0,"gold_gain":0.0,"event_name":"Living Wall","player_choice":"Forget","floor":2.0,"gold_loss":0.0,"damage_taken":0.0},{"damage_healed":0,"gold_gain":75,"player_choice":"Gather Gold","damage_taken":11,"max_hp_gain":0,"max_hp_loss":0,"event_name":"World of Goop","floor":3,"gold_loss":0},{"cards_removed":["Defend_R"],"damage_healed":0,"gold_gain":0,"player_choice":"Card Removal","damage_taken":7,"max_hp_gain":0,"max_hp_loss":0,"event_name":"Golden Wing","floor":5,"gold_loss":0}],"is_beta":true,"boss_relics":[{"not_picked":["Snecko Eye","Runic Cube"],"picked":"Black Blood"}],"items_purged_floors":[19],"is_endless":false,"potions_floor_spawned":[4,6,20],"killed_by":"Shelled Parasite and Fungi","ascension_level":20}