{"path_per_floor":["M","M","M","M","?","R","$","R","T","E","M","?","T","M","R","B",null,"M","M","$","?"],"character_chosen":"DEFECT","items_purchased":["Loop","Thunder Strike","Enlightenment"],"gold_per_floor":[116,130,146,160,160,160,10,10,10,43,56,56,82,101,101,206,206,222,238,42,42,42],"floor_reached":22,"campfire_rested":1,"playtime":1947,"item_purchase_floors":[7,7,20],"current_hp_per_floor":[70,68,68,54,54,54,54,54,54,38,30,30,30,18,55,21,75,46,19,19,19,0],"items_purged":[],"gold":42,"score":186,"play_id":"65f53573-6a6e-443c-8255-79bc55711c70","local_time":"20180614173241","is_prod":false,"is_daily":false,"chose_seed":false,"is_ascension_mode":false,"campfire_upgraded":2,"win_rate":0.0,"timestamp":1529011961,"campfire_choices":[{"data":"Hello World","floor":6,"key":"SMITH"},{"data":"Loop","floor":8,"key":"SMITH"},{"floor":15,"key":"REST"}],"path_taken":["M","M","M","M","?","R","$","R","T","E","?","?","?","?","R","BOSS","M","M","$","?","M"],"build_version":"2018-06-07v3","seed_source_timestamp":7027440468137,"purchased_purges":0,"victory":false,"master_deck":["Strike_B+1","Strike_B+1","Strike_B+1","Strike_B+1","Defend_B+1","Defend_B+1","Defend_B+1","Defend_B+1","Zap","White Noise","Hello World+1","Conserve Battery","FTL","Loop+1","Thunder Strike","Scrape","Sweeping Beam","Melter","Genetic Algorithm","Echo Form","Capacitor","Darkness","Enlightenment"],"max_hp_per_floor":[75,75,75,75,75,75,75,75,75,75,75,75,75,75,75,75,75,75,75,75,75,75],"relics":["Cracked Core","Regal Pillow","Darkstone Periapt","Ice Cream","Vajra","Cursed Key"],"card_choices":[{"not_picked":["Conserve Battery","Scrape"],"picked":"White Noise","floor":1},{"not_picked":["Genetic Algorithm","Barrage"],"picked":"Hello World","floor":2},{"not_picked":["Hologram","Force Field"],"picked":"Conserve Battery","floor":3},{"not_picked":["Chill","Conserve Battery"],"picked":"FTL","floor":4},{"not_picked":["Thunder Strike","Lockon"],"picked":"Scrape","floor":10},{"not_picked":["Hologram","Blizzard"],"picked":"Sweeping Beam","floor":11},{"not_picked":["Go for the Eyes","Beam Cell"],"picked":"Genetic Algorithm","floor":14},{"not_picked":["Hyperbeam","Thunder Strike"],"picked":"Echo Form","floor":16},{"not_picked":["Streamline","Double Energy+1"],"picked":"Capacitor","floor":18},{"not_picked":["Barrage","Sweeping Beam"],"picked":"Darkness","floor":19}],"player_experience":197535,"potions_floor_usage":[4,4,10,22],"damage_taken":[{"damage":5,"enemies":"Jaw Worm","floor":1,"turns":5},{"damage":2,"enemies":"Small Slimes","floor":2,"turns":3},{"damage":0,"enemies":"2 Louse","floor":3,"turns":2},{"damage":23,"enemies":"Lots of Slimes","floor":4,"turns":4},{"damage":16,"enemies":"3 Sentries","floor":10,"turns":5},{"damage":8,"enemies":"Looter","floor":11,"turns":3},{"damage":12,"enemies":"Blue Slaver","floor":14,"turns":4},{"damage":34,"enemies":"The Guardian","floor":16,"turns":10},{"damage":29,"enemies":"Chosen","floor":18,"turns":5},{"damage":27,"enemies":"Shell Parasite","floor":19,"turns":6},{"damage":19,"enemies":"Sentry and Sphere","floor":22,"turns":3}],"relics_obtained":[{"floor":9,"key":"Darkstone Periapt"},{"floor":10,"key":"Ice Cream"},{"floor":13,"key":"Vajra"}],"event_choices":[{"event_name":"Golden Wing","player_choice":"Ignored","floor":5,"damage_taken":0},{"event_name":"Living Wall","player_choice":"Change","floor":12,"damage_taken":0},{"event_name":"Back to Basics","player_choice":"Simplicity","floor":21,"damage_taken":0}],"boss_relics":[{"not_picked":["Runic Dome","Runic Pyramid"],"picked":"Cursed Key"}],"items_purged_floors":[],"potions_floor_spawned":[1,3,4,19],"seed_played":"-2465608151147733452","killed_by":"Sentry and Sphere","ascension_level":0,"potions_obtained":[{"floor":1,"key":"PowerPotion"},{"floor":3,"key":"Regen Potion"},{"floor":4,"key":"Explosive Potion"},{"floor":19,"key":"Weak Potion"}],"is_trial":false}