{"gold_per_floor":[109,119,119,139,104,104,135,135,189,23,36,54,54,86,86,158,158,171,181,126,41,52,82,82,82],"floor_reached":25,"playtime":698,"items_purged":[],"score":462,"play_id":"40d687f3-8983-4f24-80a7-dbf24477118a","local_time":"20190922181136","is_ascension_mode":true,"campfire_choices":[{"data":"Perfected Strike","floor":6,"key":"SMITH"},{"data":"Shrug It Off","floor":8,"key":"SMITH"},{"data":"Berserk","floor":15,"key":"SMITH"},{"floor":24,"key":"REST"}],"neow_cost":"NONE","seed_source_timestamp":496389063221400,"circlet_count":0,"master_deck":["AscendersBane","Strike_R","Strike_R","Strike_R","Strike_R","Strike_R+1","Defend_R","Defend_R","Defend_R","Defend_R","Bash+1","Shrug It Off+1","Perfected Strike+1","Ghostly Armor","Perfected Strike+1","Berserk+1","Impervious","Disarm","Wild Strike","Dark Embrace"],"relics":["Burning Blood","NeowsBlessing","Lantern","Regal Pillow","DollysMirror","Ornamental Fan","Vajra","Velvet Choker","Boot","Centennial Puzzle"],"potions_floor_usage":[16,19,23],"damage_taken":[{"damage":0,"enemies":"Cultist","floor":1,"turns":1},{"damage":0,"enemies":"Small Slimes","floor":2,"turns":1},{"damage":0,"enemies":"2 Louse","floor":4,"turns":1},{"damage":30,"enemies":"3 Sentries","floor":7,"turns":8},{"damage":0,"enemies":"Blue Slaver","floor":11,"turns":1},{"damage":5,"enemies":"Gremlin Gang","floor":12,"turns":5},{"damage":8,"enemies":"Gremlin Nob","floor":14,"turns":3},{"damage":12,"enemies":"Slime Boss","floor":16,"turns":8},{"damage":21,"enemies":"3 Byrds","floor":18,"turns":8},{"damage":12,"enemies":"Spheric Guardian","floor":19,"turns":4},{"damage":9,"enemies":"3 Cultists","floor":22,"turns":6},{"damage":74,"enemies":"Gremlin Leader","floor":23,"turns":9},{"damage":46,"enemies":"Slavers","floor":25,"turns":3}],"seed_played":"6252313183617832739","potions_obtained":[{"floor":1,"key":"SkillPotion"},{"floor":7,"key":"BloodPotion"}],"is_trial":false,"path_per_floor":["M","M","?","M","?","R","E","R","T","$","M","M","T","E","R","B",null,"M","M","$","?","M","E","R","E"],"character_chosen":"IRONCLAD","items_purchased":["DollysMirror","BloodPotion"],"campfire_rested":1,"item_purchase_floors":[10,20],"current_hp_per_floor":[74,75,52,58,75,75,51,51,51,51,57,58,58,56,56,50,69,54,63,63,63,60,7,44,0],"gold":82,"neow_bonus":"THREE_ENEMY_KILL","is_prod":false,"is_daily":false,"chose_seed":false,"campfire_upgraded":3,"win_rate":0,"timestamp":1569201096,"path_taken":["M","?","?","M","?","R","E","R","T","?","M","?","?","E","R","BOSS","M","M","$","?","M","E","R","E"],"build_version":"2019-09-20","purchased_purges":0,"victory":false,"max_hp_per_floor":[75,75,75,75,75,75,75,75,75,75,75,75,75,75,75,75,75,75,75,75,75,75,75,75,75],"card_choices":[{"not_picked":["Searing Blow","Blood for Blood"],"picked":"Shrug It Off","floor":1},{"not_picked":["Bloodletting","Thunderclap"],"picked":"Perfected Strike","floor":2},{"not_picked":["Clothesline","Thunderclap","Body Slam"],"picked":"SKIP","floor":4},{"not_picked":["Rampage","Bloodletting"],"picked":"Ghostly Armor","floor":7},{"not_picked":["Armaments","Whirlwind","True Grit"],"picked":"SKIP","floor":11},{"not_picked":["Sword Boomerang","Thunderclap","Anger"],"picked":"SKIP","floor":12},{"not_picked":["Searing Blow","Armaments"],"picked":"Berserk","floor":14},{"not_picked":["Bludgeon","Feed"],"picked":"Impervious","floor":16},{"not_picked":["Uppercut","Sword Boomerang"],"picked":"Disarm","floor":18},{"not_picked":["Flame Barrier","Carnage"],"picked":"Wild Strike","floor":19},{"not_picked":["Flex","Sever Soul","Heavy Blade"],"picked":"SKIP","floor":22},{"not_picked":["Feed","Limit Break"],"picked":"Dark Embrace","floor":23}],"player_experience":978564,"relics_obtained":[{"floor":7,"key":"Lantern"},{"floor":9,"key":"Regal Pillow"},{"floor":13,"key":"Ornamental Fan"},{"floor":14,"key":"Vajra"},{"floor":23,"key":"Centennial Puzzle"}],"event_choices":[{"damage_healed":0,"gold_gain":0,"player_choice":"Entered Light","damage_taken":23,"max_hp_gain":0,"max_hp_loss":0,"event_name":"Shining Light","floor":3,"gold_loss":0,"cards_upgraded":["Bash","Strike_R"]},{"damage_healed":18,"gold_gain":0,"player_choice":"Healed","damage_taken":0,"max_hp_gain":0,"max_hp_loss":0,"event_name":"The Cleric","floor":5,"gold_loss":35},{"damage_healed":0,"gold_gain":0,"player_choice":"Obtained Relic","damage_taken":0,"relics_obtained":["Boot"],"max_hp_gain":0,"max_hp_loss":0,"event_name":"Addict","floor":21,"gold_loss":85}],"is_beta":true,"boss_relics":[{"not_picked":["Coffee Dripper","Calling Bell"],"picked":"Velvet Choker"}],"items_purged_floors":[],"is_endless":false,"potions_floor_spawned":[1,7],"killed_by":"Slavers","ascension_level":20}