{"gold_per_floor":[112,123,138,34,46,46,71,71,71,71,84,159,169,200,200,200],"floor_reached":16,"playtime":466,"items_purged":["Defend_R"],"score":224,"play_id":"5632acef-c6e8-4ac8-a62c-792f8fe7012e","local_time":"20190916121401","is_ascension_mode":true,"campfire_choices":[{"data":"Perfected Strike","floor":6,"key":"SMITH"},{"floor":8,"key":"REST"},{"data":"Flame Barrier","floor":10,"key":"SMITH"},{"data":"Disarm","floor":15,"key":"SMITH"}],"neow_cost":"NONE","seed_source_timestamp":360706636986300,"circlet_count":0,"master_deck":["AscendersBane","Strike_R","Strike_R","Strike_R","Strike_R","Strike_R","Defend_R","Defend_R","Defend_R","Bash+1","Disarm+1","Flame Barrier+1","Perfected Strike+1","Anger","Dark Embrace","Feed"],"relics":["Burning Blood","Anchor","Singing Bowl","Mango"],"potions_floor_usage":[7,16],"damage_taken":[{"damage":4,"enemies":"Jaw Worm","floor":1,"turns":4},{"damage":4,"enemies":"Small Slimes","floor":2,"turns":6},{"damage":4,"enemies":"Cultist","floor":3,"turns":4},{"damage":26,"enemies":"Gremlin Gang","floor":5,"turns":6},{"damage":59,"enemies":"Gremlin Nob","floor":7,"turns":5},{"damage":0,"enemies":"Exordium Wildlife","floor":11,"turns":4},{"damage":1,"enemies":"Blue Slaver","floor":13,"turns":4},{"damage":30,"enemies":"3 Sentries","floor":14,"turns":8},{"damage":28,"enemies":"Hexaghost","floor":16,"turns":10}],"seed_played":"-32138144916560489","potions_obtained":[{"floor":3,"key":"Regen Potion"},{"floor":5,"key":"Dexterity Potion"},{"floor":7,"key":"SkillPotion"},{"floor":11,"key":"Strength Potion"}],"is_trial":false,"path_per_floor":["M","M","M","$","M","R","E","R","T","R","M","?","M","E","R","B"],"character_chosen":"IRONCLAD","items_purchased":["Perfected Strike"],"campfire_rested":1,"item_purchase_floors":[4],"current_hp_per_floor":[70,72,74,74,54,54,15,37,37,37,43,32,37,27,27,0],"gold":200,"neow_bonus":"UPGRADE_CARD","is_prod":false,"is_daily":false,"chose_seed":false,"campfire_upgraded":3,"win_rate":0,"timestamp":1568661241,"path_taken":["M","M","M","$","M","R","E","R","T","R","M","?","M","E","R","BOSS"],"build_version":"2019-07-17","purchased_purges":1,"victory":false,"max_hp_per_floor":[75,75,75,75,75,75,75,75,75,75,75,75,75,89,89,89],"card_choices":[{"not_picked":["Body Slam","Warcry"],"picked":"Disarm","floor":1},{"not_picked":["Clash","Body Slam","Armaments"],"picked":"SKIP","floor":2},{"not_picked":["Bloodletting","Thunderclap"],"picked":"Flame Barrier","floor":3},{"not_picked":["Cleave","Flex","Warcry"],"picked":"SKIP","floor":5},{"not_picked":["Sever Soul","Clash","Body Slam"],"picked":"SKIP","floor":7},{"not_picked":["True Grit","Cleave"],"picked":"Anger","floor":11},{"not_picked":["Combust","Sword Boomerang"],"picked":"Dark Embrace","floor":13},{"not_picked":["Dual Wield","Anger"],"picked":"Feed","floor":14}],"player_experience":773571,"relics_obtained":[{"floor":7,"key":"Anchor"},{"floor":9,"key":"Singing Bowl"},{"floor":14,"key":"Mango"}],"event_choices":[{"damage_healed":0,"gold_gain":75,"player_choice":"Gather Gold","damage_taken":11,"max_hp_gain":0,"max_hp_loss":0,"event_name":"World of Goop","floor":12,"gold_loss":0}],"is_beta":false,"boss_relics":[],"items_purged_floors":[4],"is_endless":false,"potions_floor_spawned":[3,5,7,11,14],"killed_by":"Hexaghost","ascension_level":20}