{"gold_per_floor":[119,134,184,200,218,218,245,245,245,256,58,76,76],"floor_reached":13,"playtime":421,"items_purged":["Strike_R"],"score":174,"play_id":"29f8b83a-b60d-4e34-8076-ce6384b6ade8","local_time":"20190917002750","is_ascension_mode":true,"campfire_choices":[{"data":"Bash","floor":6,"key":"SMITH"},{"data":"Disarm","floor":8,"key":"SMITH"}],"neow_cost":"NONE","seed_source_timestamp":836103893000,"circlet_count":0,"master_deck":["AscendersBane","Strike_R","Strike_R","Strike_R","Strike_R","Defend_R","Defend_R","Defend_R","Defend_R","Bash+1","Shrug It Off","Pommel Strike","Shrug It Off","Disarm+1","Disarm","Metallicize","Uppercut","Combust"],"relics":["Burning Blood","Oddly Smooth Stone","Strawberry"],"potions_floor_usage":[7,10],"damage_taken":[{"damage":3,"enemies":"2 Louse","floor":1,"turns":3},{"damage":7,"enemies":"Cultist","floor":2,"turns":5},{"damage":3,"enemies":"Small Slimes","floor":4,"turns":4},{"damage":4,"enemies":"Red Slaver","floor":5,"turns":6},{"damage":47,"enemies":"Gremlin Nob","floor":7,"turns":5},{"damage":23,"enemies":"Gremlin Gang","floor":10,"turns":5},{"damage":5,"enemies":"Blue Slaver","floor":12,"turns":5},{"damage":30,"enemies":"Lagavulin Event","floor":13,"turns":5}],"seed_played":"-9143200809537213779","potions_obtained":[{"floor":1,"key":"Block Potion"},{"floor":4,"key":"SkillPotion"}],"is_trial":false,"path_per_floor":["M","M","?","M","M","R","E","R","T","M","$","M","?"],"character_chosen":"IRONCLAD","items_purchased":["Metallicize","Uppercut"],"campfire_rested":0,"item_purchase_floors":[11,11],"current_hp_per_floor":[78,77,77,80,82,82,41,41,48,31,31,32,2],"gold":76,"neow_bonus":"TEN_PERCENT_HP_BONUS","is_prod":false,"is_daily":false,"chose_seed":false,"campfire_upgraded":2,"win_rate":0,"timestamp":1568705270,"path_taken":["M","M","?","M","?","R","E","R","T","M","$","M","?"],"build_version":"2019-07-17","purchased_purges":1,"victory":false,"max_hp_per_floor":[82,82,82,82,82,82,82,82,89,89,89,89,89],"card_choices":[{"not_picked":["Sever Soul","Pommel Strike"],"picked":"Shrug It Off","floor":1},{"not_picked":["Rupture","Iron Wave"],"picked":"Pommel Strike","floor":2},{"not_picked":["Bloodletting","Thunderclap","Pommel Strike"],"picked":"SKIP","floor":4},{"not_picked":["Twin Strike","Corruption"],"picked":"Shrug It Off","floor":5},{"not_picked":["Seeing Red","Shrug It Off"],"picked":"Disarm","floor":7},{"not_picked":["Metallicize","True Grit"],"picked":"Disarm","floor":10},{"not_picked":["Bloodletting","Flex"],"picked":"Combust","floor":12}],"player_experience":799380,"relics_obtained":[{"floor":7,"key":"Oddly Smooth Stone"},{"floor":9,"key":"Strawberry"}],"event_choices":[{"damage_healed":0,"gold_gain":50,"player_choice":"Pray","damage_taken":0,"max_hp_gain":0,"max_hp_loss":0,"event_name":"Golden Shrine","floor":3,"gold_loss":0},{"damage_healed":0,"gold_gain":0,"player_choice":"Searched \u00271\u0027 times","damage_taken":0,"max_hp_gain":0,"max_hp_loss":0,"event_name":"Dead Adventurer","floor":13,"gold_loss":0}],"is_beta":false,"boss_relics":[],"items_purged_floors":[11],"is_endless":false,"potions_floor_spawned":[1,4,5],"killed_by":"Lagavulin Event","ascension_level":20}