{"gold_per_floor":[115,126,145,220,234,234,268,268,291,302,302,330,23,23,23,96,96,110,25,42,42,55,55,65,92,104,6,18,1,1,14,14,14],"floor_reached":33,"playtime":1426,"items_purged":[],"score":575,"play_id":"06b62e59-a6a9-4210-abd7-9d7d3b8fa8ee","local_time":"20190923220019","is_ascension_mode":true,"campfire_choices":[{"data":"Neutralize","floor":6,"key":"SMITH"},{"data":"Bane","floor":8,"key":"SMITH"},{"data":"Bouncing Flask","floor":11,"key":"SMITH"},{"data":"Deadly Poison","floor":15,"key":"SMITH"},{"data":"Dash","floor":23,"key":"SMITH"},{"data":"Catalyst","floor":28,"key":"SMITH"},{"data":"Noxious Fumes","floor":30,"key":"SMITH"},{"floor":32,"key":"REST"}],"neow_cost":"NONE","seed_source_timestamp":1079323973100300,"circlet_count":0,"master_deck":["AscendersBane","Strike_G","Strike_G","Defend_G","Defend_G","Defend_G","Defend_G","Defend_G","Survivor","Neutralize+1","Bouncing Flask+1","Flying Knee","Bane+1","Deadly Poison+1","Cloak And Dagger+1","Leg Sweep+1","Dash+1","Blur","Noxious Fumes+1","Catalyst+1","Poisoned Stab","Dodge and Roll"],"relics":["Ring of the Snake","Orichalcum","Strawberry","Ancient Tea Set","Kunai","Empty Cage","Snake Skull","MawBank","Sundial"],"potions_floor_usage":[12,12,18,20,25,25],"damage_taken":[{"damage":0,"enemies":"2 Louse","floor":1,"turns":5},{"damage":1,"enemies":"Cultist","floor":2,"turns":4},{"damage":2,"enemies":"Jaw Worm","floor":3,"turns":4},{"damage":1,"enemies":"Blue Slaver","floor":5,"turns":4},{"damage":20,"enemies":"Lagavulin","floor":7,"turns":7},{"damage":3,"enemies":"2 Fungi Beasts","floor":10,"turns":3},{"damage":2,"enemies":"Gremlin Nob","floor":12,"turns":4},{"damage":29,"enemies":"Hexaghost","floor":16,"turns":10},{"damage":10,"enemies":"Shell Parasite","floor":18,"turns":5},{"damage":6,"enemies":"3 Byrds","floor":20,"turns":4},{"damage":6,"enemies":"Snecko","floor":22,"turns":4},{"damage":22,"enemies":"Snake Plant","floor":24,"turns":4},{"damage":36,"enemies":"Slavers","floor":25,"turns":7},{"damage":11,"enemies":"Shelled Parasite and Fungi","floor":31,"turns":3},{"damage":65,"enemies":"Automaton","floor":33,"turns":6}],"seed_played":"-4121568510312534084","potions_obtained":[{"floor":2,"key":"GhostInAJar"},{"floor":3,"key":"Poison Potion"},{"floor":12,"key":"Ancient Potion"},{"floor":18,"key":"LiquidBronze"},{"floor":22,"key":"GamblersBrew"},{"floor":24,"key":"PowerPotion"}],"is_trial":false,"path_per_floor":["M","M","M","?","M","R","E","R","T","M","R","E","$","?","R","B",null,"M","?","M","?","M","R","M","E","T","?","R","$","R","M","R","B"],"character_chosen":"THE_SILENT","items_purchased":["Kunai","Leg Sweep","Poisoned Stab"],"campfire_rested":1,"item_purchase_floors":[13,13,29],"current_hp_per_floor":[65,64,62,51,50,50,30,30,37,34,34,32,32,32,32,3,60,50,50,44,89,83,83,61,25,25,25,25,25,25,14,40,0],"gold":14,"neow_bonus":"TEN_PERCENT_HP_BONUS","is_prod":false,"is_daily":false,"chose_seed":false,"campfire_upgraded":7,"win_rate":0,"timestamp":1569301219,"path_taken":["M","M","M","?","M","R","E","R","T","M","R","E","$","?","R","BOSS","M","?","M","?","M","R","?","E","T","?","R","$","R","M","R","BOSS"],"build_version":"2019-07-17","purchased_purges":0,"victory":false,"max_hp_per_floor":[72,72,72,72,72,72,72,72,79,79,79,79,79,79,79,79,79,79,79,79,89,89,89,89,89,89,89,89,89,89,89,89,89],"card_choices":[{"not_picked":["Slice","Dagger Throw"],"picked":"Bouncing Flask","floor":1},{"not_picked":["Flechettes","Blade Dance"],"picked":"Flying Knee","floor":2},{"not_picked":["Acrobatics","PiercingWail"],"picked":"Bane","floor":3},{"not_picked":["Deflect","Flying Knee"],"picked":"Deadly Poison","floor":5},{"not_picked":["Venomology","Poisoned Stab"],"picked":"Cloak And Dagger","floor":7},{"not_picked":["Dagger Throw","Dagger Spray","Quick Slash"],"picked":"SKIP","floor":10},{"not_picked":["Flechettes","Bullet Time","Choke"],"picked":"SKIP","floor":12},{"not_picked":["Night Terror","Venomology"],"picked":"Storm of Steel","floor":16},{"not_picked":["Slice","Sucker Punch","Tactician"],"picked":"SKIP","floor":18},{"not_picked":["Deflect","Well Laid Plans"],"picked":"Dash","floor":20},{"not_picked":["Underhanded Strike","Finisher"],"picked":"Blur","floor":22},{"not_picked":["Flechettes","Poisoned Stab"],"picked":"Noxious Fumes","floor":24},{"not_picked":["Phantasmal Killer","Underhanded Strike"],"picked":"Catalyst","floor":25},{"not_picked":["Prepared","Terror"],"picked":"Dodge and Roll","floor":31}],"player_experience":1321057,"relics_obtained":[{"floor":7,"key":"Orichalcum"},{"floor":9,"key":"Strawberry"},{"floor":12,"key":"Ancient Tea Set"},{"floor":25,"key":"MawBank"},{"floor":26,"key":"Sundial"}],"event_choices":[{"damage_healed":0,"gold_gain":75,"player_choice":"Gather Gold","damage_taken":11,"max_hp_gain":0,"max_hp_loss":0,"event_name":"World of Goop","floor":4,"gold_loss":0},{"damage_healed":0,"gold_gain":0,"player_choice":"Upgraded","damage_taken":0,"max_hp_gain":0,"max_hp_loss":0,"event_name":"Upgrade Shrine","floor":14,"gold_loss":0,"cards_upgraded":["Cloak And Dagger"]},{"damage_healed":0,"gold_gain":0,"player_choice":"Obtained Relic","damage_taken":0,"relics_obtained":["Snake Skull"],"max_hp_gain":0,"max_hp_loss":0,"event_name":"Addict","floor":19,"gold_loss":85},{"cards_removed":["Storm of Steel"],"damage_healed":35,"gold_gain":0,"player_choice":"Offered Rare","damage_taken":0,"max_hp_gain":10,"max_hp_loss":0,"event_name":"Bonfire Elementals","floor":21,"gold_loss":0},{"cards_removed":["Strike_G"],"damage_healed":0,"gold_gain":0,"player_choice":"Upgrade and Remove","damage_taken":0,"max_hp_gain":0,"max_hp_loss":0,"event_name":"Designer","floor":27,"gold_loss":110,"cards_upgraded":["Leg Sweep"]}],"is_beta":false,"boss_relics":[{"not_picked":["Lizard Tail","Black Star"],"picked":"Empty Cage"}],"items_purged_floors":[],"is_endless":false,"potions_floor_spawned":[2,3,7,12,18,22,24],"killed_by":"Automaton","ascension_level":20}