{"gold_per_floor":[114,129,129,144,144,144,12,112,187,225,244,263,301,320,320,445,445,434,3,22,22,41,79,79,98,98,117,117],"floor_reached":28,"playtime":2797,"items_purged":[],"score":252,"play_id":"b558c859-818d-426c-9ae3-ac86847b5b9f","local_time":"20190606143702","daily_mods":["Chimera","Colorless Cards","DeadlyEvents"],"is_ascension_mode":false,"campfire_choices":[{"floor":6,"key":"REST"},{"floor":15,"key":"REST"},{"floor":24,"key":"REST"}],"neow_cost":"","seed_source_timestamp":0,"circlet_count":0,"master_deck":["Bash","Survivor","Zap","Dagger Throw","Blade Dance","Tactician","Injury","Dark Shackles","Slice","A Thousand Cuts","Deflect","Mind Blast","Quick Slash","Underhanded Strike","Apotheosis","Wraith Form v2","Impatience","Good Instincts","The Bomb","The Bomb","Master of Strategy","Enlightenment+1","Poisoned Stab","Well Laid Plans","Deflect","Deflect+1","Flying Knee","Prepared+1","Footwork"],"special_seed":18053,"relics":["Ring of the Snake","Golden Idol","Shuriken","Ancient Tea Set","Girya","Pandora\u0027s Box","Boot","Sling","Blood Vial","Bottled Tornado"],"potions_floor_usage":[10,16,16,16,23,23],"damage_taken":[{"damage":10,"enemies":"Jaw Worm","floor":1,"turns":4},{"damage":2,"enemies":"Cultist","floor":2,"turns":4},{"damage":10,"enemies":"Small Slimes","floor":4,"turns":3},{"damage":9,"enemies":"Gremlin Nob","floor":10,"turns":3},{"damage":0,"enemies":"2 Fungi Beasts","floor":11,"turns":3},{"damage":0,"enemies":"Red Slaver","floor":12,"turns":4},{"damage":32,"enemies":"3 Sentries","floor":13,"turns":6},{"damage":5,"enemies":"Exordium Thugs","floor":14,"turns":4},{"damage":12,"enemies":"Hexaghost","floor":16,"turns":9},{"damage":4,"enemies":"2 Thieves","floor":18,"turns":4},{"damage":23,"enemies":"3 Byrds","floor":20,"turns":4},{"damage":5,"enemies":"3 Cultists","floor":22,"turns":6},{"damage":25,"enemies":"Gremlin Leader","floor":23,"turns":7},{"damage":0,"enemies":"Shelled Parasite and Fungi","floor":25,"turns":3},{"damage":19,"enemies":"Snake Plant","floor":27,"turns":4},{"damage":27,"enemies":"Slavers","floor":28,"turns":1}],"seed_played":"-1664165875077873763","potions_obtained":[{"floor":2,"key":"Fire Potion"},{"floor":10,"key":"GamblersBrew"},{"floor":11,"key":"Dexterity Potion"},{"floor":13,"key":"AttackPotion"},{"floor":16,"key":"Block Potion"},{"floor":18,"key":"SteroidPotion"},{"floor":22,"key":"AttackPotion"},{"floor":23,"key":"SpeedPotion"}],"is_trial":false,"path_per_floor":["M","M","?","M","?","R","$","?","T","E","M","M","E","M","R","B",null,"M","$","M","?","M","E","R","M","T","M","E"],"character_chosen":"THE_SILENT","items_purchased":["Dark Shackles","Slice","Boot","Sling","Poisoned Stab","Well Laid Plans"],"campfire_rested":3,"item_purchase_floors":[7,7,19,19,19,19],"current_hp_per_floor":[60,58,58,48,48,69,69,69,69,60,60,60,28,23,44,32,70,66,66,43,43,38,13,34,36,36,19,0],"gold":117,"neow_bonus":"","is_prod":false,"is_daily":true,"chose_seed":false,"campfire_upgraded":0,"win_rate":0,"timestamp":1559846222,"path_taken":["M","M","?","?","?","R","$","?","T","?","?","M","E","M","R","BOSS","M","$","M","?","M","E","R","M","T","M","?"],"build_version":"2019-01-23","purchased_purges":0,"victory":false,"max_hp_per_floor":[70,70,70,70,70,70,70,70,70,70,70,70,70,70,70,70,70,70,70,70,70,70,70,70,70,70,70,70],"card_choices":[{"not_picked":["PiercingWail","Cloak And Dagger"],"picked":"Dagger Throw","floor":1},{"not_picked":["Choke","Sucker Punch"],"picked":"Blade Dance","floor":2},{"not_picked":["Leg Sweep","Predator"],"picked":"Tactician","floor":4},{"not_picked":["Doppelganger","Outmaneuver"],"picked":"A Thousand Cuts","floor":10},{"not_picked":["Purity","Finisher"],"picked":"Deflect","floor":11},{"not_picked":["Endless Agony","Purity"],"picked":"Mind Blast","floor":12},{"not_picked":["Masterful Stab","Dodge and Roll"],"picked":"Quick Slash","floor":13},{"not_picked":["Quick Slash","Trip"],"picked":"Underhanded Strike","floor":14},{"not_picked":["A Thousand Cuts","Venomology"],"picked":"Apotheosis","floor":16},{"not_picked":["Dramatic Entrance","Cloak And Dagger"],"picked":"Enlightenment+1","floor":18},{"not_picked":["Poisoned Stab","Dagger Spray"],"picked":"Deflect","floor":20},{"not_picked":["Bane","Underhanded Strike"],"picked":"Deflect+1","floor":22},{"not_picked":["Dagger Throw","Glass Knife"],"picked":"Flying Knee","floor":23},{"not_picked":["Poisoned Stab+1","Dodge and Roll"],"picked":"Prepared+1","floor":25},{"not_picked":["Bane","Flying Knee"],"picked":"Footwork","floor":27}],"player_experience":737357,"relics_obtained":[{"floor":9,"key":"Shuriken"},{"floor":10,"key":"Ancient Tea Set"},{"floor":13,"key":"Girya"},{"floor":23,"key":"Blood Vial"},{"floor":26,"key":"Bottled Tornado"}],"event_choices":[{"damage_healed":0,"gold_gain":0,"player_choice":"Ignored","damage_taken":0,"max_hp_gain":0,"max_hp_loss":0,"event_name":"Purifier","floor":3,"gold_loss":0},{"damage_healed":0,"gold_gain":0,"player_choice":"Take Wound","damage_taken":0,"relics_obtained":["Golden Idol"],"max_hp_gain":0,"max_hp_loss":0,"event_name":"Golden Idol","floor":5,"gold_loss":0,"cards_obtained":["Injury"]},{"damage_healed":0,"gold_gain":100,"player_choice":"Gold","damage_taken":0,"max_hp_gain":0,"max_hp_loss":0,"event_name":"Wheel of Change","floor":8,"gold_loss":0},{"damage_healed":0,"gold_gain":0,"player_choice":"Ignored","damage_taken":0,"max_hp_gain":0,"max_hp_loss":0,"event_name":"Purifier","floor":21,"gold_loss":0}],"is_beta":false,"boss_relics":[{"not_picked":["WristBlade","White Beast Statue"],"picked":"Pandora\u0027s Box"}],"items_purged_floors":[],"is_endless":false,"potions_floor_spawned":[2,10,11,13,16,18,22,23],"killed_by":"Slavers","ascension_level":0}