{"gold_per_floor":[14,14,38,64,79,115,115,115,138,138,153,191,191,222,222,222],"floor_reached":16,"playtime":410,"items_purged":[],"score":236,"play_id":"601fccb6-999f-4451-b93e-35dc1ca11533","local_time":"20190917103405","is_ascension_mode":true,"campfire_choices":[{"data":"Flame Barrier","floor":7.0,"key":"SMITH"},{"data":"Bash","floor":10.0,"key":"SMITH"},{"data":"Rage","floor":13.0,"key":"SMITH"},{"data":"Anger","floor":15.0,"key":"SMITH"}],"neow_cost":"NO_GOLD","seed_source_timestamp":37144509202000,"circlet_count":0,"master_deck":["AscendersBane","Strike_R","Strike_R","Strike_R","Strike_R","Defend_R","Defend_R","Defend_R","Defend_R","Bash+1","Anger+1","Flame Barrier+1","Anger","Rampage+1","Rage+1","Clothesline+1","Metallicize"],"special_seed":0,"relics":["Burning Blood","Golden Idol","Centennial Puzzle","Molten Egg 2","Bag of Marbles","WingedGreaves","Juzu Bracelet"],"potions_floor_usage":[16,16],"damage_taken":[{"damage":6.0,"enemies":"2 Louse","floor":1.0,"turns":3.0},{"damage":4.0,"enemies":"Jaw Worm","floor":3.0,"turns":3.0},{"damage":1.0,"enemies":"Small Slimes","floor":5.0,"turns":3.0},{"damage":23.0,"enemies":"Lagavulin","floor":6.0,"turns":5.0},{"damage":7.0,"enemies":"Exordium Thugs","floor":11.0,"turns":6.0},{"damage":9.0,"enemies":"3 Sentries","floor":12.0,"turns":9.0},{"damage":6.0,"enemies":"Gremlin Nob","floor":14.0,"turns":3.0},{"damage":40,"enemies":"Hexaghost","floor":16,"turns":9}],"seed_played":"-90095388523185854","potions_obtained":[{"floor":3.0,"key":"SteroidPotion"},{"floor":6.0,"key":"Dexterity Potion"},{"floor":11.0,"key":"SkillPotion"},{"floor":14.0,"key":"Dexterity Potion"}],"is_trial":false,"path_per_floor":["M","?","M","T","M","E","R","?","T","R","M","E","R","E","R","B"],"character_chosen":"IRONCLAD","items_purchased":[],"campfire_rested":0,"item_purchase_floors":[],"current_hp_per_floor":[82,51,53,53,58,41,41,41,41,41,40,37,37,37,37,0],"gold":222,"neow_bonus":"TWENTY_PERCENT_HP_BONUS","is_prod":false,"is_daily":false,"chose_seed":false,"campfire_upgraded":4,"win_rate":0,"timestamp":1568741645,"path_taken":["M","?","M","?","M","E","R","?","T","R","M","E","R","E","R","BOSS"],"build_version":"2019-07-17","purchased_purges":0,"victory":false,"max_hp_per_floor":[89,89,89,89,89,89,89,89,89,89,89,89,89,89,89,89],"card_choices":[{"not_picked":["Body Slam","Evolve"],"picked":"Anger","floor":1.0},{"not_picked":["Dual Wield","Thunderclap"],"picked":"Flame Barrier","floor":3.0},{"not_picked":["Headbutt","Blood for Blood"],"picked":"Anger","floor":5.0},{"not_picked":["Headbutt","Body Slam"],"picked":"Rampage","floor":6.0},{"not_picked":["Flex","Twin Strike+1"],"picked":"Rage","floor":11.0},{"not_picked":["Blood for Blood+1","Twin Strike+1"],"picked":"Clothesline+1","floor":12.0},{"not_picked":["Impervious","Warcry"],"picked":"Metallicize","floor":14.0}],"player_experience":808990,"relics_obtained":[{"floor":4.0,"key":"Centennial Puzzle"},{"floor":6.0,"key":"Molten Egg 2"},{"floor":9.0,"key":"Bag of Marbles"},{"floor":12.0,"key":"WingedGreaves"},{"floor":14.0,"key":"Juzu Bracelet"}],"event_choices":[{"damage_healed":0.0,"max_hp_gain":0.0,"max_hp_loss":0.0,"gold_gain":0.0,"event_name":"Golden Idol","player_choice":"Take Damage","floor":2.0,"gold_loss":0.0,"damage_taken":31.0,"relics_obtained":["Golden Idol"]},{"cards_removed":["Strike_R"],"damage_healed":0.0,"max_hp_gain":0.0,"max_hp_loss":0.0,"gold_gain":0.0,"event_name":"Purifier","player_choice":"Purged","floor":8.0,"gold_loss":0.0,"damage_taken":0.0}],"is_beta":false,"boss_relics":[],"items_purged_floors":[],"is_endless":false,"potions_floor_spawned":[3,6,11,14],"killed_by":"Hexaghost","ascension_level":20}