{"gold_per_floor":[118,136,154,167,185,185,165,192,215,235,135,135,161,161,161,238,238,253,253,81,95,110,110,141,141,153,165,177,189,235,58,58,58],"floor_reached":33,"playtime":931,"items_purged":["Strike_R"],"score":616,"play_id":"9ba41b32-e35b-44c0-8f29-b846025a734f","local_time":"20190913113003","is_ascension_mode":true,"campfire_choices":[{"data":"Feed","floor":6,"key":"SMITH"},{"data":"Inflame","floor":12,"key":"SMITH"},{"floor":15,"key":"REST"},{"floor":23,"key":"REST"},{"floor":25,"key":"DIG"},{"floor":29,"key":"DIG"},{"floor":32,"key":"DIG"}],"neow_cost":"NONE","seed_source_timestamp":98404827307700,"circlet_count":0,"master_deck":["AscendersBane","Strike_R","Strike_R","Strike_R","Defend_R","Defend_R","Defend_R","Defend_R","Bash+1","Feed+1","Carnage","Inflame+1","Headbutt","Anger","Disarm","Sword Boomerang","Anger","Reaper","Immolate","Thunderclap","RitualDagger","Offering","Power Through+1","Shockwave+1","Shrug It Off+1"],"relics":["Burning Blood","Shovel","Red Skull","Odd Mushroom","Mark of Pain","PreservedInsect","MawBank","Letter Opener","Ice Cream","Toxic Egg 2","Art of War","Bronze Scales"],"potions_floor_usage":[3,16,16,24,33],"damage_taken":[{"damage":11,"enemies":"Jaw Worm","floor":1,"turns":6},{"damage":7,"enemies":"Cultist","floor":2,"turns":4},{"damage":0,"enemies":"2 Louse","floor":3,"turns":3},{"damage":12,"enemies":"Looter","floor":4,"turns":3},{"damage":12,"enemies":"Large Slime","floor":5,"turns":5},{"damage":32,"enemies":"Gremlin Nob","floor":8,"turns":4},{"damage":35,"enemies":"Exordium Thugs","floor":10,"turns":6},{"damage":9,"enemies":"The Mushroom Lair","floor":13,"turns":3},{"damage":12,"enemies":"Slime Boss","floor":16,"turns":7},{"damage":33,"enemies":"Spheric Guardian","floor":18,"turns":4},{"damage":21,"enemies":"Shell Parasite","floor":21,"turns":2},{"damage":19,"enemies":"Snake Plant","floor":22,"turns":3},{"damage":15,"enemies":"Gremlin Leader","floor":24,"turns":7},{"damage":35,"enemies":"Slavers","floor":30,"turns":3},{"damage":85,"enemies":"Collector","floor":33,"turns":9}],"seed_played":"-3487507946323620878","potions_obtained":[{"floor":2,"key":"Dexterity Potion"},{"floor":3,"key":"Fruit Juice"},{"floor":5,"key":"Fire Potion"},{"floor":13,"key":"Strength Potion"},{"floor":21,"key":"PowerPotion"},{"floor":30,"key":"Swift Potion"}],"is_trial":false,"path_per_floor":["M","M","M","M","M","R","?","E","T","M","$","R","?","?","R","B",null,"M","?","$","M","M","R","E","R","T","$","?","R","E","$","R","B"],"character_chosen":"IRONCLAD","items_purchased":["Anger","Offering","Shrug It Off+1","Art of War"],"campfire_rested":2,"item_purchase_floors":[11,20,31,31],"current_hp_per_floor":[66,68,82,79,76,76,76,54,54,29,29,29,30,23,55,74,99,72,66,66,55,46,80,79,79,79,79,79,79,80,80,80,6],"gold":58,"neow_bonus":"ONE_RANDOM_RARE_CARD","is_prod":false,"is_daily":false,"chose_seed":false,"campfire_upgraded":2,"win_rate":0,"timestamp":1568399403,"path_taken":["M","M","M","M","M","R","?","E","T","M","?","R","?","?","R","BOSS","M","?","$","M","M","R","E","R","T","$","?","R","E","$","R","BOSS"],"build_version":"2019-07-17","purchased_purges":1,"victory":false,"max_hp_per_floor":[78,81,89,92,95,95,95,99,99,103,103,103,107,107,107,107,107,107,107,107,111,115,115,115,115,115,115,115,115,115,115,115,115],"card_choices":[{"not_picked":["Sword Boomerang","Spot Weakness"],"picked":"Carnage","floor":1},{"not_picked":["Perfected Strike","Heavy Blade","Hemokinesis"],"picked":"SKIP","floor":2},{"not_picked":["Heavy Blade","Infernal Blade"],"picked":"Inflame","floor":3},{"not_picked":["Body Slam","Bloodletting"],"picked":"Headbutt","floor":4},{"not_picked":["True Grit","Intimidate"],"picked":"Anger","floor":5},{"not_picked":["True Grit","Rupture"],"picked":"Disarm","floor":8},{"not_picked":["Flex","Heavy Blade"],"picked":"Sword Boomerang","floor":10},{"not_picked":["Shrug It Off","Rupture"],"picked":"Reaper","floor":13},{"not_picked":["Impervious","Exhume"],"picked":"Immolate","floor":16},{"not_picked":["Twin Strike","Whirlwind+1"],"picked":"Thunderclap","floor":18},{"not_picked":["Armaments","Cleave"],"picked":"Power Through+1","floor":21},{"not_picked":["Pommel Strike","Clothesline","Wild Strike"],"picked":"SKIP","floor":22},{"not_picked":["Pommel Strike","Entrench","Dual Wield"],"picked":"SKIP","floor":24},{"not_picked":["Spot Weakness","Intimidate+1"],"picked":"Shockwave","floor":30}],"player_experience":736920,"relics_obtained":[{"floor":8,"key":"Shovel"},{"floor":9,"key":"Red Skull"},{"floor":13,"key":"Odd Mushroom"},{"floor":24,"key":"PreservedInsect"},{"floor":25,"key":"MawBank"},{"floor":26,"key":"Letter Opener"},{"floor":29,"key":"Ice Cream"},{"floor":30,"key":"Toxic Egg 2"},{"floor":32,"key":"Bronze Scales"}],"event_choices":[{"damage_healed":0,"gold_gain":0,"player_choice":"Bought 1 Potion","damage_taken":0,"max_hp_gain":0,"max_hp_loss":0,"event_name":"The Woman in Blue","floor":7,"gold_loss":0},{"damage_healed":0,"gold_gain":0,"player_choice":"Fought Mushrooms","damage_taken":0,"max_hp_gain":0,"max_hp_loss":0,"event_name":"Mushrooms","floor":13,"gold_loss":0},{"cards_removed":["Strike_R"],"damage_healed":0,"gold_gain":0,"player_choice":"Card Removal","damage_taken":7,"max_hp_gain":0,"max_hp_loss":0,"event_name":"Golden Wing","floor":14,"gold_loss":0},{"damage_healed":0,"gold_gain":0,"player_choice":"Joined the Cult","damage_taken":6,"max_hp_gain":0,"max_hp_loss":0,"event_name":"Nest","floor":19,"gold_loss":0,"cards_obtained":["RitualDagger"]},{"damage_healed":0,"gold_gain":0,"player_choice":"Upgraded","damage_taken":0,"max_hp_gain":0,"max_hp_loss":0,"event_name":"Upgrade Shrine","floor":28,"gold_loss":0,"cards_upgraded":["Bash"]}],"is_beta":false,"boss_relics":[{"not_picked":["Ectoplasm","Runic Cube"],"picked":"Mark of Pain"}],"items_purged_floors":[11],"is_endless":false,"potions_floor_spawned":[2,3,5,10,13,21,30],"killed_by":"Collector","ascension_level":20}