{"gold_per_floor":[114,114,289,289,37,37,67,107,157,172,187,202,232,247,247,347,347,387,387,402,31,31,46,46,61,61,91,3,18,33,33,33,133,183,198,198,247,247,347,377,377,392,392,407,407,407,422,14,14,14],"floor_reached":51,"playtime":4217,"items_purged":[],"score":995,"play_id":"2c308aa5-4b99-453a-9c0d-2a0a397e1aa8","local_time":"20190510213508","daily_mods":["Cursed Run","Diverse","Terminal"],"is_ascension_mode":false,"campfire_choices":[{"data":"Transmutation","floor":6,"key":"SMITH"},{"data":"Dramatic Entrance","floor":15,"key":"SMITH"},{"data":"Infernal Blade","floor":24,"key":"SMITH"},{"data":"Jack Of All Trades","floor":32,"key":"SMITH"},{"floor":41,"key":"REST"},{"floor":45,"key":"REST"},{"floor":49,"key":"REST"}],"neow_cost":"","seed_source_timestamp":0,"circlet_count":0,"master_deck":["Survivor+1","Neutralize","Outmaneuver","Doubt","Dramatic Entrance+1","Transmutation+1","Acrobatics","Body Slam","Normality","FTL","Seeing Red","Turbo","Steam Power","Barricade+1","Infernal Blade+1","Storm of Steel","Pummel","Reboot","Outmaneuver","Tools of the Trade+1","All For One","After Image+1","All For One+1","Fire Breathing+1","Anger","Storm+1","Turbo","Cloak And Dagger","Bane","Blade Dance","Caltrops+1","Accuracy+1","Jack Of All Trades+1","Crippling Poison","Flying Knee","Pain","Envenom+1","Footwork+1","Steam Power","Madness","Madness","Loop+1","Flex+1","Pommel Strike","Shrug It Off+1","Writhe","Armaments+1","Magnetism+1","Mayhem+1","Blind","Terror","Double Energy","Hologram","Normality"],"special_seed":18027,"relics":["Cursed Key","Darkstone Periapt","Du-Vu Doll","Pear","Omamori","Frozen Egg 2","Pandora\u0027s Box","Vajra","Juzu Bracelet","Red Mask","Gremlin Horn","Blue Candle","MutagenicStrength","Tiny House","Ginger","Unceasing Top","Tough Bandages","Mummified Hand","Thread and Needle"],"potions_floor_usage":[16,16,16,33,33,33,40,44,50,50,50],"damage_taken":[{"damage":0,"enemies":"Small Slimes","floor":1,"turns":3},{"damage":7,"enemies":"Gremlin Nob","floor":7,"turns":4},{"damage":0,"enemies":"Jaw Worm","floor":8,"turns":1},{"damage":2,"enemies":"2 Louse","floor":10,"turns":2},{"damage":3,"enemies":"Blue Slaver","floor":11,"turns":4},{"damage":4,"enemies":"3 Louse","floor":12,"turns":2},{"damage":1,"enemies":"Exordium Wildlife","floor":14,"turns":4},{"damage":0,"enemies":"Slime Boss","floor":16,"turns":5},{"damage":3,"enemies":"3 Byrds","floor":18,"turns":5},{"damage":0,"enemies":"Spheric Guardian","floor":20,"turns":2},{"damage":0,"enemies":"Centurion and Healer","floor":23,"turns":3},{"damage":2,"enemies":"Masked Bandits","floor":25,"turns":3},{"damage":0,"enemies":"Book of Stabbing","floor":27,"turns":2},{"damage":0,"enemies":"Cultist and Chosen","floor":29,"turns":3},{"damage":7,"enemies":"Snake Plant","floor":30,"turns":4},{"damage":10,"enemies":"Automaton","floor":33,"turns":8},{"damage":4,"enemies":"Orb Walker","floor":35,"turns":3},{"damage":27,"enemies":"2 Orb Walkers","floor":37,"turns":3},{"damage":0,"enemies":"Mind Bloom Boss Battle","floor":39,"turns":3},{"damage":9,"enemies":"Reptomancer","floor":40,"turns":3},{"damage":28,"enemies":"3 Shapes","floor":42,"turns":2},{"damage":5,"enemies":"Maw","floor":44,"turns":4},{"damage":6,"enemies":"4 Shapes","floor":47,"turns":2},{"damage":5,"enemies":"Awakened One","floor":50,"turns":5}],"seed_played":"-2800817003503574526","potions_obtained":[{"floor":11,"key":"Block Potion"},{"floor":12,"key":"SneckoOil"},{"floor":14,"key":"Strength Potion"},{"floor":18,"key":"Fire Potion"},{"floor":23,"key":"Swift Potion"},{"floor":30,"key":"FearPotion"},{"floor":34,"key":"PowerPotion"},{"floor":39,"key":"Fire Potion"},{"floor":40,"key":"AttackPotion"},{"floor":42,"key":"Ancient Potion"},{"floor":47,"key":"Block Potion"}],"is_trial":false,"path_per_floor":["M","?","?","?","$","R","E","M","T","M","M","M","?","M","R","B",null,"M","?","M","$","?","M","R","?","T","E","$","M","M","?","R","B",null,"M","?","?","?","?","E","R","M","T","M","R","?","M","$","R","B",null],"character_chosen":"THE_SILENT","items_purchased":["Dramatic Entrance","Transmutation","Vajra","Storm+1","Turbo","Cloak And Dagger","Bane","Jack Of All Trades","Thread and Needle","Double Energy","Hologram"],"campfire_rested":3,"item_purchase_floors":[5,5,21,21,21,21,21,28,48,48,48],"current_hp_per_floor":[68,67,72,71,70,69,72,72,78,76,73,69,69,68,68,68,74,71,71,71,70,69,68,67,65,65,64,63,62,55,55,55,51,68,64,56,29,29,29,20,38,10,16,11,30,20,14,14,32,33],"gold":14,"neow_bonus":"","is_prod":false,"is_daily":true,"chose_seed":false,"campfire_upgraded":4,"win_rate":0,"timestamp":1557538508,"path_taken":["M","?","?","?","?","R","E","M","T","M","M","M","?","M","R","BOSS","M","?","?","$","?","M","R","?","T","E","$","M","M","?","R","BOSS","M","?","?","?","?","E","R","M","T","M","R","?","M","$","R","BOSS"],"build_version":"2019-01-23","purchased_purges":0,"victory":true,"max_hp_per_floor":[68,67,72,71,70,69,78,77,82,81,80,79,78,77,76,75,74,73,72,71,70,69,68,67,66,65,64,63,62,61,60,59,64,68,67,66,65,64,63,62,61,60,65,64,63,62,61,60,59,64],"card_choices":[{"not_picked":["Prepared","Terror"],"picked":"Outmaneuver","floor":1},{"not_picked":["Havoc","Heavy Blade"],"picked":"Acrobatics","floor":7},{"not_picked":["Prepared","Venomology"],"picked":"Body Slam","floor":8},{"not_picked":["Flame Barrier","Outmaneuver"],"picked":"FTL","floor":10},{"not_picked":["Bane","Twin Strike"],"picked":"Seeing Red","floor":11},{"not_picked":["Flying Knee","Havoc"],"picked":"Turbo","floor":12},{"not_picked":["Searing Blow","Hologram"],"picked":"Steam Power","floor":14},{"not_picked":["Envenom+1","Fission"],"picked":"Barricade+1","floor":16},{"not_picked":["Eviscerate","Cloak And Dagger"],"picked":"Fire Breathing+1","floor":18},{"not_picked":["Finisher","Warcry"],"picked":"Anger","floor":20},{"not_picked":["Turbo","Headbutt"],"picked":"Blade Dance","floor":23},{"not_picked":["Underhanded Strike","Go for the Eyes"],"picked":"Caltrops+1","floor":25},{"not_picked":["Headbutt","Barrage"],"picked":"Accuracy+1","floor":27},{"not_picked":["Catalyst+1","Sunder"],"picked":"Crippling Poison","floor":29},{"not_picked":["Burning Pact","Dagger Throw"],"picked":"Flying Knee","floor":30},{"not_picked":["Reboot","A Thousand Cuts+1"],"picked":"Envenom+1","floor":33},{"not_picked":["Reckless Charge","Hemokinesis+1"],"picked":"Footwork+1","floor":34},{"not_picked":["Dash+1","Flying Knee+1"],"picked":"Steam Power","floor":35},{"not_picked":["Clash+1","Force Field+1"],"picked":"Loop+1","floor":37},{"not_picked":["Calculated Gamble","True Grit+1"],"picked":"Flex+1","floor":39},{"not_picked":["Clothesline+1","Amplify"],"picked":"Pommel Strike","floor":40},{"not_picked":["Blood for Blood","Hologram+1"],"picked":"Shrug It Off+1","floor":42},{"not_picked":["Bloodletting+1","Eviscerate+1"],"picked":"Armaments+1","floor":44},{"not_picked":["Blind","Secret Weapon"],"picked":"Magnetism+1","floor":46},{"not_picked":["Panache+1","Apotheosis"],"picked":"Mayhem+1","floor":46},{"not_picked":["Flash of Steel","Discovery"],"picked":"Blind","floor":46},{"not_picked":["Thunderclap+1","Sucker Punch"],"picked":"Terror","floor":47}],"player_experience":652194,"relics_obtained":[{"floor":7,"key":"Pear"},{"floor":9,"key":"Omamori"},{"floor":25,"key":"Red Mask"},{"floor":26,"key":"Gremlin Horn"},{"floor":27,"key":"Blue Candle"},{"floor":37,"key":"Ginger"},{"floor":39,"key":"Unceasing Top"},{"floor":40,"key":"Tough Bandages"},{"floor":43,"key":"Mummified Hand"}],"event_choices":[{"damage_healed":0,"gold_gain":0,"cards_transformed":["Strike_G"],"player_choice":"Change","damage_taken":0,"max_hp_gain":0,"max_hp_loss":0,"event_name":"Living Wall","floor":2,"gold_loss":0,"cards_obtained":["Disarm"]},{"damage_healed":0,"gold_gain":175,"player_choice":"AGREE","damage_taken":0,"max_hp_gain":0,"max_hp_loss":0,"event_name":"Liars Game","floor":3,"gold_loss":0,"cards_obtained":["Doubt"]},{"damage_healed":0,"gold_gain":0,"player_choice":"Ignored","damage_taken":0,"max_hp_gain":0,"max_hp_loss":0,"event_name":"Golden Wing","floor":4,"gold_loss":0},{"damage_healed":0,"gold_gain":30,"player_choice":"Searched \u00273\u0027 times","damage_taken":0,"relics_obtained":["Frozen Egg 2"],"max_hp_gain":0,"max_hp_loss":0,"event_name":"Dead Adventurer","floor":13,"gold_loss":0},{"damage_healed":0,"gold_gain":0,"player_choice":"Upgraded","damage_taken":0,"max_hp_gain":0,"max_hp_loss":0,"event_name":"Upgrade Shrine","floor":19,"gold_loss":0,"cards_upgraded":["All For One"]},{"damage_healed":0,"gold_gain":0,"player_choice":"Opened","damage_taken":0,"relics_obtained":["Juzu Bracelet"],"max_hp_gain":0,"max_hp_loss":0,"event_name":"The Mausoleum","floor":22,"gold_loss":0},{"damage_healed":0,"gold_gain":0,"player_choice":"Fought Bandits","damage_taken":0,"max_hp_gain":0,"max_hp_loss":0,"event_name":"Masked Bandits","floor":25,"gold_loss":0},{"damage_healed":0,"gold_gain":0,"player_choice":"Inject Mutagens","damage_taken":0,"relics_obtained":["MutagenicStrength"],"max_hp_gain":0,"max_hp_loss":0,"event_name":"Drug Dealer","floor":31,"gold_loss":0},{"damage_healed":0,"gold_gain":0,"player_choice":"Embrace Madness","damage_taken":8,"max_hp_gain":0,"max_hp_loss":0,"event_name":"Winding Halls","floor":36,"gold_loss":0,"cards_obtained":["Madness","Madness"]},{"damage_healed":0,"gold_gain":0,"player_choice":"Fight","damage_taken":0,"max_hp_gain":0,"max_hp_loss":0,"event_name":"Mysterious Sphere","floor":37,"gold_loss":0},{"cards_removed":["Disarm"],"damage_healed":0,"gold_gain":0,"player_choice":"Removed Skill","damage_taken":0,"max_hp_gain":0,"max_hp_loss":0,"event_name":"Falling","floor":38,"gold_loss":0},{"damage_healed":0,"gold_gain":0,"player_choice":"Fight","damage_taken":0,"max_hp_gain":0,"max_hp_loss":0,"event_name":"MindBloom","floor":39,"gold_loss":0},{"damage_healed":0,"gold_gain":0,"player_choice":"Memory 3","damage_taken":10,"max_hp_gain":0,"max_hp_loss":0,"event_name":"SensoryStone","floor":46,"gold_loss":0}],"is_beta":false,"boss_relics":[{"not_picked":["Runic Pyramid","Busted Crown"],"picked":"Pandora\u0027s Box"},{"not_picked":["Empty Cage","White Beast Statue"],"picked":"Tiny House"}],"items_purged_floors":[],"is_endless":false,"potions_floor_spawned":[11,12,14,18,23,30,39,40,42,47],"ascension_level":0}