{"path_per_floor":["M","?","$","?","M","E","M","R","T","?","E","?","M","$","R","B",null,"M","M","$","M","M","R","$","M","T","R","?","?","R"],"character_chosen":"DEFECT","items_purchased":["Capacitor","Cold Snap","Blizzard","Steam","Bottled Tornado","Conserve Battery"],"gold_per_floor":[114,114,35,35,53,85,99,99,146,146,172,137,154,37,37,136,166,177,193,1,19,30,30,11,29,52,52,52,52,52,52],"floor_reached":31,"campfire_rested":0,"playtime":3024,"item_purchase_floors":[3,14,14,14,20,24],"current_hp_per_floor":[75,63,63,63,63,63,57,57,57,50,47,65,70,70,70,58,80,78,58,58,40,28,28,28,20,20,20,20,20,20,0],"items_purged":[],"gold":52,"score":268,"play_id":"282ba18c-dd65-4402-bd64-cf55f12bd910","local_time":"20180601184859","is_prod":false,"is_daily":false,"chose_seed":false,"is_ascension_mode":false,"campfire_upgraded":5,"win_rate":0.0,"timestamp":1527893339,"campfire_choices":[{"data":"Capacitor","floor":8,"key":"SMITH"},{"data":"Static Discharge","floor":15,"key":"SMITH"},{"data":"Creative AI","floor":23,"key":"SMITH"},{"data":"Hello World","floor":27,"key":"SMITH"},{"data":"Chaos","floor":30,"key":"SMITH"}],"path_taken":["M","?","$","?","M","E","?","R","T","?","E","?","?","$","R","BOSS","M","M","$","M","M","R","$","M","T","R","?","?","R","M"],"build_version":"2018-05-31","seed_source_timestamp":4794225312342,"purchased_purges":0,"victory":false,"master_deck":["Strike_B","Strike_B","Strike_B","Defend_B","Defend_B","Defend_B","Defend_B","Zap","Dualcast","Static Discharge","Capacitor+1","Force Field","Force Field+1","Self Repair","Sweeping Beam","Static Discharge+1","Cold Snap","Blizzard","Steam","Creative AI+1","Gash","Ball Lightning","Stack+1","Hello World+1","Redo","Conserve Battery","Chaos","Chaos+1"],"max_hp_per_floor":[75,75,75,75,75,75,75,75,75,75,75,75,75,75,75,75,80,80,80,80,80,80,80,80,80,80,80,80,80,80,80],"relics":["Cracked Core","NeowsBlessing","Orichalcum","Matryoshka","The Courier","Omamori","Bag of Marbles","Ginger","Tiny House","Bottled Tornado","Anchor","Happy Flower"],"card_choices":[{"not_picked":["Compile Driver","Go for the Eyes"],"picked":"Static Discharge","floor":1},{"not_picked":["Aggregate","Barrage"],"picked":"Force Field","floor":5},{"not_picked":["Coolheaded","Barrage"],"picked":"Force Field","floor":6},{"not_picked":["Coolheaded","Gash"],"picked":"Self Repair","floor":7},{"not_picked":["Thunder Strike","Steam"],"picked":"Sweeping Beam","floor":11},{"not_picked":["Leap","Hologram"],"picked":"Static Discharge","floor":13},{"not_picked":["Reboot","Biased Cognition"],"picked":"Creative AI","floor":16},{"not_picked":["Conserve Battery","Hologram"],"picked":"Gash","floor":17},{"not_picked":["Steam","Streamline"],"picked":"Ball Lightning","floor":18},{"not_picked":["Tempest","Sweeping Beam"],"picked":"Stack+1","floor":19},{"not_picked":["Darkness","Conserve Battery"],"picked":"Hello World","floor":21},{"not_picked":["Genetic Algorithm","Lockon"],"picked":"Redo","floor":22},{"not_picked":["Rip and Tear","Compile Driver"],"picked":"Chaos","floor":25}],"player_experience":151259,"potions_floor_usage":[16,31],"damage_taken":[{"damage":0,"enemies":"Small Slimes","floor":1,"turns":1},{"damage":0,"enemies":"Jaw Worm","floor":5,"turns":1},{"damage":0,"enemies":"Lagavulin","floor":6,"turns":2},{"damage":6,"enemies":"Cultist","floor":7,"turns":4},{"damage":10,"enemies":"3 Sentries","floor":11,"turns":7},{"damage":2,"enemies":"Blue Slaver","floor":13,"turns":4},{"damage":19,"enemies":"The Guardian","floor":16,"turns":13},{"damage":9,"enemies":"Shell Parasite","floor":18,"turns":6},{"damage":27,"enemies":"Spheric Guardian","floor":19,"turns":5},{"damage":25,"enemies":"Centurion and Healer","floor":21,"turns":11},{"damage":12,"enemies":"Cultist and Chosen","floor":22,"turns":5},{"damage":15,"enemies":"Snecko","floor":25,"turns":7},{"damage":26,"enemies":"Sentry and Sphere","floor":31,"turns":3}],"relics_obtained":[{"floor":6,"key":"The Courier"},{"floor":9,"key":"Omamori"},{"floor":9,"key":"Bag of Marbles"},{"floor":11,"key":"Ginger"},{"floor":26,"key":"Anchor"},{"floor":26,"key":"Happy Flower"}],"event_choices":[{"event_name":"Scrap Ooze","player_choice":"success","floor":2,"damage_taken":12},{"event_name":"Big Fish","player_choice":"Box","floor":4,"damage_taken":0},{"event_name":"Golden Wing","player_choice":"Card Removal","floor":10,"damage_taken":0},{"event_name":"The Cleric","player_choice":"Healed","floor":12,"damage_taken":0},{"event_name":"Transmorgrifier","player_choice":"Transform","floor":28,"damage_taken":0},{"event_name":"Addict","player_choice":"Ignored","floor":29,"damage_taken":0}],"boss_relics":[{"not_picked":["Snecko Eye","Cursed Key"],"picked":"Tiny House"}],"items_purged_floors":[],"potions_floor_spawned":[5,7,13,18,22],"seed_played":"7495028697927152603","killed_by":"Sentry and Sphere","ascension_level":0,"potions_obtained":[{"floor":5,"key":"GamblersBrew"},{"floor":7,"key":"Dexterity Potion"},{"floor":13,"key":"Block Potion"},{"floor":17,"key":"Strength Potion"}],"is_trial":false}