{"gold_per_floor":[112,187,187,202,225,259,259,259,259,302,477,502,502,18,18,18],"floor_reached":16,"playtime":707,"items_purged":[],"score":108,"play_id":"ce5afdfa-016e-4286-9e98-352be92990dc","local_time":"20180716091638","is_ascension_mode":false,"campfire_choices":[{"data":"Dualcast","floor":8,"key":"SMITH"},{"floor":13,"key":"REST"},{"floor":15,"key":"REST"}],"neow_cost":"","seed_source_timestamp":47229216905677,"circlet_count":0,"master_deck":["Strike_B","Strike_B","Strike_B","Strike_B","Defend_B","Defend_B","Defend_B","Defend_B","Zap","Dualcast+1","Conserve Battery","Injury","Go for the Eyes","Cold Snap","Aggregate+1","Rainbow","Doubt","Heatsinks","Loop","Dramatic Entrance","Gash","Sweeping Beam"],"relics":["Cracked Core","Golden Idol","Singing Bowl","Du-Vu Doll","Bag of Marbles","Medical Kit"],"potions_floor_usage":[6,12,16],"damage_taken":[{"damage":0,"enemies":"2 Louse","floor":1,"turns":3},{"damage":0,"enemies":"Small Slimes","floor":4,"turns":3},{"damage":6,"enemies":"Jaw Worm","floor":5,"turns":4},{"damage":25,"enemies":"Gremlin Nob","floor":6,"turns":5},{"damage":23,"enemies":"3 Sentries","floor":10,"turns":8},{"damage":2,"enemies":"2 Fungi Beasts","floor":12,"turns":3},{"damage":54,"enemies":"Slime Boss","floor":16,"turns":8}],"seed_played":"-1954543682779185942","potions_obtained":[{"floor":5,"key":"SteroidPotion"},{"floor":10,"key":"Weak Potion"},{"floor":12,"key":"GamblersBrew"}],"is_trial":false,"path_per_floor":["M","?","?","M","M","E","?","R","T","E","?","M","R","$","R"],"character_chosen":"DEFECT","items_purchased":["Medical Kit","Loop","Dramatic Entrance","Gash","Sweeping Beam"],"campfire_rested":2,"item_purchase_floors":[14,14,14,14,14],"current_hp_per_floor":[75,64,64,64,58,33,33,33,33,10,10,8,30,30,52,0],"gold":18,"neow_bonus":"","is_prod":false,"is_daily":false,"chose_seed":false,"campfire_upgraded":1,"win_rate":0.0,"timestamp":1531746998,"path_taken":["M","?","?","?","M","E","?","R","T","E","?","M","R","$","R","BOSS"],"build_version":"2018-07-12","purchased_purges":0,"victory":false,"max_hp_per_floor":[75,75,75,75,75,75,75,75,75,75,75,75,75,75,75,75],"card_choices":[{"not_picked":["Stack","Leap"],"picked":"Conserve Battery","floor":1},{"not_picked":["Hologram","Leap"],"picked":"Go for the Eyes","floor":4},{"not_picked":["Beam Cell","Hologram"],"picked":"Cold Snap","floor":5},{"not_picked":["Ball Lightning","Multi-Cast"],"picked":"Aggregate","floor":6},{"not_picked":["Aggregate","Reprogram"],"picked":"Rainbow","floor":10},{"not_picked":["Sweeping Beam","Steam"],"picked":"Heatsinks","floor":12}],"player_experience":284037,"relics_obtained":[{"floor":6,"key":"Singing Bowl"},{"floor":9,"key":"Du-Vu Doll"},{"floor":10,"key":"Bag of Marbles"}],"event_choices":[{"event_name":"World of Goop","player_choice":"Gather Gold","floor":2,"damage_taken":0},{"event_name":"Golden Idol","player_choice":"Take Wound","floor":3,"damage_taken":0},{"event_name":"Upgrade Shrine","player_choice":"Upgraded","floor":7,"damage_taken":0},{"event_name":"Liars Game","player_choice":"agreed","floor":11,"damage_taken":0}],"boss_relics":[],"items_purged_floors":[],"is_endless":false,"potions_floor_spawned":[5,10,12],"killed_by":"Slime Boss","ascension_level":0}