{"path_per_floor":["M","$","M","?","M","E","R","?","T","M","M","$","M","M","R","B",null,"M","$","M","M","$","R","M","?","T","R","M","R","M","M","R"],"character_chosen":"IRONCLAD","items_purchased":["Inflame","Shrug It Off","Feed","Seeing Red","Tiny Chest","Ghostly Armor","Heavy Blade"],"gold_per_floor":[116,12,22,97,113,139,139,139,214,228,247,21,45,60,60,185,185,199,10,30,51,2,2,26,26,50,50,65,65,79,103,103,103],"floor_reached":33,"campfire_rested":3,"playtime":4160,"current_hp_per_floor":[75,75,77,66,72,56,56,56,56,49,46,46,45,50,50,19,83,57,57,42,36,36,36,25,53,53,78,58,83,61,29,55,0],"items_purged":[],"gold":103,"score":278,"play_id":"e75673cb-eae5-4e3c-b0f0-18d05397e663","local_time":"20180523184302","is_prod":false,"is_daily":false,"chose_seed":false,"is_ascension_mode":false,"campfire_upgraded":3,"timestamp":1527115382,"campfire_choices":[{"data":"Fiend Fire","floor":7,"key":"SMITH"},{"data":"Fire Breathing","floor":15,"key":"SMITH"},{"data":"Limit Break","floor":23,"key":"SMITH"},{"floor":27,"key":"REST"},{"floor":29,"key":"REST"},{"floor":32,"key":"REST"}],"path_taken":["M","$","M","?","?","E","R","?","T","M","M","$","M","M","R","BOSS","M","$","M","M","$","R","M","?","T","R","M","R","?","M","R","BOSS"],"build_version":"2018-05-17","seed_source_timestamp":15652312013054,"purchased_purges":0,"victory":false,"master_deck":["Strike_R","Strike_R","Strike_R","Strike_R","Strike_R","Defend_R","Defend_R","Defend_R","Defend_R","Bash","Fiend Fire+1","Flex","Inflame","Shrug It Off","Infernal Blade","Reckless Charge","Iron Wave","Injury","Fire Breathing+1","Thunderclap","Feed","Seeing Red","Demon Form","Dual Wield","Limit Break+1","Whirlwind+1","Ghostly Armor","Heavy Blade","Bloodletting+1","Heavy Blade","Perfected Strike","Thunderclap+1","Anger","Armaments","Ghostly Armor","Cleave","Rupture+1"],"max_hp_per_floor":[80,80,80,80,80,80,80,80,80,80,80,80,80,83,83,83,83,86,86,86,86,86,86,86,86,86,86,86,86,86,89,89,89],"relics":["Burning Blood","Bag of Preparation","Golden Idol","Paper Frog","Snecko Eye","Tiny Chest","Dream Catcher"],"card_choices":[{"not_picked":["Thunderclap","Battle Trance"],"picked":"Flex","floor":1},{"not_picked":["Sword Boomerang","Heavy Blade"],"picked":"Infernal Blade","floor":3},{"not_picked":["True Grit","Whirlwind"],"picked":"Reckless Charge","floor":5},{"not_picked":["Inflame","Uppercut"],"picked":"Iron Wave","floor":6},{"not_picked":["Blood for Blood","Pommel Strike"],"picked":"Fire Breathing","floor":10},{"not_picked":["Clothesline","Warcry"],"picked":"Thunderclap","floor":11},{"not_picked":["Armaments","Blood for Blood"],"picked":"Demon Form","floor":13},{"not_picked":["Thunderclap","Heavy Blade"],"picked":"Dual Wield","floor":14},{"not_picked":["Impervious","Double Tap"],"picked":"Limit Break","floor":16},{"not_picked":["Battle Trance+1","Headbutt"],"picked":"Whirlwind+1","floor":18},{"not_picked":["Uppercut+1","Cleave"],"picked":"Heavy Blade","floor":20},{"not_picked":["Warcry","True Grit+1"],"picked":"Bloodletting+1","floor":21},{"not_picked":["Battle Trance","Burning Pact"],"picked":"Perfected Strike","floor":24},{"not_picked":["Whirlwind","Clothesline+1"],"picked":"Thunderclap+1","floor":27},{"not_picked":["Body Slam","Dropkick"],"picked":"Anger","floor":28},{"not_picked":["Thunderclap","Heavy Blade+1"],"picked":"Armaments","floor":29},{"not_picked":["Clash","Inflame"],"picked":"Ghostly Armor","floor":30},{"not_picked":["Thunderclap","Fiend Fire"],"picked":"Cleave","floor":31},{"not_picked":["Headbutt","Sword Boomerang"],"picked":"Rupture+1","floor":32}],"player_experience":64543,"potions_floor_usage":[6,6,14,16,16,28,31,33,33],"damage_taken":[{"damage":11,"enemies":"Small Slimes","floor":1,"turns":3},{"damage":4,"enemies":"2 Louse","floor":3,"turns":3},{"damage":0,"enemies":"Cultist","floor":5,"turns":2},{"damage":22,"enemies":"Lagavulin","floor":6,"turns":6},{"damage":13,"enemies":"2 Fungi Beasts","floor":10,"turns":3},{"damage":9,"enemies":"Exordium Wildlife","floor":11,"turns":4},{"damage":7,"enemies":"Blue Slaver","floor":13,"turns":4},{"damage":4,"enemies":"2 Fungi Beasts","floor":14,"turns":2},{"damage":37,"enemies":"Slime Boss","floor":16,"turns":9},{"damage":35,"enemies":"3 Byrds","floor":18,"turns":5},{"damage":21,"enemies":"Spheric Guardian","floor":20,"turns":5},{"damage":12,"enemies":"Centurion and Healer","floor":21,"turns":4},{"damage":17,"enemies":"Snecko","floor":24,"turns":4},{"damage":38,"enemies":"Cultist and Chosen","floor":28,"turns":5},{"damage":28,"enemies":"Sentry and Sphere","floor":30,"turns":4},{"damage":41,"enemies":"Slaver and Parasite","floor":31,"turns":5},{"damage":67,"enemies":"Champ","floor":33,"turns":8}],"relics_obtained":[{"floor":6,"key":"Bag of Preparation"},{"floor":9,"key":"Paper Frog"},{"floor":26,"key":"Dream Catcher"}],"event_choices":[{"event_name":"World of Goop","player_choice":"Gather Gold","floor":4,"damage_taken":0},{"event_name":"Golden Idol","player_choice":"Take Wound","floor":8,"damage_taken":0},{"event_name":"The Library","player_choice":"Heal","floor":25,"damage_taken":0}],"boss_relics":[{"not_picked":["Black Blood","Orrery"],"picked":"Snecko Eye"}],"potions_floor_spawned":[1,5,11,13,14,18,20,28,31],"seed_played":"9190172989272240472","killed_by":"Champ","ascension_level":0,"potions_obtained":[{"floor":1,"key":"Explosive Potion"},{"floor":5,"key":"SpeedPotion"},{"floor":11,"key":"Fire Potion"},{"floor":13,"key":"FearPotion"},{"floor":14,"key":"PowerPotion"},{"floor":18,"key":"Block Potion"},{"floor":20,"key":"Regen Potion"},{"floor":28,"key":"Fire Potion"},{"floor":31,"key":"Energy Potion"}],"is_trial":false}