{"gold_per_floor":[111,123,139,153,171,171,171,171,171,188,188,72,104,122,122,201,201,215,235,235,235,255,255,255],"floor_reached":24,"playtime":875,"items_purged":["Strike_R"],"score":400,"play_id":"1023ecae-561d-4798-b2fd-cb00de8e89ad","local_time":"20190913125644","is_ascension_mode":true,"campfire_choices":[{"data":"Shockwave","floor":6,"key":"SMITH"},{"data":"Inflame","floor":8,"key":"SMITH"},{"data":"Bash","floor":11,"key":"SMITH"},{"data":"Rage","floor":15,"key":"SMITH"},{"data":"Evolve","floor":23,"key":"SMITH"}],"neow_cost":"NONE","seed_source_timestamp":103663112539600,"circlet_count":0,"master_deck":["AscendersBane","Strike_R","Strike_R","Strike_R","Strike_R","Defend_R","Defend_R","Defend_R","Defend_R","Bash+1","Ghostly Armor","Inflame+1","Shrug It Off","Shockwave+1","Anger","Evolve+1","Rage+1","Reaper","Decay","Wild Strike"],"relics":["Burning Blood","Ancient Tea Set","Singing Bowl","Pantograph","Du-Vu Doll","Mark of Pain"],"potions_floor_usage":[10,19],"damage_taken":[{"damage":2,"enemies":"Cultist","floor":1,"turns":4},{"damage":2,"enemies":"Jaw Worm","floor":2,"turns":4},{"damage":9,"enemies":"2 Louse","floor":3,"turns":4},{"damage":3,"enemies":"Looter","floor":4,"turns":5},{"damage":24,"enemies":"Large Slime","floor":5,"turns":10},{"damage":13,"enemies":"Exordium Thugs","floor":10,"turns":6},{"damage":10,"enemies":"Lagavulin","floor":13,"turns":6},{"damage":4,"enemies":"Blue Slaver","floor":14,"turns":4},{"damage":25,"enemies":"The Guardian","floor":16,"turns":12},{"damage":22,"enemies":"Shell Parasite","floor":18,"turns":6},{"damage":34,"enemies":"3 Byrds","floor":19,"turns":9},{"damage":16,"enemies":"Snecko","floor":22,"turns":6},{"damage":50,"enemies":"Book of Stabbing","floor":24,"turns":5}],"seed_played":"8507756139156449684","potions_obtained":[{"floor":1,"key":"Poison Potion"},{"floor":2,"key":"Fire Potion"},{"floor":5,"key":"Regen Potion"}],"is_trial":false,"path_per_floor":["M","M","M","M","M","R","T","R","T","M","R","$","E","M","R","B",null,"M","M","?","?","M","R","E"],"character_chosen":"IRONCLAD","items_purchased":["Evolve"],"campfire_rested":0,"item_purchase_floors":[12],"current_hp_per_floor":[72,75,72,75,57,57,57,57,57,66,66,66,62,66,66,60,74,60,46,46,46,45,45,8],"gold":255,"neow_bonus":"RANDOM_COMMON_RELIC","is_prod":false,"is_daily":false,"chose_seed":false,"campfire_upgraded":5,"win_rate":0,"timestamp":1568404604,"path_taken":["M","M","?","M","M","R","?","R","T","M","R","$","E","M","R","BOSS","M","M","?","?","M","R","E"],"build_version":"2019-07-17","purchased_purges":1,"victory":false,"max_hp_per_floor":[75,75,75,75,75,75,75,75,75,77,77,77,77,79,79,79,79,81,83,83,83,83,83,83],"card_choices":[{"not_picked":["Iron Wave","Perfected Strike"],"picked":"Ghostly Armor","floor":1},{"not_picked":["Perfected Strike","Havoc"],"picked":"Inflame","floor":2},{"not_picked":["Sever Soul","Flex"],"picked":"Shrug It Off","floor":3},{"not_picked":["Thunderclap","True Grit"],"picked":"Shockwave","floor":4},{"not_picked":["Havoc","True Grit"],"picked":"Anger","floor":5},{"not_picked":["Flex","Armaments","Seeing Red"],"picked":"Singing Bowl","floor":10},{"not_picked":["Clothesline","Shrug It Off"],"picked":"Rage","floor":13},{"not_picked":["Thunderclap","Ghostly Armor","Havoc"],"picked":"Singing Bowl","floor":14},{"not_picked":["Impervious","Juggernaut"],"picked":"Reaper","floor":16},{"not_picked":["Anger","Combust","Sword Boomerang"],"picked":"Singing Bowl","floor":18},{"not_picked":["Headbutt","Corruption","Clash+1"],"picked":"Singing Bowl","floor":19},{"not_picked":["Sever Soul","Pummel"],"picked":"Wild Strike","floor":22}],"player_experience":742015,"relics_obtained":[{"floor":7,"key":"Singing Bowl"},{"floor":9,"key":"Pantograph"},{"floor":13,"key":"Du-Vu Doll"}],"event_choices":[{"damage_healed":0,"gold_gain":0,"player_choice":"Smashed Altar","damage_taken":0,"max_hp_gain":0,"max_hp_loss":0,"event_name":"Forgotten Altar","floor":20,"gold_loss":0,"cards_obtained":["Decay"]},{"damage_healed":0,"gold_gain":0,"player_choice":"Ignored","damage_taken":0,"max_hp_gain":0,"max_hp_loss":0,"event_name":"Ghosts","floor":21,"gold_loss":0}],"is_beta":false,"boss_relics":[{"not_picked":["White Beast Statue","Eternal Feather"],"picked":"Mark of Pain"}],"items_purged_floors":[12],"is_endless":false,"potions_floor_spawned":[1,2,4,5],"killed_by":"Book of Stabbing","ascension_level":20}