{"gold_per_floor":[117,132,151,167,187,187,205,232,256,256,270,296,308,294,306,394,406,390,402,28,28,42,42,59,69,114,125,125,159,170,188,188,260,260,277,197,217,217],"floor_reached":38,"playtime":1776,"items_purged":["Strike_R"],"score":828,"play_id":"4ed16025-919c-47a2-981e-02a483b8caf8","local_time":"20190917173945","is_ascension_mode":true,"campfire_choices":[{"data":"Flame Barrier","floor":6.0,"key":"SMITH"},{"data":"Uppercut","floor":10.0,"key":"SMITH"},{"data":"Rage","floor":15.0,"key":"SMITH"},{"data":"Magnetism","floor":23.0,"key":"SMITH"},{"floor":28,"key":"REST"},{"floor":32,"key":"REST"}],"neow_cost":"NONE","seed_source_timestamp":61379257477100,"circlet_count":0,"master_deck":["AscendersBane","Strike_R+1","Strike_R+1","Defend_R+1","Defend_R+1","Defend_R+1","Defend_R+1","Bash","Pommel Strike","Headbutt","Flame Barrier+1","Rage+1","Uppercut+1","Anger","Impervious","Brutality","Magnetism+1","Corruption","Anger","Rampage+1","Shrug It Off","Body Slam","Battle Trance","Demon Form","Rupture","Shrug It Off","Dark Embrace","Rampage","Disarm"],"special_seed":0,"relics":["Burning Blood","Vajra","Dream Catcher","MawBank","Empty Cage","Regal Pillow","Omamori","Fusion Hammer"],"potions_floor_usage":[27,29,29,33],"damage_taken":[{"damage":1.0,"enemies":"Cultist","floor":1.0,"turns":3.0},{"damage":2.0,"enemies":"2 Louse","floor":2.0,"turns":4.0},{"damage":4.0,"enemies":"Jaw Worm","floor":3.0,"turns":4.0},{"damage":11.0,"enemies":"Looter","floor":4.0,"turns":4.0},{"damage":3.0,"enemies":"Exordium Wildlife","floor":5.0,"turns":4.0},{"damage":10.0,"enemies":"Large Slime","floor":7.0,"turns":7.0},{"damage":8.0,"enemies":"Gremlin Nob","floor":8.0,"turns":3.0},{"damage":1.0,"enemies":"Blue Slaver","floor":11.0,"turns":5.0},{"damage":27.0,"enemies":"3 Sentries","floor":12.0,"turns":9.0},{"damage":6.0,"enemies":"Exordium Thugs","floor":14.0,"turns":4.0},{"damage":40.0,"enemies":"The Guardian","floor":16.0,"turns":15.0},{"damage":20.0,"enemies":"2 Thieves","floor":18.0,"turns":4.0},{"damage":0.0,"enemies":"Chosen","floor":22.0,"turns":6.0},{"damage":12.0,"enemies":"Centurion and Healer","floor":24.0,"turns":6.0},{"damage":20.0,"enemies":"Shelled Parasite and Fungi","floor":25.0,"turns":5.0},{"damage":8,"enemies":"Cultist and Chosen","floor":27,"turns":7},{"damage":53,"enemies":"Gremlin Leader","floor":29,"turns":6},{"damage":9,"enemies":"3 Cultists","floor":30,"turns":6},{"damage":9,"enemies":"Snake Plant","floor":31,"turns":5},{"damage":46,"enemies":"Automaton","floor":33,"turns":8},{"damage":14,"enemies":"Orb Walker","floor":35,"turns":5},{"damage":27,"enemies":"3 Shapes","floor":37,"turns":7},{"damage":39,"enemies":"Spire Growth","floor":38,"turns":5}],"seed_played":"7356880223100131013","potions_obtained":[{"floor":2.0,"key":"Fire Potion"},{"floor":3.0,"key":"FearPotion"},{"floor":5.0,"key":"Fire Potion"},{"floor":11.0,"key":"Ancient Potion"},{"floor":16.0,"key":"SneckoOil"},{"floor":22.0,"key":"Poison Potion"},{"floor":27,"key":"LiquidBronze"},{"floor":29,"key":"Strength Potion"},{"floor":37,"key":"PowerPotion"}],"is_trial":false,"path_per_floor":["M","M","M","M","M","R","M","E","T","R","M","E","?","M","R","B",null,"M","?","$","?","M","R","M","M","T","M","R","E","M","M","R","B",null,"M","$","M","M"],"character_chosen":"IRONCLAD","items_purchased":["Magnetism","Corruption","Anger","Disarm"],"campfire_rested":2,"item_purchase_floors":[20,20,20,36],"current_hp_per_floor":[80,82,82,77,80,80,76,74,74,74,79,58,58,58,58,24,68,54,54,54,54,60,60,54,40,40,38,77,30,27,24,63,23,67,59,59,38,0],"gold":217,"neow_bonus":"TEN_PERCENT_HP_BONUS","is_prod":false,"is_daily":false,"chose_seed":false,"campfire_upgraded":4,"win_rate":0,"timestamp":1568767185,"path_taken":["M","M","M","?","M","R","M","E","T","R","M","E","?","M","R","BOSS","M","?","$","?","M","R","M","M","T","M","R","E","M","M","R","BOSS","M","$","M","M"],"build_version":"2019-07-17","purchased_purges":1,"victory":false,"max_hp_per_floor":[82,82,82,82,82,82,82,82,82,82,82,82,82,82,82,82,82,82,82,82,82,82,82,82,82,82,82,82,82,82,82,82,82,82,82,82,82,82],"card_choices":[{"not_picked":["Twin Strike","Cleave"],"picked":"Pommel Strike","floor":1.0},{"not_picked":["Armaments","Pummel"],"picked":"Headbutt","floor":2.0},{"not_picked":["Headbutt","Blood for Blood"],"picked":"Flame Barrier","floor":3.0},{"not_picked":["Sever Soul","Wild Strike","True Grit"],"picked":"SKIP","floor":4.0},{"not_picked":["Heavy Blade","Iron Wave","Twin Strike"],"picked":"SKIP","floor":5.0},{"not_picked":["Hemokinesis","Seeing Red"],"picked":"Rage","floor":7.0},{"not_picked":["Sentinel","Twin Strike"],"picked":"Uppercut","floor":8.0},{"not_picked":["Sword Boomerang","Shrug It Off"],"picked":"Anger","floor":11.0},{"not_picked":["Seeing Red","Sword Boomerang"],"picked":"Impervious","floor":12.0},{"not_picked":["Flex","Heavy Blade","Hemokinesis"],"picked":"SKIP","floor":14.0},{"not_picked":["Juggernaut","Feed"],"picked":"Brutality","floor":16.0},{"not_picked":["Thunderclap","Pommel Strike","Twin Strike"],"picked":"SKIP","floor":18.0},{"not_picked":["Armaments","Clash"],"picked":"Rampage+1","floor":22.0},{"not_picked":["Perfected Strike","Warcry"],"picked":"Shrug It Off","floor":24.0},{"not_picked":["Berserk","Flex","Wild Strike"],"picked":"SKIP","floor":25.0},{"not_picked":["Wild Strike","Power Through"],"picked":"Body Slam","floor":27},{"not_picked":["Anger","Sentinel"],"picked":"Battle Trance","floor":28},{"not_picked":["Burning Pact","Sword Boomerang","Corruption"],"picked":"SKIP","floor":29},{"not_picked":["Corruption","Wild Strike"],"picked":"Demon Form","floor":30},{"not_picked":["Havoc","Spot Weakness"],"picked":"Rupture","floor":31},{"not_picked":["Clothesline+1","Rupture"],"picked":"Shrug It Off","floor":32},{"not_picked":["Double Tap","Demon Form"],"picked":"Dark Embrace","floor":33},{"not_picked":["Twin Strike+1","Searing Blow"],"picked":"Rampage","floor":35},{"not_picked":["Clothesline+1","Havoc","Clash"],"picked":"SKIP","floor":37}],"player_experience":818997,"relics_obtained":[{"floor":8.0,"key":"Vajra"},{"floor":9.0,"key":"Dream Catcher"},{"floor":12.0,"key":"MawBank"},{"floor":26.0,"key":"Regal Pillow"},{"floor":29,"key":"Omamori"}],"event_choices":[{"damage_healed":0.0,"max_hp_gain":0.0,"max_hp_loss":0.0,"gold_gain":0.0,"event_name":"Liars Game","player_choice":"Ignored","floor":13.0,"gold_loss":0.0,"damage_taken":0.0},{"damage_healed":0.0,"max_hp_gain":0.0,"max_hp_loss":0.0,"gold_gain":0.0,"event_name":"Ghosts","player_choice":"Ignored","floor":19.0,"gold_loss":0.0,"damage_taken":0.0},{"damage_healed":0.0,"max_hp_gain":0.0,"max_hp_loss":0.0,"gold_gain":0.0,"event_name":"Back to Basics","player_choice":"Simplicity","floor":21.0,"gold_loss":0.0,"damage_taken":0.0,"cards_upgraded":["Strike_R","Strike_R","Defend_R","Defend_R","Defend_R","Defend_R"]}],"is_beta":false,"boss_relics":[{"not_picked":["Mark of Pain","Busted Crown"],"picked":"Empty Cage"},{"not_picked":["Lizard Tail","Philosopher\u0027s Stone"],"picked":"Fusion Hammer"}],"items_purged_floors":[20],"is_endless":false,"potions_floor_spawned":[2,3,5,7,11,16,22,24,25,27,29,37],"killed_by":"Spire Growth","ascension_level":20}