{"path_per_floor":["M","?","M","M","M","R","M","$","T","?","E","$","M","M","R","B",null,"M","?","?","M","$","R","?","E","T","?","M","$"],"character_chosen":"DEFECT","items_purchased":["Genetic Algorithm","Finesse","Turbo","Heatsinks","Static Discharge","Hologram"],"gold_per_floor":[116,116,130,145,158,158,177,13,40,40,66,39,50,67,67,165,165,178,178,93,103,29,29,29,61,87,87,101,0,0],"floor_reached":30,"campfire_rested":2,"playtime":3247,"item_purchase_floors":[8,8,12,22,29,29],"current_hp_per_floor":[71,71,63,61,38,70,74,74,74,58,19,19,28,28,89,31,89,60,60,60,54,54,54,54,16,16,16,6,6,0],"items_purged":[],"gold":0,"score":250,"play_id":"48f50967-a519-4080-b6fc-e360d638a23a","local_time":"20180621004644","daily_mods":["Heirloom","Night Terrors","Vintage"],"is_prod":false,"is_daily":false,"chose_seed":true,"is_ascension_mode":false,"campfire_upgraded":1,"win_rate":0.0,"timestamp":1529556404,"campfire_choices":[{"floor":6,"key":"REST"},{"floor":15,"key":"REST"},{"data":"Hello World","floor":23,"key":"SMITH"}],"path_taken":["M","?","M","M","M","R","M","$","T","?","E","?","M","M","R","BOSS","M","?","?","M","$","R","?","E","T","?","M","$","M"],"build_version":"2018-06-14v2","seed_source_timestamp":25586404530234,"purchased_purges":0,"victory":false,"master_deck":["Strike_B+1","Strike_B+1","Strike_B","Strike_B+1","Defend_B","Defend_B","Defend_B","Defend_B","Zap+1","Dualcast","Regret","Genetic Algorithm","Finesse","Go for the Eyes","Turbo","Thunder Strike","Hello World+1","Heatsinks","Rip and Tear","Static Discharge","Hologram"],"max_hp_per_floor":[75,75,75,75,75,70,80,80,80,80,80,80,94,94,89,89,89,89,89,89,89,89,89,89,89,89,89,89,89,89],"special_seed":29952015251857,"relics":["Cracked Core","Peace Pipe","Vajra","Potion Belt","Gremlin Horn","Boot","Kunai","Pear","Blood Vial","Bronze Scales","Mango","Omamori","Whetstone","Sozu","Juzu Bracelet","Centennial Puzzle","Darkstone Periapt","Girya","Pen Nib","Ancient Tea Set","Lantern"],"card_choices":[{"not_picked":["Rip and Tear","Hologram"],"picked":"Go for the Eyes","floor":11},{"not_picked":["Reboot","Machine Learning"],"picked":"Thunder Strike","floor":16},{"not_picked":["Glacier","Hologram+1"],"picked":"Rip and Tear","floor":25}],"player_experience":220206,"potions_floor_usage":[5,11,16,16],"damage_taken":[{"damage":4,"enemies":"2 Louse","floor":1,"turns":3},{"damage":8,"enemies":"Jaw Worm","floor":3,"turns":3},{"damage":2,"enemies":"Small Slimes","floor":4,"turns":3},{"damage":23,"enemies":"Exordium Thugs","floor":5,"turns":5},{"damage":6,"enemies":"Blue Slaver","floor":7,"turns":3},{"damage":41,"enemies":"Lagavulin","floor":11,"turns":7},{"damage":7,"enemies":"3 Louse","floor":13,"turns":2},{"damage":2,"enemies":"Lots of Slimes","floor":14,"turns":2},{"damage":58,"enemies":"Hexaghost","floor":16,"turns":9},{"damage":29,"enemies":"2 Thieves","floor":18,"turns":4},{"damage":8,"enemies":"Spheric Guardian","floor":21,"turns":4},{"damage":40,"enemies":"Slavers","floor":25,"turns":6},{"damage":12,"enemies":"Snecko","floor":28,"turns":6},{"damage":12,"enemies":"3 Cultists","floor":30,"turns":2}],"relics_obtained":[{"floor":1,"key":"Vajra"},{"floor":3,"key":"Gremlin Horn"},{"floor":4,"key":"Boot"},{"floor":5,"key":"Kunai"},{"floor":7,"key":"Pear"},{"floor":9,"key":"Blood Vial"},{"floor":11,"key":"Bronze Scales"},{"floor":13,"key":"Mango"},{"floor":14,"key":"Omamori"},{"floor":16,"key":"Whetstone"},{"floor":18,"key":"Juzu Bracelet"},{"floor":21,"key":"Darkstone Periapt"},{"floor":25,"key":"Pen Nib"},{"floor":26,"key":"Ancient Tea Set"},{"floor":28,"key":"Lantern"}],"event_choices":[{"event_name":"Big Fish","player_choice":"Box","floor":2,"damage_taken":0},{"event_name":"Shining Light","player_choice":"Entered Light","floor":10,"damage_taken":0},{"event_name":"The Library","player_choice":"Read","floor":19,"damage_taken":0},{"event_name":"Addict","player_choice":"Obtained Relic","floor":20,"damage_taken":0},{"event_name":"The Mausoleum","player_choice":"Yes","floor":24,"damage_taken":0},{"event_name":"Drug Dealer","player_choice":"Ignored","floor":27,"damage_taken":0}],"boss_relics":[{"not_picked":["Ectoplasm","Runic Dome"],"picked":"Sozu"}],"items_purged_floors":[],"is_endless":false,"potions_floor_spawned":[1,5,13,14,18,25],"seed_played":"-977162055721915433","killed_by":"3 Cultists","ascension_level":0,"potions_obtained":[{"floor":1,"key":"Block Potion"},{"floor":5,"key":"Swift Potion"},{"floor":13,"key":"Fire Potion"},{"floor":14,"key":"AttackPotion"}],"is_trial":true}