{"gold_per_floor":[111,124,399,410,41,69,69,84,110,142,142,157,14,42,42,142,142,159,179,189,204,204,235,250,42,92,92,112,35,52,68,68,163,163,174,189,238,251,14,44,44],"floor_reached":41,"playtime":2504,"items_purged":["Regret"],"score":584,"play_id":"528a9481-4c17-4bd6-a941-722f02e0d2a6","local_time":"20190519013429","is_ascension_mode":true,"campfire_choices":[{"data":"Jack Of All Trades","floor":7,"key":"SMITH"},{"data":"Inflame","floor":15,"key":"SMITH"},{"floor":32,"key":"REST"}],"neow_cost":"NONE","seed_source_timestamp":27543478886767,"circlet_count":0,"master_deck":["Strike_R","Strike_R","Strike_R","Strike_R","Strike_R","Defend_R","Defend_R","Defend_R","Defend_R","Bash","Flame Barrier","Iron Wave","Wild Strike","Fire Breathing","Jack Of All Trades+1","Inflame+1","Anger","Heavy Blade","Twin Strike","Flex","Perfected Strike","Evolve","Metallicize","Juggernaut+1","Pommel Strike","Iron Wave","Seeing Red","Flex","Perfected Strike+1","Metallicize+1","Mayhem","Inflame","Jack Of All Trades+1","Pommel Strike","Entrench","Whirlwind","Flame Barrier+1","Dark Embrace","Perfected Strike+1","Infernal Blade","Shrug It Off+1","Parasite","Infernal Blade+1","Blind","Feed"],"relics":["Black Blood","NeowsBlessing","Bronze Scales","Centennial Puzzle","PreservedInsect","Mummified Hand","Oddly Smooth Stone","Lizard Tail","Bag of Preparation","Art of War","Ginger","Blood Vial","Juzu Bracelet"],"potions_floor_usage":[16,16,16,23,33,33,37],"damage_taken":[{"damage":0,"enemies":"Cultist","floor":1,"turns":1},{"damage":0,"enemies":"2 Louse","floor":2,"turns":1},{"damage":0,"enemies":"Jaw Worm","floor":4,"turns":1},{"damage":23,"enemies":"Gremlin Nob","floor":6,"turns":5},{"damage":9,"enemies":"Lots of Slimes","floor":8,"turns":3},{"damage":13,"enemies":"Gremlin Gang","floor":10,"turns":3},{"damage":10,"enemies":"Looter","floor":12,"turns":2},{"damage":13,"enemies":"Lagavulin","floor":14,"turns":3},{"damage":0,"enemies":"Slime Boss","floor":16,"turns":7},{"damage":13,"enemies":"2 Thieves","floor":18,"turns":4},{"damage":11,"enemies":"3 Byrds","floor":19,"turns":2},{"damage":17,"enemies":"Snake Plant","floor":20,"turns":4},{"damage":5,"enemies":"Cultist and Chosen","floor":21,"turns":4},{"damage":63,"enemies":"Slavers","floor":23,"turns":5},{"damage":24,"enemies":"3 Cultists","floor":24,"turns":6},{"damage":6,"enemies":"Snecko","floor":28,"turns":4},{"damage":6,"enemies":"Centurion and Healer","floor":30,"turns":3},{"damage":0,"enemies":"Chosen and Byrds","floor":31,"turns":3},{"damage":40,"enemies":"Champ","floor":33,"turns":10},{"damage":3,"enemies":"3 Shapes","floor":35,"turns":4},{"damage":12,"enemies":"3 Darklings","floor":36,"turns":5},{"damage":13,"enemies":"2 Orb Walkers","floor":37,"turns":4},{"damage":30,"enemies":"Writhing Mass","floor":38,"turns":6},{"damage":55,"enemies":"Reptomancer","floor":40,"turns":5},{"damage":34,"enemies":"Sphere and 2 Shapes","floor":41,"turns":3}],"seed_played":"-3099334595206189401","potions_obtained":[{"floor":2,"key":"SkillPotion"},{"floor":4,"key":"AttackPotion"},{"floor":10,"key":"EssenceOfSteel"},{"floor":19,"key":"Strength Potion"},{"floor":21,"key":"SkillPotion"},{"floor":24,"key":"EssenceOfSteel"},{"floor":28,"key":"FairyPotion"},{"floor":36,"key":"AttackPotion"}],"is_trial":false,"path_per_floor":["M","M","?","M","$","E","R","M","T","M","T","M","$","E","R","B",null,"M","M","M","M","?","E","M","$","T","?","M","$","M","M","R","B",null,"M","M","?","M","$","E","M"],"character_chosen":"IRONCLAD","items_purchased":["Bronze Scales","Fire Breathing","Jack Of All Trades","Flex","Perfected Strike","Evolve","Mayhem","Inflame","Entrench","Blood Vial","Blind"],"campfire_rested":1,"item_purchase_floors":[5,5,5,13,13,13,25,25,29,39,39],"current_hp_per_floor":[80,80,80,80,80,63,63,60,60,53,53,49,49,42,42,48,80,73,68,57,58,58,46,28,28,28,28,28,28,28,34,58,24,80,80,78,75,55,55,12,0],"gold":44,"neow_bonus":"THREE_ENEMY_KILL","is_prod":false,"is_daily":false,"chose_seed":false,"campfire_upgraded":2,"win_rate":0,"timestamp":1558244069,"path_taken":["M","?","?","M","$","E","R","M","T","?","?","M","$","E","R","BOSS","M","?","?","?","?","E","M","?","T","?","M","$","?","M","R","BOSS","M","M","?","M","$","E","M"],"build_version":"2019-01-23","purchased_purges":1,"victory":false,"max_hp_per_floor":[80,80,80,80,80,80,80,80,80,80,80,80,80,80,80,80,80,80,80,80,80,80,80,80,80,80,80,80,80,80,80,80,80,80,80,80,80,80,80,80,80],"card_choices":[{"not_picked":["Perfected Strike","Inflame"],"picked":"Flame Barrier","floor":1},{"not_picked":["Seeing Red","Clash"],"picked":"Iron Wave","floor":2},{"not_picked":["True Grit","Corruption"],"picked":"Wild Strike","floor":4},{"not_picked":["Infernal Blade","Rampage"],"picked":"Inflame","floor":6},{"not_picked":["Rupture","Wild Strike"],"picked":"Anger","floor":8},{"not_picked":["Dropkick","Sentinel"],"picked":"Heavy Blade","floor":10},{"not_picked":["Carnage","Wild Strike"],"picked":"Twin Strike","floor":12},{"not_picked":["Shockwave","Sword Boomerang"],"picked":"Metallicize","floor":14},{"not_picked":["Demon Form","Fiend Fire"],"picked":"Juggernaut","floor":16},{"not_picked":["Iron Wave","Warcry"],"picked":"Pommel Strike","floor":18},{"not_picked":["Combust","Power Through"],"picked":"Iron Wave","floor":19},{"not_picked":["Hemokinesis","True Grit"],"picked":"Seeing Red","floor":20},{"not_picked":["Heavy Blade","Iron Wave"],"picked":"Flex","floor":21},{"not_picked":["Body Slam","Corruption"],"picked":"Perfected Strike+1","floor":23},{"not_picked":["Battle Trance+1","Rage"],"picked":"Metallicize+1","floor":24},{"not_picked":["Reckless Charge","Body Slam"],"picked":"Pommel Strike","floor":28},{"not_picked":["Reckless Charge","Sentinel"],"picked":"Whirlwind","floor":30},{"not_picked":["Clash","Twin Strike"],"picked":"Flame Barrier+1","floor":31},{"not_picked":["Exhume","Double Tap"],"picked":"Dark Embrace","floor":33},{"not_picked":["Thunderclap","Shrug It Off"],"picked":"Perfected Strike+1","floor":35},{"not_picked":["Power Through","Fire Breathing"],"picked":"Infernal Blade","floor":36},{"not_picked":["Thunderclap","Dual Wield"],"picked":"Shrug It Off+1","floor":37},{"not_picked":["Thunderclap+1","Corruption"],"picked":"Infernal Blade+1","floor":38},{"not_picked":["Body Slam","Headbutt"],"picked":"Feed","floor":40}],"player_experience":686757,"relics_obtained":[{"floor":6,"key":"Centennial Puzzle"},{"floor":9,"key":"PreservedInsect"},{"floor":11,"key":"Mummified Hand"},{"floor":14,"key":"Oddly Smooth Stone"},{"floor":23,"key":"Bag of Preparation"},{"floor":26,"key":"Art of War"},{"floor":37,"key":"Ginger"},{"floor":40,"key":"Juzu Bracelet"}],"event_choices":[{"damage_healed":0,"gold_gain":275,"player_choice":"Desecrate","damage_taken":0,"max_hp_gain":0,"max_hp_loss":0,"event_name":"Golden Shrine","floor":3,"gold_loss":0,"cards_obtained":["Regret"]},{"damage_healed":0,"gold_gain":0,"player_choice":"Forge","damage_taken":0,"max_hp_gain":0,"max_hp_loss":0,"event_name":"Accursed Blacksmith","floor":22,"gold_loss":0,"cards_upgraded":["Juggernaut"]},{"damage_healed":0,"gold_gain":0,"player_choice":"Copied","damage_taken":0,"max_hp_gain":0,"max_hp_loss":0,"event_name":"Duplicator","floor":27,"gold_loss":0,"cards_obtained":["Jack Of All Trades"]},{"damage_healed":0,"gold_gain":0,"player_choice":"Fight","damage_taken":0,"max_hp_gain":0,"max_hp_loss":0,"event_name":"Mysterious Sphere","floor":37,"gold_loss":0}],"is_beta":false,"boss_relics":[{"not_picked":["Runic Dome","Velvet Choker"],"picked":"Lizard Tail"},{"not_picked":["Orrery","Astrolabe"],"picked":"Black Blood"}],"items_purged_floors":[5],"is_endless":false,"potions_floor_spawned":[2,4,10,19,21,24,28,36],"killed_by":"Sphere and 2 Shapes","ascension_level":1}