{"path_per_floor":["M","$","?","M","M","R","M","$","T","?","R","M","T","E","R","B",null,"M","$","M","M","?","R","M","R","T","M"],"character_chosen":"THE_SILENT","items_purchased":["Well Laid Plans","Orichalcum","Footwork","Quick Slash","Panache"],"gold_per_floor":[110,34,209,223,241,241,252,0,25,25,25,40,63,95,95,193,193,203,14,34,54,54,54,72,72,72,83,83],"floor_reached":28,"campfire_rested":5,"playtime":4473,"item_purchase_floors":[2,8,8,8,19],"current_hp_per_floor":[68,68,68,68,62,70,64,64,64,64,70,65,65,65,77,19,77,53,53,38,33,33,71,19,57,57,18,0],"items_purged":[],"gold":83,"score":220,"play_id":"a5d05b28-82fa-488a-af17-eb3a2e3c2c26","local_time":"20180531233339","is_prod":false,"is_daily":false,"chose_seed":false,"is_ascension_mode":false,"campfire_upgraded":0,"win_rate":0,"timestamp":1527824019,"campfire_choices":[{"floor":6,"key":"REST"},{"floor":11,"key":"REST"},{"floor":15,"key":"REST"},{"floor":23,"key":"REST"},{"floor":25,"key":"REST"}],"path_taken":["M","$","?","M","?","R","M","$","T","?","R","M","?","E","R","BOSS","M","$","M","M","?","R","M","R","T","M","M"],"build_version":"2018-05-31","seed_source_timestamp":24658148707333,"purchased_purges":0,"victory":false,"master_deck":["Survivor","Neutralize","Acrobatics","Well Laid Plans","Doubt","Deflect","Flying Knee","Caltrops","Prepared","Footwork","Quick Slash","Dodge and Roll","Dagger Spray","Crippling Poison","Backstab","Phantasmal Killer","PiercingWail","Flying Knee","Outmaneuver","Dash","Noxious Fumes","Dagger Spray","Cloak And Dagger","Bane","Dodge and Roll","Underhanded Strike","Cloak And Dagger","Panache","Flying Knee+1","Slice","Quick Slash","Leg Sweep+1","Bullet Time","Backstab"],"max_hp_per_floor":[70,70,70,70,70,70,70,70,70,70,70,70,70,77,77,77,77,77,77,77,77,77,77,77,77,77,77,77],"relics":["Ring of the Snake","Dream Catcher","Orichalcum","Bag of Marbles","Regal Pillow","Omamori","Strawberry","Pandora\u0027s Box","Matryoshka"],"card_choices":[{"not_picked":["Slice","Endless Agony"],"picked":"Acrobatics","floor":1},{"not_picked":["Expertise","Bane"],"picked":"Deflect","floor":4},{"not_picked":["Deadly Poison","Underhanded Strike"],"picked":"Flying Knee","floor":5},{"not_picked":["Noxious Fumes","Bouncing Flask"],"picked":"Caltrops","floor":6},{"not_picked":["Acrobatics","Heel Hook"],"picked":"Prepared","floor":7},{"not_picked":["Flechettes","Deflect"],"picked":"Dodge and Roll","floor":11},{"not_picked":["Leg Sweep","Bouncing Flask"],"picked":"Dagger Spray","floor":12},{"not_picked":["Poisoned Stab","Venomology"],"picked":"Crippling Poison","floor":14},{"not_picked":["Deflect","Dodge and Roll"],"picked":"Backstab","floor":15},{"not_picked":["Doppelganger","Glass Knife"],"picked":"Phantasmal Killer","floor":16},{"not_picked":["Underhanded Strike+1","Endless Agony"],"picked":"Cloak And Dagger","floor":18},{"not_picked":["Outmaneuver","Cloak And Dagger"],"picked":"Flying Knee+1","floor":20},{"not_picked":["Deflect","Flying Knee"],"picked":"Slice","floor":21},{"not_picked":["Footwork","Bane"],"picked":"Quick Slash","floor":23},{"not_picked":["PiercingWail","Quick Slash"],"picked":"Leg Sweep+1","floor":24},{"not_picked":["Caltrops+1","Slice"],"picked":"Bullet Time","floor":25},{"not_picked":["Dagger Throw","Well Laid Plans"],"picked":"Backstab","floor":27}],"player_experience":138690,"potions_floor_usage":[14,16,24,27],"damage_taken":[{"damage":2,"enemies":"Small Slimes","floor":1,"turns":4},{"damage":0,"enemies":"Jaw Worm","floor":4,"turns":3},{"damage":6,"enemies":"Cultist","floor":5,"turns":5},{"damage":6,"enemies":"Looter","floor":7,"turns":4},{"damage":5,"enemies":"Large Slime","floor":12,"turns":10},{"damage":7,"enemies":"3 Sentries","floor":14,"turns":6},{"damage":58,"enemies":"Hexaghost","floor":16,"turns":15},{"damage":24,"enemies":"2 Thieves","floor":18,"turns":5},{"damage":15,"enemies":"3 Byrds","floor":20,"turns":3},{"damage":5,"enemies":"Snecko","floor":21,"turns":4},{"damage":52,"enemies":"Sentry and Sphere","floor":24,"turns":8},{"damage":39,"enemies":"Cultist and Chosen","floor":27,"turns":9},{"damage":20,"enemies":"3 Cultists","floor":28,"turns":4}],"relics_obtained":[{"floor":9,"key":"Bag of Marbles"},{"floor":13,"key":"Omamori"},{"floor":14,"key":"Strawberry"},{"floor":26,"key":"Matryoshka"}],"event_choices":[{"event_name":"Liars Game","player_choice":"agreed","floor":3,"damage_taken":0},{"event_name":"Big Fish","player_choice":"Box","floor":10,"damage_taken":0},{"event_name":"Purifier","player_choice":"One Purge","floor":22,"damage_taken":0}],"boss_relics":[{"not_picked":["Ectoplasm","Tiny House"],"picked":"Pandora\u0027s Box"}],"items_purged_floors":[],"potions_floor_spawned":[4,7,12,21,24,27],"seed_played":"6310497609270811532","killed_by":"3 Cultists","ascension_level":0,"potions_obtained":[{"floor":4,"key":"AttackPotion"},{"floor":7,"key":"Strength Potion"},{"floor":12,"key":"Energy Potion"},{"floor":21,"key":"AttackPotion"},{"floor":24,"key":"Explosive Potion"},{"floor":27,"key":"Explosive Potion"}],"is_trial":false}