{"gold_per_floor":[115,131,143,156,174,174,203,203,203,228,239,256,276,292,292,370,370,347,272,282,282],"floor_reached":21,"playtime":931,"items_purged":["Strike_R"],"score":374,"play_id":"9e6e333f-b4b5-44f2-b5ed-723fe6e79e26","local_time":"20190916185808","is_ascension_mode":true,"campfire_choices":[{"data":"Uppercut","floor":6,"key":"SMITH"},{"data":"Rampage","floor":8,"key":"SMITH"},{"data":"Metallicize","floor":15,"key":"SMITH"}],"neow_cost":"NONE","seed_source_timestamp":384488674505400,"circlet_count":0,"master_deck":["AscendersBane","Strike_R","Strike_R","Strike_R","Defend_R","Defend_R","Defend_R","Defend_R","Bash","Uppercut+1","Metallicize","Seeing Red","Shrug It Off","Headbutt","Rampage+1","Power Through","Metallicize+1","Reaper","Feel No Pain","Impervious","Disarm"],"relics":["Burning Blood","Torii","Letter Opener","Centennial Puzzle","Sozu"],"potions_floor_usage":[7,12,12,21],"damage_taken":[{"damage":2,"enemies":"Cultist","floor":1,"turns":4},{"damage":6,"enemies":"Jaw Worm","floor":2,"turns":5},{"damage":11,"enemies":"2 Louse","floor":3,"turns":4},{"damage":8,"enemies":"Blue Slaver","floor":4,"turns":7},{"damage":12,"enemies":"3 Louse","floor":5,"turns":5},{"damage":20,"enemies":"3 Sentries","floor":7,"turns":10},{"damage":2,"enemies":"2 Fungi Beasts","floor":11,"turns":4},{"damage":9,"enemies":"Exordium Thugs","floor":12,"turns":6},{"damage":11,"enemies":"Looter","floor":13,"turns":2},{"damage":2,"enemies":"Large Slime","floor":14,"turns":5},{"damage":6,"enemies":"The Guardian","floor":16,"turns":12},{"damage":12,"enemies":"2 Thieves","floor":18,"turns":4},{"damage":21,"enemies":"Chosen","floor":20,"turns":6},{"damage":64,"enemies":"Masked Bandits","floor":21,"turns":6}],"seed_played":"5708084725793651750","potions_obtained":[{"floor":4,"key":"Explosive Potion"},{"floor":5,"key":"Ancient Potion"},{"floor":7,"key":"Regen Potion"},{"floor":11,"key":"Explosive Potion"},{"floor":13,"key":"Energy Potion"},{"floor":16,"key":"FearPotion"}],"is_trial":false,"path_per_floor":["M","M","M","M","M","R","E","R","T","T","M","M","M","M","R","B",null,"M","$","M","?"],"character_chosen":"IRONCLAD","items_purchased":[],"campfire_rested":0,"item_purchase_floors":[],"current_hp_per_floor":[72,72,67,65,59,59,45,45,45,45,49,61,56,60,60,60,71,69,69,60,0],"gold":282,"neow_bonus":"REMOVE_CARD","is_prod":false,"is_daily":false,"chose_seed":false,"campfire_upgraded":3,"win_rate":0,"timestamp":1568685488,"path_taken":["M","M","M","?","M","R","E","R","T","?","M","M","M","M","R","BOSS","M","$","M","?"],"build_version":"2019-07-17","purchased_purges":1,"victory":false,"max_hp_per_floor":[75,75,75,75,75,75,75,75,75,75,75,75,75,75,75,75,75,75,75,75,75],"card_choices":[{"not_picked":["Headbutt","Pommel Strike"],"picked":"Uppercut","floor":1},{"not_picked":["Ghostly Armor","Clothesline"],"picked":"Metallicize","floor":2},{"not_picked":["Sever Soul","Clash"],"picked":"Seeing Red","floor":3},{"not_picked":["Flame Barrier","Corruption"],"picked":"Shrug It Off","floor":4},{"not_picked":["Flex","True Grit"],"picked":"Headbutt","floor":5},{"not_picked":["Havoc","Warcry"],"picked":"Rampage","floor":7},{"not_picked":["Sword Boomerang","Warcry"],"picked":"Power Through","floor":11},{"not_picked":["Thunderclap","Flex"],"picked":"Metallicize","floor":12},{"not_picked":["Whirlwind","True Grit"],"picked":"Reaper","floor":13},{"not_picked":["Wild Strike","Reckless Charge"],"picked":"Feel No Pain","floor":14},{"not_picked":["Exhume","Bludgeon"],"picked":"Impervious","floor":16},{"not_picked":["Armaments","Dropkick","Heavy Blade"],"picked":"SKIP","floor":18},{"not_picked":["Blood for Blood","Iron Wave"],"picked":"Disarm","floor":20}],"player_experience":793223,"relics_obtained":[{"floor":7,"key":"Torii"},{"floor":9,"key":"Letter Opener"},{"floor":10,"key":"Centennial Puzzle"}],"event_choices":[{"damage_healed":0,"gold_gain":0,"player_choice":"Fought Bandits","damage_taken":0,"max_hp_gain":0,"max_hp_loss":0,"event_name":"Masked Bandits","floor":21,"gold_loss":0}],"is_beta":false,"boss_relics":[{"not_picked":["Pandora\u0027s Box","Empty Cage"],"picked":"Sozu"}],"items_purged_floors":[19],"is_endless":false,"potions_floor_spawned":[4,5,7,11,13,16],"killed_by":"Masked Bandits","ascension_level":20}