{"gold_per_floor":[110,128,128,42,60,60,86,86,109,120,132,132,152,165,165,240,240,251,32,82,98,116,116,116],"floor_reached":24,"playtime":710,"items_purged":[],"score":400,"play_id":"6db292f3-cfa5-4c0e-be5e-727d4f439585","local_time":"20190922000448","is_ascension_mode":true,"campfire_choices":[{"data":"Demon Form","floor":6,"key":"SMITH"},{"floor":8,"key":"REST"},{"floor":15,"key":"REST"},{"floor":23,"key":"REST"}],"neow_cost":"PERCENT_DAMAGE","seed_source_timestamp":431168341321000,"circlet_count":0,"master_deck":["AscendersBane","Strike_R+1","Strike_R","Strike_R","Strike_R+1","Defend_R","Defend_R","Defend_R","Defend_R","Bash","Demon Form+1","Ghostly Armor","Evolve","Twin Strike","Shrug It Off","Wild Strike","Pummel","Offering","Seeing Red","Apotheosis","Pummel"],"relics":["Burning Blood","Whetstone","Centennial Puzzle","Orichalcum","Mark of Pain"],"potions_floor_usage":[7,14,22],"damage_taken":[{"damage":7,"enemies":"Jaw Worm","floor":1,"turns":5},{"damage":1,"enemies":"Cultist","floor":2,"turns":4},{"damage":0,"enemies":"2 Louse","floor":5,"turns":4},{"damage":44,"enemies":"Gremlin Nob","floor":7,"turns":5},{"damage":26,"enemies":"Lots of Slimes","floor":10,"turns":7},{"damage":2,"enemies":"3 Louse","floor":11,"turns":5},{"damage":5,"enemies":"Looter","floor":13,"turns":2},{"damage":13,"enemies":"Large Slime","floor":14,"turns":5},{"damage":32,"enemies":"Slime Boss","floor":16,"turns":8},{"damage":19,"enemies":"2 Thieves","floor":18,"turns":5},{"damage":8,"enemies":"3 Byrds","floor":21,"turns":4},{"damage":30,"enemies":"Snake Plant","floor":22,"turns":5},{"damage":49,"enemies":"Shelled Parasite and Fungi","floor":24,"turns":3}],"seed_played":"-4961353768547970307","potions_obtained":[{"floor":1,"key":"Block Potion"},{"floor":7,"key":"FearPotion"},{"floor":10,"key":"Dexterity Potion"},{"floor":13,"key":"BloodPotion"},{"floor":18,"key":"Block Potion"},{"floor":22,"key":"EssenceOfSteel"}],"is_trial":false,"path_per_floor":["M","M","?","$","M","R","E","R","T","M","M","T","M","M","R","B",null,"M","$","?","M","M","R","M"],"character_chosen":"IRONCLAD","items_purchased":["Evolve","Apotheosis","Pummel"],"campfire_rested":3,"item_purchase_floors":[4,19,19],"current_hp_per_floor":[49,54,54,54,60,60,22,44,44,24,28,28,29,37,59,33,65,52,52,52,50,26,48,0],"gold":116,"neow_bonus":"THREE_RARE_CARDS","is_prod":false,"is_daily":false,"chose_seed":false,"campfire_upgraded":1,"win_rate":0,"timestamp":1569135888,"path_taken":["M","M","?","$","?","R","E","R","T","M","M","?","M","M","R","BOSS","M","$","?","M","M","R","M"],"build_version":"2019-09-20","purchased_purges":0,"victory":false,"max_hp_per_floor":[75,75,75,75,75,75,75,75,75,75,75,75,75,75,75,75,75,75,75,75,75,75,75,75],"card_choices":[{"not_picked":["Exhume","Limit Break"],"picked":"Demon Form","floor":0},{"not_picked":["Second Wind","Rupture"],"picked":"Ghostly Armor","floor":1},{"not_picked":["Entrench","Twin Strike","Armaments"],"picked":"SKIP","floor":2},{"not_picked":["Flex","Armaments"],"picked":"Twin Strike","floor":5},{"not_picked":["Twin Strike","Headbutt"],"picked":"Shrug It Off","floor":7},{"not_picked":["Armaments","Hemokinesis","Havoc"],"picked":"SKIP","floor":10},{"not_picked":["Dropkick","Shockwave"],"picked":"Wild Strike","floor":11},{"not_picked":["Warcry","Anger","Clothesline"],"picked":"SKIP","floor":13},{"not_picked":["Thunderclap","Shrug It Off"],"picked":"Pummel","floor":14},{"not_picked":["Bludgeon","Double Tap"],"picked":"Offering","floor":16},{"not_picked":["Sword Boomerang","Combust"],"picked":"Seeing Red","floor":18},{"not_picked":["Infernal Blade","Searing Blow","Warcry"],"picked":"SKIP","floor":21},{"not_picked":["Rupture","Body Slam","Perfected Strike"],"picked":"SKIP","floor":22}],"player_experience":949640,"relics_obtained":[{"floor":7,"key":"Whetstone"},{"floor":9,"key":"Centennial Puzzle"},{"floor":12,"key":"Orichalcum"}],"event_choices":[{"cards_removed":["Strike_R"],"damage_healed":0,"gold_gain":0,"player_choice":"Purged","damage_taken":0,"max_hp_gain":0,"max_hp_loss":0,"event_name":"Purifier","floor":3,"gold_loss":0},{"damage_healed":0,"gold_gain":50,"player_choice":"Stole From Cult","damage_taken":0,"max_hp_gain":0,"max_hp_loss":0,"event_name":"Nest","floor":20,"gold_loss":0}],"is_beta":true,"boss_relics":[{"not_picked":["Velvet Choker","Cursed Key"],"picked":"Mark of Pain"}],"items_purged_floors":[],"is_endless":false,"potions_floor_spawned":[1,7,10,13,18,22],"killed_by":"Shelled Parasite and Fungi","ascension_level":20}