{"gold_per_floor":[111,127,1,13,13,76,95,95,95,95,95,114,114,134,134,237,237,249,249,4,4,4,4],"floor_reached":23,"playtime":1073,"items_purged":[],"score":214,"play_id":"567c6952-febe-4d68-8db0-244c346c9ecf","local_time":"20180623135238","is_ascension_mode":false,"campfire_choices":[{"floor":8,"key":"REST"},{"data":"Sunder","floor":10,"key":"SMITH"},{"floor":13,"key":"REST"},{"data":"Hello World","floor":15,"key":"SMITH"}],"neow_cost":"NONE","seed_source_timestamp":20571538410977,"circlet_count":0,"master_deck":["Defend_B+1","Defend_B+1","Defend_B+1","Defend_B+1","Zap","Dualcast","Sunder+1","Genetic Algorithm","Defragment","Streamline","Hello World+1","Sweeping Beam","Coolheaded","Buffer","Compile Driver+1","Auto Shields+1","Multi-Cast+1","Beam Cell","Mind Blast","Melter","Defragment","Bite","Bite","Bite","Bite","Bite"],"relics":["Lizard Tail","Dodecahedron","Tiny Chest","Centennial Puzzle","Bronze Scales","Astrolabe","Nilry\u0027s Codex"],"potions_floor_usage":[6,6,12,16,16],"damage_taken":[{"damage":1,"enemies":"Cultist","floor":1,"turns":4},{"damage":5,"enemies":"Small Slimes","floor":2,"turns":2},{"damage":0,"enemies":"2 Louse","floor":4,"turns":1},{"damage":28,"enemies":"Lagavulin","floor":6,"turns":6},{"damage":4,"enemies":"Exordium Wildlife","floor":7,"turns":2},{"damage":23,"enemies":"Large Slime","floor":12,"turns":4},{"damage":14,"enemies":"2 Fungi Beasts","floor":14,"turns":3},{"damage":22,"enemies":"Hexaghost","floor":16,"turns":9},{"damage":28,"enemies":"2 Thieves","floor":18,"turns":5},{"damage":37,"enemies":"Slavers","floor":23,"turns":4}],"seed_played":"-7993848727488143212","potions_obtained":[{"floor":1,"key":"Ancient Potion"},{"floor":2,"key":"Fire Potion"},{"floor":4,"key":"FearPotion"},{"floor":7,"key":"GamblersBrew"},{"floor":14,"key":"Ancient Potion"}],"is_trial":false,"path_per_floor":["M","M","$","M","?","E","M","R","T","R","T","M","R","M","R","B",null,"M","?","$","?","?"],"character_chosen":"DEFECT","items_purchased":["Defragment","Streamline","Mind Blast","Melter","Defragment"],"campfire_rested":2,"item_purchase_floors":[3,3,20,20,20],"current_hp_per_floor":[74,69,69,69,44,16,12,34,34,34,34,11,33,19,19,37,75,47,31,31,31,31,0],"gold":4,"neow_bonus":"BOSS_RELIC","is_prod":false,"is_daily":false,"chose_seed":false,"campfire_upgraded":2,"win_rate":0.0,"timestamp":1529776358,"path_taken":["M","?","$","M","?","E","M","R","T","R","?","M","R","M","R","BOSS","M","?","$","?","?","E"],"build_version":"2018-06-21v2","purchased_purges":0,"victory":false,"max_hp_per_floor":[75,75,75,75,75,75,75,75,75,75,75,75,75,75,75,75,75,75,75,75,52,52,52],"card_choices":[{"not_picked":["Heatsinks","Rebound"],"picked":"Sunder","floor":1},{"not_picked":["Hologram","Go for the Eyes"],"picked":"Genetic Algorithm","floor":2},{"not_picked":["Coolheaded","Stack"],"picked":"Hello World","floor":4},{"not_picked":["Steam","Hologram"],"picked":"All For One","floor":6},{"not_picked":["Cold Snap","Conserve Battery"],"picked":"Sweeping Beam","floor":7},{"not_picked":["Coolheaded","Lockon"],"picked":"Sweeping Beam","floor":12},{"not_picked":["Streamline","Compile Driver"],"picked":"Coolheaded","floor":14},{"not_picked":["All For One","Biased Cognition"],"picked":"Buffer","floor":16},{"not_picked":["Rebound","Turbo"],"picked":"Beam Cell","floor":18}],"player_experience":230724,"relics_obtained":[{"floor":6,"key":"Tiny Chest"},{"floor":9,"key":"Centennial Puzzle"},{"floor":11,"key":"Bronze Scales"},{"floor":19,"key":"Nilry\u0027s Codex"}],"event_choices":[{"event_name":"Scrap Ooze","player_choice":"success","floor":5,"damage_taken":25},{"event_name":"Cursed Tome","player_choice":"Obtained Book","floor":19,"damage_taken":0},{"event_name":"Vampires","player_choice":"Became a vampire","floor":21,"damage_taken":0},{"event_name":"Back to Basics","player_choice":"Simplicity","floor":22,"damage_taken":0}],"boss_relics":[{"not_picked":["Sozu","Fusion Hammer"],"picked":"Astrolabe"}],"items_purged_floors":[],"is_endless":false,"potions_floor_spawned":[1,2,4,7,14],"killed_by":"Slavers","ascension_level":0}