{"gold_per_floor":[118,118,131,147,168,168,188,224,224,224,239,274,292,292,292,385,385,385,385,273,273,188,188,188,188,188,188,188,188,188,188,188,188,188,188,188],"floor_reached":36,"playtime":1076,"items_purged":["Strike_R"],"score":846,"play_id":"1d96c6e0-8e54-4302-86f9-72f69336dfb2","local_time":"20190921164437","is_ascension_mode":true,"campfire_choices":[{"data":"Clothesline","floor":6,"key":"SMITH"},{"data":"Anger","floor":10,"key":"SMITH"},{"data":"Fire Breathing","floor":15,"key":"SMITH"},{"floor":23,"key":"REST"},{"floor":28,"key":"REST"},{"data":"Evolve","floor":30,"key":"SMITH"},{"floor":32,"key":"REST"}],"neow_cost":"NONE","seed_source_timestamp":404390009376400,"circlet_count":0,"master_deck":["AscendersBane","Strike_R","Strike_R","Strike_R","Defend_R","Defend_R","Defend_R","Defend_R","Bash","Clothesline+1","Shrug It Off","Headbutt","Wild Strike","Anger+1","Fire Breathing+1","Immolate","Wild Strike","Immolate","Evolve+1","Disarm","Evolve","Offering","Second Wind","Power Through+1","Battle Trance"],"relics":["Burning Blood","Golden Idol","Gremlin Horn","Eternal Feather","Toy Ornithopter","Ectoplasm","Nunchaku","Nilry\u0027s Codex","Singing Bowl","Tiny Chest","Runic Dome"],"potions_floor_usage":[7,8,16,16,21,33,33],"damage_taken":[{"damage":6,"enemies":"Jaw Worm","floor":1,"turns":5},{"damage":0,"enemies":"Cultist","floor":3,"turns":4},{"damage":6,"enemies":"Small Slimes","floor":4,"turns":4},{"damage":13,"enemies":"Blue Slaver","floor":5,"turns":3},{"damage":2,"enemies":"Exordium Thugs","floor":7,"turns":4},{"damage":0,"enemies":"Gremlin Nob","floor":8,"turns":2},{"damage":13,"enemies":"Large Slime","floor":11,"turns":4},{"damage":17,"enemies":"Lagavulin","floor":12,"turns":6},{"damage":0,"enemies":"3 Louse","floor":13,"turns":2},{"damage":30,"enemies":"Hexaghost","floor":16,"turns":7},{"damage":18,"enemies":"Chosen","floor":18,"turns":4},{"damage":18,"enemies":"3 Byrds","floor":19,"turns":4},{"damage":25,"enemies":"Shelled Parasite and Fungi","floor":21,"turns":5},{"damage":29,"enemies":"Slavers","floor":25,"turns":3},{"damage":6,"enemies":"3 Cultists","floor":27,"turns":3},{"damage":14,"enemies":"Snake Plant","floor":29,"turns":4},{"damage":25,"enemies":"Snecko","floor":31,"turns":5},{"damage":64,"enemies":"Automaton","floor":33,"turns":9},{"damage":19,"enemies":"Orb Walker","floor":35,"turns":4},{"damage":45,"enemies":"3 Darklings","floor":36,"turns":2}],"seed_played":"-7124545480111229737","potions_obtained":[{"floor":3,"key":"AttackPotion"},{"floor":5,"key":"EssenceOfSteel"},{"floor":7,"key":"PowerPotion"},{"floor":12,"key":"EssenceOfSteel"},{"floor":19,"key":"Weak Potion"},{"floor":29,"key":"Block Potion"},{"floor":31,"key":"LiquidBronze"},{"floor":35,"key":"Dexterity Potion"}],"is_trial":false,"path_per_floor":["M","?","M","M","M","R","M","E","T","R","M","E","M","?","R","B",null,"M","M","$","M","?","R","?","E","T","M","R","M","R","M","R","B",null,"M","M"],"character_chosen":"IRONCLAD","items_purchased":["Disarm"],"campfire_rested":3,"item_purchase_floors":[20],"current_hp_per_floor":[68,68,68,68,61,61,65,68,68,68,61,50,56,56,65,49,63,51,39,39,25,25,57,36,13,13,13,45,39,51,32,65,15,58,45,0],"gold":188,"neow_bonus":"THREE_CARDS","is_prod":false,"is_daily":false,"chose_seed":false,"campfire_upgraded":4,"win_rate":0,"timestamp":1569109477,"path_taken":["M","?","M","M","M","R","M","E","T","R","M","E","M","?","R","BOSS","M","?","$","?","?","R","?","E","T","M","R","M","R","M","R","BOSS","M","M"],"build_version":"2019-09-20","purchased_purges":1,"victory":false,"max_hp_per_floor":[75,68,68,68,68,68,68,68,68,68,68,68,68,68,68,68,68,68,68,68,68,68,68,68,68,68,68,68,70,70,70,70,72,72,72,72],"card_choices":[{"not_picked":["Sentinel","True Grit"],"picked":"Clothesline","floor":0},{"not_picked":["Dual Wield","Headbutt"],"picked":"Shrug It Off","floor":1},{"not_picked":["True Grit","Havoc"],"picked":"Headbutt","floor":3},{"not_picked":["Cleave","Clash"],"picked":"Wild Strike","floor":4},{"not_picked":["Iron Wave","Havoc"],"picked":"Anger","floor":5},{"not_picked":["Iron Wave","Warcry","Reckless Charge"],"picked":"SKIP","floor":7},{"not_picked":["Pommel Strike","Rupture","Hemokinesis"],"picked":"SKIP","floor":8},{"not_picked":["Sentinel","Flex"],"picked":"Fire Breathing","floor":11},{"not_picked":["Metallicize","Iron Wave"],"picked":"Immolate","floor":12},{"not_picked":["Burning Pact","Sword Boomerang"],"picked":"Wild Strike","floor":13},{"not_picked":["Fiend Fire","Reaper"],"picked":"Immolate","floor":16},{"not_picked":["Iron Wave","Perfected Strike","Body Slam"],"picked":"SKIP","floor":18},{"not_picked":["Bloodletting","Ghostly Armor"],"picked":"Evolve","floor":19},{"not_picked":["Pommel Strike","Searing Blow"],"picked":"Evolve","floor":21},{"not_picked":["Anger","Reaper"],"picked":"Offering","floor":25},{"not_picked":["Heavy Blade","Clash"],"picked":"Second Wind","floor":27},{"not_picked":["Pommel Strike","Body Slam","Havoc+1"],"picked":"Singing Bowl","floor":29},{"not_picked":["True Grit","Flame Barrier"],"picked":"Power Through+1","floor":31},{"not_picked":["Demon Form","Reaper","Feed"],"picked":"Singing Bowl","floor":33},{"not_picked":["Headbutt","Searing Blow"],"picked":"Battle Trance","floor":35}],"player_experience":929809,"relics_obtained":[{"floor":8,"key":"Gremlin Horn"},{"floor":9,"key":"Eternal Feather"},{"floor":12,"key":"Toy Ornithopter"},{"floor":24,"key":"Nilry\u0027s Codex"},{"floor":25,"key":"Singing Bowl"},{"floor":26,"key":"Tiny Chest"}],"event_choices":[{"damage_healed":0,"gold_gain":0,"player_choice":"Lose Max HP","damage_taken":0,"relics_obtained":["Golden Idol"],"max_hp_gain":0,"max_hp_loss":7,"event_name":"Golden Idol","floor":2,"gold_loss":0},{"cards_removed":["Strike_R"],"damage_healed":0,"gold_gain":0,"player_choice":"Purged","damage_taken":0,"max_hp_gain":0,"max_hp_loss":0,"event_name":"Purifier","floor":14,"gold_loss":0},{"damage_healed":0,"gold_gain":0,"player_choice":"Obtained Relic","damage_taken":0,"relics_obtained":["Nunchaku"],"max_hp_gain":0,"max_hp_loss":0,"event_name":"Addict","floor":22,"gold_loss":85},{"damage_healed":0,"gold_gain":0,"player_choice":"Obtained Book","damage_taken":21,"max_hp_gain":0,"max_hp_loss":0,"event_name":"Cursed Tome","floor":24,"gold_loss":0}],"is_beta":true,"boss_relics":[{"not_picked":["Empty Cage","Runic Pyramid"],"picked":"Ectoplasm"},{"not_picked":["Philosopher\u0027s Stone","Velvet Choker"],"picked":"Runic Dome"}],"items_purged_floors":[20],"is_endless":false,"potions_floor_spawned":[3,5,7,12,19,29,31,35],"killed_by":"3 Darklings","ascension_level":20}