{"path_per_floor":["M","M","$","M","M","E","?","?","T","M","M","R","M","M","R","B",null,"M","?","?","$","$","R","E","R","T","M","R","M","E","M","R","B",null,"M","M","?","M","?"],"character_chosen":"THE_SILENT","items_purchased":["Infinite Blades","Backflip","Mango","Dagger Spray","Poisoned Stab"],"gold_per_floor":[111,127,4,16,35,63,125,125,205,224,236,236,253,264,264,364,364,384,384,384,14,14,14,47,47,71,84,84,102,128,147,147,247,277,292,305,305,318,318,318],"floor_reached":40,"campfire_rested":6,"playtime":6870,"item_purchase_floors":[3,3,21,21,21],"current_hp_per_floor":[61,59,59,58,44,27,10,27,27,15,6,27,26,8,29,7,70,20,20,20,34,34,59,52,77,77,69,84,51,14,1,26,8,89,86,52,52,21,11,0],"items_purged":[],"gold":318,"score":505,"play_id":"800c3e84-7349-496c-815d-32a9c9f81dfb","local_time":"20180530193449","is_prod":false,"is_daily":false,"chose_seed":false,"is_ascension_mode":false,"campfire_upgraded":0,"win_rate":0,"timestamp":1527723289,"campfire_choices":[{"floor":12,"key":"REST"},{"floor":15,"key":"REST"},{"floor":23,"key":"REST"},{"floor":25,"key":"REST"},{"floor":28,"key":"REST"},{"floor":32,"key":"REST"}],"path_taken":["M","M","$","M","M","E","?","?","T","M","M","R","?","M","R","BOSS","M","?","?","?","$","R","E","R","T","M","R","?","E","M","R","BOSS","M","M","?","?","?","E"],"build_version":"2018-05-24","seed_source_timestamp":7881124309865,"purchased_purges":0,"victory":false,"master_deck":["Defend_G","Defend_G","Defend_G","Defend_G","Defend_G","Strike_G","Strike_G","Strike_G","Strike_G","Strike_G","Neutralize","Malaise","Noxious Fumes","Terror","Infinite Blades","Backflip","Outmaneuver","Dagger Spray","All Out Attack","Dodge and Roll","Parasite","Prepared","Dodge and Roll","Deflect","Cloak And Dagger","Corpse Explosion","Heel Hook","Dagger Spray","Poisoned Stab+1","Wraith Form v2","Bouncing Flask+1","Underhanded Strike","Envenom","PiercingWail+1","Sucker Punch","Glass Knife","Riddle With Holes","Crippling Poison","Acrobatics+1","Bane","Panacea","Bandage Up","Mind Blast"],"max_hp_per_floor":[70,70,70,70,70,70,70,70,70,70,70,70,70,70,70,70,70,70,70,70,84,84,84,84,84,84,84,84,84,84,84,84,84,89,89,89,89,89,89,89],"relics":["Unceasing Top","Boot","Letter Opener","Sozu","Nloth\u0027s Gift","Mango","Calipers","Dream Catcher","Snake Skull","Tiny House"],"card_choices":[{"not_picked":["Leg Sweep","Outmaneuver"],"picked":"Noxious Fumes","floor":1},{"not_picked":["Slice","Poisoned Stab"],"picked":"Terror","floor":2},{"not_picked":["Endless Agony","Backflip"],"picked":"Outmaneuver","floor":4},{"not_picked":["Reflex","Dodge and Roll"],"picked":"Dagger Spray","floor":5},{"not_picked":["Expertise","Calculated Gamble"],"picked":"All Out Attack","floor":6},{"not_picked":["Quick Slash","Endless Agony"],"picked":"Dodge and Roll","floor":7},{"not_picked":["Deadly Poison","Sucker Punch"],"picked":"Prepared","floor":10},{"not_picked":["Infinite Blades","Terror"],"picked":"Dodge and Roll","floor":11},{"not_picked":["Cloak And Dagger","Acrobatics"],"picked":"Deflect","floor":13},{"not_picked":["Endless Agony","Dodge and Roll"],"picked":"Cloak And Dagger","floor":14},{"not_picked":["Tactician","Venomology"],"picked":"Corpse Explosion","floor":16},{"not_picked":["Backflip","Acrobatics"],"picked":"Heel Hook","floor":18},{"not_picked":["Quick Slash","Prepared"],"picked":"Wraith Form v2","floor":24},{"not_picked":["Cloak And Dagger","Poisoned Stab"],"picked":"Bouncing Flask+1","floor":27},{"not_picked":["Endless Agony","Malaise"],"picked":"Outmaneuver","floor":28},{"not_picked":["Dodge and Roll+1","Reflex"],"picked":"Underhanded Strike","floor":29},{"not_picked":["Tools of the Trade","Catalyst"],"picked":"Envenom","floor":30},{"not_picked":["Expertise","Flechettes"],"picked":"PiercingWail+1","floor":31},{"not_picked":["Dagger Spray","Acrobatics"],"picked":"Sucker Punch","floor":32},{"not_picked":["Bullet Time","Doppelganger"],"picked":"Glass Knife","floor":33},{"not_picked":["Cloak And Dagger","Dagger Spray"],"picked":"Riddle With Holes","floor":34},{"not_picked":["PiercingWail+1","Deflect"],"picked":"Crippling Poison","floor":35},{"not_picked":["Dodge and Roll+1","Slice"],"picked":"Acrobatics+1","floor":36},{"not_picked":["Poisoned Stab","Expertise+1"],"picked":"Bane","floor":38},{"not_picked":["Good Instincts","Dramatic Entrance"],"picked":"Panacea","floor":39},{"not_picked":["Secret Weapon","Blind"],"picked":"Bandage Up","floor":39},{"not_picked":["Swift Strike","Secret Technique"],"picked":"Mind Blast","floor":39}],"player_experience":111859,"potions_floor_usage":[11,13,16,16,18],"damage_taken":[{"damage":9,"enemies":"Jaw Worm","floor":1,"turns":6},{"damage":2,"enemies":"2 Louse","floor":2,"turns":4},{"damage":1,"enemies":"Small Slimes","floor":4,"turns":4},{"damage":14,"enemies":"Exordium Wildlife","floor":5,"turns":4},{"damage":17,"enemies":"3 Sentries","floor":6,"turns":7},{"damage":17,"enemies":"3 Sentries","floor":7,"turns":4},{"damage":12,"enemies":"2 Fungi Beasts","floor":10,"turns":3},{"damage":9,"enemies":"3 Louse","floor":11,"turns":3},{"damage":1,"enemies":"Exordium Wildlife","floor":13,"turns":4},{"damage":18,"enemies":"Exordium Thugs","floor":14,"turns":5},{"damage":22,"enemies":"Hexaghost","floor":16,"turns":10},{"damage":50,"enemies":"Chosen","floor":18,"turns":6},{"damage":7,"enemies":"Gremlin Leader","floor":24,"turns":6},{"damage":8,"enemies":"Shell Parasite","floor":27,"turns":6},{"damage":33,"enemies":"Cultist and Chosen","floor":29,"turns":5},{"damage":37,"enemies":"Slavers","floor":30,"turns":6},{"damage":13,"enemies":"Centurion and Healer","floor":31,"turns":5},{"damage":36,"enemies":"Collector","floor":33,"turns":8},{"damage":3,"enemies":"3 Shapes","floor":35,"turns":4},{"damage":34,"enemies":"3 Darklings","floor":36,"turns":6},{"damage":31,"enemies":"Maw","floor":38,"turns":8},{"damage":18,"enemies":"Giant Head","floor":40,"turns":5}],"relics_obtained":[{"floor":6,"key":"Unceasing Top"},{"floor":7,"key":"Boot"},{"floor":9,"key":"Letter Opener"},{"floor":24,"key":"Calipers"},{"floor":26,"key":"Dream Catcher"},{"floor":30,"key":"Snake Skull"}],"event_choices":[{"event_name":"Dead Adventurer","player_choice":"Searched \u00271\u0027 times","floor":7,"damage_taken":0},{"event_name":"Mushrooms","player_choice":"Healed and dodged fight","floor":8,"damage_taken":0},{"event_name":"N\u0027loth","player_choice":"Traded a Ring of the Snake","floor":19,"damage_taken":0},{"event_name":"The Lab","player_choice":"Got Potions","floor":20,"damage_taken":0},{"event_name":"SensoryStone","player_choice":"Memory 3","floor":39,"damage_taken":0}],"boss_relics":[{"not_picked":["Velvet Choker","Ectoplasm"],"picked":"Sozu"},{"not_picked":["Runic Pyramid","Orrery"],"picked":"Tiny House"}],"items_purged_floors":[],"potions_floor_spawned":[1,7,10,11,13,16,24,27,30,38],"seed_played":"-2568140605960833854","killed_by":"Giant Head","ascension_level":0,"potions_obtained":[{"floor":1,"key":"Strength Potion"},{"floor":7,"key":"Fire Potion"},{"floor":10,"key":"FairyPotion"},{"floor":11,"key":"EssenceOfSteel"},{"floor":13,"key":"SneckoOil"},{"floor":16,"key":"Poison Potion"}],"is_trial":false}