{"gold_per_floor":[114,114,114,12,12,12,12,27,77,77,92,107,122,182,182,282,282,297,312,312,327,23,23,38,38],"floor_reached":25,"playtime":2050,"items_purged":[],"score":403,"play_id":"5245f7a8-7564-456d-92e6-3c7a5c699480","local_time":"20180624214235","daily_mods":["Brewmaster","Cursed Run","Binary"],"is_ascension_mode":false,"campfire_choices":[{"data":"Self Repair","floor":6,"key":"SMITH"},{"data":"Aggregate","floor":15,"key":"SMITH"},{"data":"Creative AI","floor":23,"key":"SMITH"}],"neow_cost":"","seed_source_timestamp":0,"circlet_count":0,"master_deck":["Strike_B","Strike_B","Strike_B","Strike_B","Defend_B","Defend_B+1","Defend_B","Defend_B","Zap","Venomology","Venomology","Venomology","Venomology","Venomology","Hologram","Redo+1","Self Repair+1","Conserve Battery","Aggregate+1","Clumsy","Defragment","Ball Lightning","Defragment","Go for the Eyes","Clumsy","Meteor Strike","Decay","Regret","Clumsy","White Noise","Stack","Creative AI+1","Thunder Strike","Gash","Self Repair","Scrape"],"special_seed":17707,"relics":["Cursed Key","Darkstone Periapt","Du-Vu Doll","White Beast Statue","Potion Belt","Tiny Chest","Calling Bell","Ancient Tea Set","Blue Candle","Incense Burner","Medical Kit"],"potions_floor_usage":[1,8,11,11,11,11,12,12,12,12,13,13,13,14,14,14,14,16,16,16,16,16,16,18,18,18,18,18,18,18,18,18,18,18,18,19,19,19,21,21,21,21,24,24,24,25,25,25],"damage_taken":[{"damage":1,"enemies":"Cultist","floor":1,"turns":5},{"damage":0,"enemies":"Small Slimes","floor":8,"turns":3},{"damage":1,"enemies":"Jaw Worm","floor":11,"turns":4},{"damage":0,"enemies":"Large Slime","floor":12,"turns":3},{"damage":1,"enemies":"2 Fungi Beasts","floor":13,"turns":4},{"damage":7,"enemies":"Gremlin Nob","floor":14,"turns":3},{"damage":32,"enemies":"Hexaghost","floor":16,"turns":8},{"damage":45,"enemies":"3 Byrds","floor":18,"turns":7},{"damage":24,"enemies":"Shell Parasite","floor":19,"turns":8},{"damage":25,"enemies":"Cultist and Chosen","floor":21,"turns":7},{"damage":26,"enemies":"Snecko","floor":24,"turns":5},{"damage":73,"enemies":"Gremlin Leader","floor":25,"turns":7}],"seed_played":"7310111369366401592","potions_obtained":[{"floor":1,"key":"Fire Potion"},{"floor":8,"key":"Swift Potion"},{"floor":11,"key":"Poison Potion"},{"floor":12,"key":"Weak Potion"},{"floor":13,"key":"Explosive Potion"},{"floor":14,"key":"SteroidPotion"},{"floor":16,"key":"GamblersBrew"},{"floor":18,"key":"Block Potion"},{"floor":19,"key":"LiquidBronze"},{"floor":21,"key":"FearPotion"},{"floor":24,"key":"Weak Potion"}],"is_trial":false,"path_per_floor":["M","?","?","$","?","R","$","M","T","?","M","M","M","E","R","B",null,"M","M","?","M","$","R","M"],"character_chosen":"DEFECT","items_purchased":["Self Repair","Conserve Battery","Medical Kit","Gash","Self Repair"],"campfire_rested":0,"item_purchase_floors":[4,4,22,22,22],"current_hp_per_floor":[74,74,74,74,74,74,74,75,81,65,74,81,81,74,74,58,105,84,70,70,55,55,55,39,0],"gold":38,"neow_bonus":"","is_prod":false,"is_daily":true,"chose_seed":false,"campfire_upgraded":3,"win_rate":0.0,"timestamp":1529890955,"path_taken":["M","?","?","$","?","R","?","M","T","?","M","M","M","E","R","BOSS","M","M","?","M","$","R","M","E"],"build_version":"2018-06-21v2","purchased_purges":0,"victory":false,"max_hp_per_floor":[75,75,75,75,75,75,75,75,81,81,81,81,81,81,81,87,105,105,105,105,105,105,105,105,105],"card_choices":[{"not_picked":["Force Field"],"picked":"Hologram","floor":1},{"not_picked":["Conserve Battery"],"picked":"Aggregate","floor":8},{"not_picked":["Steam Power"],"picked":"Defragment","floor":11},{"not_picked":["Steam Power"],"picked":"Ball Lightning","floor":12},{"not_picked":["Rebound"],"picked":"Defragment","floor":13},{"not_picked":["Darkness"],"picked":"Go for the Eyes","floor":14},{"not_picked":["Thunder Strike"],"picked":"Meteor Strike","floor":16},{"not_picked":["Leap"],"picked":"White Noise","floor":18},{"not_picked":["Redo"],"picked":"Stack","floor":19},{"not_picked":["Conserve Battery"],"picked":"Thunder Strike","floor":21},{"not_picked":["Beam Cell"],"picked":"Scrape","floor":24}],"player_experience":235398,"relics_obtained":[{"floor":9,"key":"Potion Belt"},{"floor":14,"key":"Tiny Chest"},{"floor":17,"key":"Ancient Tea Set"},{"floor":17,"key":"Blue Candle"},{"floor":17,"key":"Incense Burner"}],"event_choices":[{"event_name":"Purifier","player_choice":"Skipped","floor":2,"damage_taken":0},{"event_name":"Living Wall","player_choice":"Change","floor":3,"damage_taken":0},{"event_name":"The Lab","player_choice":"Got Potions","floor":5,"damage_taken":0},{"event_name":"Shining Light","player_choice":"Entered Light","floor":10,"damage_taken":0},{"event_name":"The Library","player_choice":"Read","floor":20,"damage_taken":0}],"boss_relics":[{"not_picked":["Lizard Tail","Sozu"],"picked":"Calling Bell"}],"items_purged_floors":[],"is_endless":false,"potions_floor_spawned":[1,8,11,12,13,14,16,18,19,21,24],"killed_by":"Gremlin Leader","ascension_level":0}