{"gold_per_floor":[114,129,32,47,47,77,127,8,8,8,23,38,53,68,68,168,168,183,198,198,198,213,243,243,243,268,298,298],"floor_reached":28,"playtime":1344,"items_purged":[],"score":510,"play_id":"3c1b119f-1db4-48af-bbfd-7ac66c008381","local_time":"20190605174826","daily_mods":["Insanity","Colorless Cards","Lethality"],"is_ascension_mode":false,"campfire_choices":[{"data":"Armaments","floor":15,"key":"SMITH"},{"floor":24,"key":"REST"}],"neow_cost":"","seed_source_timestamp":0,"circlet_count":0,"master_deck":["Cleave","Sword Boomerang","Flame Barrier+1","Madness","Warcry","Perfected Strike","Flex","Pummel","Reckless Charge","Searing Blow","Flex","Twin Strike","Shrug It Off","Body Slam","Sword Boomerang","Purity","Headbutt","Sword Boomerang","Reckless Charge","Flex","Twin Strike+1","Warcry","Warcry","Reckless Charge","Impatience","Trip","Cleave","Reckless Charge","Armaments+1","Body Slam","Sword Boomerang","Anger","Twin Strike","Second Wind","Finesse","Iron Wave","Clash","Headbutt","Twin Strike","Heavy Blade","Pommel Strike","Pommel Strike","Headbutt","Iron Wave","Iron Wave","Purity","Dropkick","Shrug It Off","Shrug It Off","Shrug It Off","Sword Boomerang","Deep Breath","Fire Breathing","Wild Strike","Cleave","Reckless Charge","Shrug It Off+1","Evolve","Clothesline","Sword Boomerang","Inflame","Finesse","Metamorphosis","Clumsy","Injury","Decay","Trip","Pommel Strike","Cleave","Shrug It Off","Twin Strike"],"special_seed":18052,"relics":["Burning Blood","Letter Opener","Mercury Hourglass","Calling Bell","Happy Flower","Mummified Hand","Ginger","Prayer Wheel","Juzu Bracelet","Dream Catcher"],"potions_floor_usage":[16,19,23],"damage_taken":[{"damage":0,"enemies":"Cultist","floor":1,"turns":1},{"damage":0,"enemies":"2 Louse","floor":2,"turns":1},{"damage":0,"enemies":"Jaw Worm","floor":4,"turns":2},{"damage":0,"enemies":"Lagavulin","floor":6,"turns":3},{"damage":0,"enemies":"2 Fungi Beasts","floor":11,"turns":2},{"damage":0,"enemies":"Exordium Wildlife","floor":12,"turns":1},{"damage":0,"enemies":"3 Louse","floor":13,"turns":2},{"damage":0,"enemies":"Large Slime","floor":14,"turns":2},{"damage":0,"enemies":"Slime Boss","floor":16,"turns":2},{"damage":13,"enemies":"Spheric Guardian","floor":18,"turns":3},{"damage":0,"enemies":"3 Byrds","floor":19,"turns":2},{"damage":22,"enemies":"3 Cultists","floor":22,"turns":4},{"damage":46,"enemies":"Book of Stabbing","floor":23,"turns":4},{"damage":27,"enemies":"Gremlin Leader","floor":27,"turns":4},{"damage":40,"enemies":"Snake Plant","floor":28,"turns":2}],"seed_played":"-9095787550937989564","potions_obtained":[{"floor":2,"key":"AttackPotion"},{"floor":6,"key":"Poison Potion"},{"floor":12,"key":"Energy Potion"},{"floor":16,"key":"FearPotion"},{"floor":27,"key":"SteroidPotion"}],"is_trial":false,"path_per_floor":["M","M","$","M","?","E","?","$","T","?","M","M","M","M","R","B",null,"M","M","?","?","M","E","R","?","T","E","M"],"character_chosen":"IRONCLAD","items_purchased":["Fire Breathing","Wild Strike","Shrug It Off","Evolve"],"campfire_rested":1,"item_purchase_floors":[3,3,8,8],"current_hp_per_floor":[80,80,80,80,80,80,80,80,80,64,70,76,80,80,80,80,80,73,79,79,64,48,8,33,61,61,40,0],"gold":298,"neow_bonus":"","is_prod":false,"is_daily":true,"chose_seed":false,"campfire_upgraded":1,"win_rate":0,"timestamp":1559771306,"path_taken":["M","M","$","M","?","E","?","?","T","?","M","M","?","M","R","BOSS","M","M","?","?","M","E","R","?","T","E","M"],"build_version":"2019-01-23","purchased_purges":0,"victory":false,"max_hp_per_floor":[80,80,80,80,80,80,80,80,80,80,80,80,80,80,80,80,80,80,80,80,85,85,85,85,85,85,85,85],"card_choices":[{"not_picked":["Dropkick","Blood for Blood"],"picked":"Sword Boomerang","floor":1},{"not_picked":["Clothesline","Power Through"],"picked":"Deep Breath","floor":2},{"not_picked":["Havoc","Warcry"],"picked":"Cleave","floor":4},{"not_picked":["Sever Soul","Bloodletting"],"picked":"Reckless Charge","floor":6},{"not_picked":["True Grit","Body Slam"],"picked":"Clothesline","floor":11},{"not_picked":["Clothesline","Wild Strike"],"picked":"Sword Boomerang","floor":12},{"not_picked":["Rampage","Headbutt"],"picked":"Inflame","floor":13},{"not_picked":["Dark Embrace","Madness"],"picked":"Finesse","floor":14},{"not_picked":["Offering","Brutality"],"picked":"Metamorphosis","floor":16},{"not_picked":["Armaments","Clothesline"],"picked":"Trip","floor":18},{"not_picked":["Deep Breath","Shrug It Off"],"picked":"Pommel Strike","floor":19},{"not_picked":["Heavy Blade+1","Havoc"],"picked":"Cleave","floor":22},{"not_picked":["Body Slam+1","Clash"],"picked":"Shrug It Off","floor":23},{"not_picked":["Sword Boomerang","Clothesline"],"picked":"Twin Strike","floor":27}],"player_experience":736013,"relics_obtained":[{"floor":6,"key":"Letter Opener"},{"floor":9,"key":"Mercury Hourglass"},{"floor":17,"key":"Happy Flower"},{"floor":17,"key":"Mummified Hand"},{"floor":17,"key":"Ginger"},{"floor":23,"key":"Prayer Wheel"},{"floor":26,"key":"Juzu Bracelet"},{"floor":27,"key":"Dream Catcher"}],"event_choices":[{"damage_healed":0,"gold_gain":0,"player_choice":"Grow","damage_taken":0,"max_hp_gain":0,"max_hp_loss":0,"event_name":"Living Wall","floor":5,"gold_loss":0,"cards_upgraded":["Flame Barrier"]},{"damage_healed":0,"gold_gain":50,"player_choice":"Gained Gold","damage_taken":0,"max_hp_gain":0,"max_hp_loss":0,"event_name":"Golden Wing","floor":7,"gold_loss":0},{"damage_healed":0,"gold_gain":0,"player_choice":"Entered Light","damage_taken":16,"max_hp_gain":0,"max_hp_loss":0,"event_name":"Shining Light","floor":10,"gold_loss":0,"cards_upgraded":["Twin Strike","Shrug It Off"]},{"damage_healed":0,"gold_gain":0,"player_choice":"Ignored","damage_taken":0,"max_hp_gain":0,"max_hp_loss":0,"event_name":"Vampires","floor":20,"gold_loss":0},{"damage_healed":0,"gold_gain":0,"player_choice":"Shed Blood","damage_taken":20,"max_hp_gain":5,"max_hp_loss":0,"event_name":"Forgotten Altar","floor":21,"gold_loss":0},{"damage_healed":28,"gold_gain":0,"player_choice":"Heal","damage_taken":0,"max_hp_gain":0,"max_hp_loss":0,"event_name":"The Library","floor":25,"gold_loss":0}],"is_beta":false,"boss_relics":[{"not_picked":["Black Blood","Velvet Choker"],"picked":"Calling Bell"}],"items_purged_floors":[],"is_endless":false,"potions_floor_spawned":[2,6,12,16,18,27],"killed_by":"Snake Plant","ascension_level":0}