{"gold_per_floor":[113,131,149,169,244,244,279,279,305,321,321,355,355,365,365,442,442,459,487,487,487,487,487,518,518,541,541],"floor_reached":27,"playtime":2925,"items_purged":[],"score":686,"play_id":"04388f9b-e709-4757-818b-a56e673bc191","local_time":"20190923235212","is_ascension_mode":true,"campfire_choices":[{"data":"Go for the Eyes","floor":6.0,"key":"SMITH"},{"data":"Cold Snap","floor":8.0,"key":"SMITH"},{"floor":13.0,"key":"REST"},{"floor":15.0,"key":"REST"},{"floor":23.0,"key":"REST"}],"neow_cost":"NONE","seed_source_timestamp":0,"circlet_count":0,"master_deck":["AscendersBane","Defend_B","Defend_B+1","Defend_B","Defend_B","Zap","Dualcast","Cold Snap+1","Go for the Eyes+1","Ball Lightning","Barrage","Conserve Battery","Echo Form","FTL","Defragment","Undo","Bite","Bite","Bite","Bite","Bite","Sunder"],"special_seed":0,"relics":["White Beast Statue","Strawberry","Juzu Bracelet","Bronze Scales","Fusion Hammer","Red Mask","Shuriken","Anchor"],"potions_floor_usage":[],"damage_taken":[{"damage":7.0,"enemies":"2 Louse","floor":1.0,"turns":3.0},{"damage":0.0,"enemies":"Cultist","floor":2.0,"turns":5.0},{"damage":5.0,"enemies":"Small Slimes","floor":3.0,"turns":4.0},{"damage":0.0,"enemies":"Red Slaver","floor":4.0,"turns":4.0},{"damage":16.0,"enemies":"Lagavulin","floor":7.0,"turns":7.0},{"damage":5.0,"enemies":"Large Slime","floor":10.0,"turns":5.0},{"damage":9.0,"enemies":"3 Sentries","floor":12.0,"turns":6.0},{"damage":0.0,"enemies":"Looter","floor":14.0,"turns":3.0},{"damage":0.0,"enemies":"The Guardian","floor":16.0,"turns":12.0},{"damage":2.0,"enemies":"Chosen","floor":18.0,"turns":6.0},{"damage":25.0,"enemies":"Masked Bandits","floor":19.0,"turns":4.0},{"damage":49,"enemies":"Book of Stabbing","floor":24,"turns":5}],"seed_played":"7387906700138087456","potions_obtained":[{"floor":1.0,"key":"FearPotion"},{"floor":2.0,"key":"SneckoOil"},{"floor":3.0,"key":"SpeedPotion"},{"floor":4.0,"key":"GamblersBrew"},{"floor":7.0,"key":"Dexterity Potion"},{"floor":10.0,"key":"GamblersBrew"},{"floor":12.0,"key":"EssenceOfSteel"},{"floor":14.0,"key":"GamblersBrew"},{"floor":16.0,"key":"SteroidPotion"},{"floor":18.0,"key":"Explosive Potion"},{"floor":19.0,"key":"FairyPotion"},{"floor":24,"key":"Dexterity Potion"}],"is_trial":false,"path_per_floor":["M","M","M","M","?","R","E","R","T","M","?","E","R","M","R","B",null,"M","?","?","?","?","R","E","?","T","?"],"character_chosen":"DEFECT","items_purchased":[],"campfire_rested":3,"item_purchase_floors":[],"current_hp_per_floor":[57,57,52,52,45,45,36,36,36,31,15,6,29,29,52,52,72,70,45,45,45,45,54,13,4,4,0],"gold":541,"neow_bonus":"BOSS_RELIC","is_prod":false,"is_daily":false,"chose_seed":false,"campfire_upgraded":2,"win_rate":0,"timestamp":1569297132,"path_taken":["M","M","M","M","?","R","E","R","T","M","?","E","R","M","R","BOSS","M","?","?","?","?","R","E","?","T","?"],"build_version":"2019-07-17","purchased_purges":0,"victory":false,"max_hp_per_floor":[71,71,71,71,71,71,78,78,78,78,78,78,78,78,78,78,78,78,78,78,78,54,54,54,59,59,59],"card_choices":[{"not_picked":["Sweeping Beam","FTL"],"picked":"Cold Snap","floor":1.0},{"not_picked":["Beam Cell","Double Energy","Compile Driver"],"picked":"SKIP","floor":2.0},{"not_picked":["Steam","Rebound"],"picked":"Go for the Eyes","floor":3.0},{"not_picked":["Core Surge","Gash"],"picked":"Ball Lightning","floor":4.0},{"not_picked":["Force Field","Skim"],"picked":"Barrage","floor":7.0},{"not_picked":["Heatsinks","Coolheaded","Go for the Eyes"],"picked":"SKIP","floor":10.0},{"not_picked":["Streamline","Creative AI","Gash"],"picked":"SKIP","floor":12.0},{"not_picked":["Force Field","Redo"],"picked":"Conserve Battery","floor":14.0},{"not_picked":["Creative AI","Rainbow"],"picked":"Echo Form","floor":16.0},{"not_picked":["Stack","Self Repair"],"picked":"FTL","floor":18.0},{"not_picked":["Leap+1","Turbo"],"picked":"Defragment","floor":19.0},{"not_picked":["Turbo","Gash"],"picked":"Sunder","floor":24}],"player_experience":363326,"relics_obtained":[{"floor":7.0,"key":"Strawberry"},{"floor":9.0,"key":"Juzu Bracelet"},{"floor":12.0,"key":"Bronze Scales"},{"floor":19.0,"key":"Red Mask"},{"floor":24,"key":"Shuriken"},{"floor":26,"key":"Anchor"}],"event_choices":[{"damage_healed":0.0,"max_hp_gain":0.0,"max_hp_loss":0.0,"gold_gain":75.0,"event_name":"FaceTrader","player_choice":"Touch","floor":5.0,"gold_loss":0.0,"damage_taken":7.0},{"damage_healed":0.0,"max_hp_gain":0.0,"max_hp_loss":0.0,"gold_gain":0.0,"event_name":"Shining Light","player_choice":"Entered Light","floor":11.0,"gold_loss":0.0,"damage_taken":16.0,"cards_upgraded":["Strike_B","Defend_B"]},{"damage_healed":0.0,"max_hp_gain":0.0,"max_hp_loss":0.0,"gold_gain":0.0,"event_name":"Masked Bandits","player_choice":"Fought Bandits","floor":19.0,"gold_loss":0.0,"damage_taken":0.0},{"damage_healed":0.0,"max_hp_gain":0.0,"max_hp_loss":0.0,"gold_gain":0.0,"event_name":"The Library","player_choice":"Read","floor":20.0,"gold_loss":0.0,"damage_taken":0.0,"cards_obtained":["Undo"]},{"damage_healed":0.0,"max_hp_gain":0.0,"max_hp_loss":0.0,"gold_gain":0.0,"event_name":"N\u0027loth","player_choice":"Ignored","floor":21.0,"gold_loss":0.0,"damage_taken":0.0},{"damage_healed":0.0,"max_hp_gain":0.0,"max_hp_loss":24.0,"gold_gain":0.0,"event_name":"Vampires","player_choice":"Became a vampire","floor":22.0,"gold_loss":0.0,"damage_taken":0.0,"cards_obtained":["Bite","Bite","Bite","Bite","Bite"]},{"damage_healed":0,"gold_gain":0,"player_choice":"Shed Blood","damage_taken":14,"max_hp_gain":5,"max_hp_loss":0,"event_name":"Forgotten Altar","floor":25,"gold_loss":0}],"is_beta":false,"boss_relics":[{"not_picked":["Eternal Feather","Calling Bell"],"picked":"Fusion Hammer"}],"items_purged_floors":[],"is_endless":false,"potions_floor_spawned":[1,2,3,4,7,10,12,14,16,18,19,24],"ascension_level":14}