{"gold_per_floor":[115,115,115,129,129,167,11,25,97,97,136,136],"floor_reached":12,"playtime":785,"items_purged":[],"score":90,"play_id":"01356a79-da91-496e-b211-354ac1e7d7a3","local_time":"20190513213114","is_ascension_mode":true,"campfire_choices":[{"floor":10,"key":"REST"}],"neow_cost":"PERCENT_DAMAGE","seed_source_timestamp":25618121476985,"circlet_count":0,"master_deck":["Strike_B","Strike_B","Strike_B","Strike_B","Defend_B","Defend_B","Defend_B","Defend_B","Zap","Dualcast","Forethought+1","Swift Strike","Sweeping Beam","Injury","All For One","Stack","Jack Of All Trades","Self Repair","Chill","Coolheaded"],"relics":["Cracked Core","Golden Idol","NlothsMask","Bag of Marbles","Kunai"],"potions_floor_usage":[11,11],"damage_taken":[{"damage":0,"enemies":"Small Slimes","floor":1,"turns":4},{"damage":5,"enemies":"2 Louse","floor":4,"turns":2},{"damage":30,"enemies":"3 Sentries","floor":6,"turns":7},{"damage":11,"enemies":"Jaw Worm","floor":8,"turns":5},{"damage":43,"enemies":"Gremlin Nob","floor":11,"turns":5},{"damage":13,"enemies":"3 Louse","floor":12,"turns":2}],"seed_played":"6808190078439107705","potions_obtained":[{"floor":1,"key":"Energy Potion"},{"floor":4,"key":"Regen Potion"},{"floor":8,"key":"LiquidBronze"}],"is_trial":false,"path_per_floor":["M","?","?","M","?","E","$","M","T","R","E","M"],"character_chosen":"DEFECT","items_purchased":["Jack Of All Trades","Self Repair"],"campfire_rested":1,"item_purchase_floors":[7,7],"current_hp_per_floor":[54,54,54,49,49,19,19,15,15,37,13,0],"gold":136,"neow_bonus":"RANDOM_COLORLESS_2","is_prod":false,"is_daily":false,"chose_seed":false,"campfire_upgraded":0,"win_rate":0,"timestamp":1557797474,"path_taken":["M","?","?","?","?","E","$","?","T","R","E","M"],"build_version":"2019-01-23","purchased_purges":0,"victory":false,"max_hp_per_floor":[75,75,75,75,75,75,75,75,75,75,75,75],"card_choices":[{"not_picked":["Hologram","Coolheaded"],"picked":"Sweeping Beam","floor":1},{"not_picked":["Rebound","Undo"],"picked":"All For One","floor":4},{"not_picked":["Compile Driver","Lockon"],"picked":"Stack","floor":6},{"not_picked":["Blizzard","Rebound"],"picked":"Chill","floor":8},{"not_picked":["Cold Snap","Rebound"],"picked":"Coolheaded","floor":11}],"player_experience":668796,"relics_obtained":[{"floor":6,"key":"Bag of Marbles"},{"floor":11,"key":"Kunai"}],"event_choices":[{"damage_healed":0,"gold_gain":0,"player_choice":"Grow","damage_taken":0,"max_hp_gain":0,"max_hp_loss":0,"event_name":"Living Wall","floor":2,"gold_loss":0,"cards_upgraded":["Forethought"]},{"damage_healed":0,"gold_gain":0,"player_choice":"Take Wound","damage_taken":0,"relics_obtained":["Golden Idol"],"max_hp_gain":0,"max_hp_loss":0,"event_name":"Golden Idol","floor":3,"gold_loss":0,"cards_obtained":["Injury"]},{"damage_healed":0,"gold_gain":0,"player_choice":"Trade","damage_taken":0,"relics_obtained":["NlothsMask"],"max_hp_gain":0,"max_hp_loss":0,"event_name":"FaceTrader","floor":5,"gold_loss":0}],"is_beta":false,"boss_relics":[],"items_purged_floors":[],"is_endless":false,"potions_floor_spawned":[1,4,8],"killed_by":"3 Louse","ascension_level":1}