{"path_per_floor":["M","M","$","M","M","E","R","E","T","$","M","?","?","M","R","B",null,"M","M","M","M","M","R","$","?","T","?","R","M","R","?","R"],"character_chosen":"IRONCLAD","items_purchased":["Rupture","Deep Breath","Blind","Apotheosis","Metallicize"],"gold_per_floor":[117,137,8,25,40,65,65,95,95,1,11,11,86,103,103,202,202,219,237,256,266,286,286,5,5,5,5,5,18,18,18,18,18],"floor_reached":33,"campfire_rested":0,"playtime":2883,"current_hp_per_floor":[88,88,88,80,72,64,64,70,70,70,60,60,49,51,51,28,88,74,60,62,59,47,47,47,47,47,47,47,46,46,46,46,0],"items_purged":[],"gold":18,"score":334,"play_id":"ffdd408c-66b5-4115-9403-187ad9c92ab4","local_time":"20180521200340","is_prod":false,"is_daily":false,"chose_seed":false,"is_ascension_mode":false,"campfire_upgraded":6,"timestamp":1526947420,"campfire_choices":[{"data":"Perfected Strike","floor":7,"key":"SMITH"},{"data":"Armaments","floor":15,"key":"SMITH"},{"data":"Fire Breathing","floor":23,"key":"SMITH"},{"data":"Metallicize","floor":28,"key":"SMITH"},{"data":"Apotheosis","floor":30,"key":"SMITH"},{"data":"Deep Breath","floor":32,"key":"SMITH"}],"path_taken":["M","M","$","M","M","E","R","E","T","$","M","?","?","M","R","BOSS","M","M","M","M","M","R","$","?","T","?","R","M","R","?","R","BOSS"],"build_version":"2018-05-17","seed_source_timestamp":21731454865009,"purchased_purges":0,"victory":false,"master_deck":["Defend_R","Defend_R","Defend_R","Defend_R","Bash","Armaments+1","Perfected Strike+1","Rupture","Deep Breath+1","Anger","Pommel Strike","Anger","Seeing Red","Blind","Perfected Strike+1","Normality","Bludgeon+1","Reaper+1","Fire Breathing+1","Spot Weakness","Perfected Strike+1","Twin Strike+1","Perfected Strike+1","Apotheosis+1","Metallicize+1","Bite+1","Bite+1","Bite+1","Bite+1","Bite+1","Flex+1"],"max_hp_per_floor":[88,88,88,88,88,88,88,88,88,88,88,88,88,88,88,88,88,88,88,88,88,88,88,88,88,88,61,61,61,61,61,61,61],"relics":["Burning Blood","Ancient Tea Set","Paper Frog","Molten Egg 2","Meat on the Bone","Mark of Pain","Matryoshka"],"card_choices":[{"not_picked":["Searing Blow","Perfected Strike"],"picked":"Armaments","floor":1},{"not_picked":["True Grit","Iron Wave"],"picked":"Perfected Strike","floor":2},{"not_picked":["Armaments","Combust"],"picked":"Anger","floor":4},{"not_picked":["Uppercut","Corruption"],"picked":"Pommel Strike","floor":5},{"not_picked":["Headbutt","Clash"],"picked":"Anger","floor":6},{"not_picked":["Heavy Blade","Shrug It Off"],"picked":"Seeing Red","floor":8},{"not_picked":["Thunderclap+1","Heavy Blade+1"],"picked":"Perfected Strike+1","floor":11},{"not_picked":["Searing Blow+1","Perfected Strike+1"],"picked":"Bludgeon+1","floor":14},{"not_picked":["Barricade","Dark Embrace"],"picked":"Reaper+1","floor":16},{"not_picked":["Warcry","Metallicize"],"picked":"Fire Breathing","floor":18},{"not_picked":["Warcry","True Grit"],"picked":"Spot Weakness","floor":19},{"not_picked":["Thunderclap+1","Clothesline+1"],"picked":"Perfected Strike+1","floor":20},{"not_picked":["Uppercut+1","Spot Weakness"],"picked":"Twin Strike+1","floor":21},{"not_picked":["Hemokinesis+1","Berserk"],"picked":"Perfected Strike+1","floor":22},{"not_picked":["Heavy Blade+1","Rage"],"picked":"Flex+1","floor":29}],"player_experience":42034,"potions_floor_usage":[6,22,33,33,33],"damage_taken":[{"damage":5,"enemies":"Small Slimes","floor":1,"turns":4},{"damage":5,"enemies":"Cultist","floor":2,"turns":4},{"damage":14,"enemies":"Jaw Worm","floor":4,"turns":4},{"damage":14,"enemies":"Large Slime","floor":5,"turns":9},{"damage":14,"enemies":"3 Sentries","floor":6,"turns":6},{"damage":0,"enemies":"Gremlin Nob","floor":8,"turns":2},{"damage":16,"enemies":"3 Louse","floor":11,"turns":4},{"damage":16,"enemies":"Lots of Slimes","floor":14,"turns":5},{"damage":41,"enemies":"Hexaghost","floor":16,"turns":9},{"damage":25,"enemies":"2 Thieves","floor":18,"turns":4},{"damage":20,"enemies":"Spheric Guardian","floor":19,"turns":4},{"damage":21,"enemies":"Snecko","floor":20,"turns":4},{"damage":21,"enemies":"Snake Plant","floor":21,"turns":2},{"damage":40,"enemies":"Cultist and Chosen","floor":22,"turns":6},{"damage":22,"enemies":"Centurion and Healer","floor":29,"turns":3},{"damage":82,"enemies":"Collector","floor":33,"turns":7}],"relics_obtained":[{"floor":6,"key":"Ancient Tea Set"},{"floor":8,"key":"Paper Frog"},{"floor":9,"key":"Molten Egg 2"},{"floor":26,"key":"Matryoshka"}],"event_choices":[{"event_name":"Accursed Blacksmith","player_choice":"Rummage","floor":12,"damage_taken":0},{"event_name":"World of Goop","player_choice":"Gather Gold","floor":13,"damage_taken":0},{"event_name":"Addict","player_choice":"Ignored","floor":25,"damage_taken":0},{"event_name":"Vampires","player_choice":"Became a vampire","floor":27,"damage_taken":0},{"event_name":"The Lab","player_choice":"Got Potions","floor":31,"damage_taken":0}],"boss_relics":[{"not_picked":["Cursed Key","Philosopher\u0027s Stone"],"picked":"Mark of Pain"}],"potions_floor_spawned":[1,6,8,11,22,29],"seed_played":"-8096231884124712640","killed_by":"Collector","ascension_level":0,"potions_obtained":[{"floor":1,"key":"Fire Potion"},{"floor":6,"key":"Ancient Potion"},{"floor":8,"key":"Ancient Potion"},{"floor":11,"key":"GamblersBrew"},{"floor":22,"key":"GamblersBrew"},{"floor":29,"key":"Swift Potion"}],"is_trial":false}