{"gold_per_floor":[113,123,142,154,165,193,193,257,284,284,359,369,369,401,401,476,476,450,265,275,47,58,58,58,58,58,58,8,39,39,52,52,127,127,140,90,101,1100,482,482,502,530,582,582,600,600,177,224,224,224,224],"floor_reached":52,"playtime":2266,"items_purged":["Strike_R","Decay","Writhe","Normality","Normality"],"score":2051,"play_id":"b32ef847-18f2-440a-8cc4-9625e679c2b6","local_time":"20190916143450","is_ascension_mode":true,"campfire_choices":[{"data":"Uppercut","floor":7,"key":"SMITH"},{"floor":10,"key":"REST"},{"floor":13,"key":"REST"},{"data":"Armaments","floor":15,"key":"SMITH"},{"data":"Barricade","floor":23,"key":"SMITH"},{"data":"Juggernaut","floor":25,"key":"SMITH"},{"floor":32,"key":"REST"},{"data":"Apotheosis","floor":40,"key":"SMITH"},{"floor":46,"key":"REST"},{"data":"Metallicize","floor":49,"key":"SMITH"}],"neow_cost":"NONE","seed_source_timestamp":367348973267300,"circlet_count":0,"master_deck":["AscendersBane","Strike_R","Strike_R","Defend_R","Defend_R","Defend_R","Defend_R","Bash","Headbutt","Uppercut+1","Shrug It Off+1","Armaments+1","Wild Strike","True Grit","Juggernaut+1","Shrug It Off","Impervious","Entrench","Metallicize+1","Body Slam","Barricade+1","Rupture","Sentinel","Shrug It Off","Headbutt","Immolate","Pommel Strike+1","Feel No Pain","Impervious+1","Apotheosis+1","Power Through","Flash of Steel","Jack Of All Trades","True Grit"],"relics":["Burning Blood","WingedGreaves","Smiling Mask","Regal Pillow","Juzu Bracelet","Cursed Key","Medical Kit","Dodecahedron","Orichalcum","Champion Belt","Busted Crown","DollysMirror","Omamori","War Paint","Happy Flower","Anchor","Self Forming Clay"],"potions_floor_usage":[8,16,22,29],"damage_taken":[{"damage":6,"enemies":"Cultist","floor":1,"turns":3},{"damage":1,"enemies":"Small Slimes","floor":2,"turns":3},{"damage":6,"enemies":"Jaw Worm","floor":3,"turns":5},{"damage":20,"enemies":"Large Slime","floor":4,"turns":7},{"damage":0,"enemies":"Exordium Wildlife","floor":5,"turns":3},{"damage":17,"enemies":"Lagavulin","floor":6,"turns":7},{"damage":40,"enemies":"3 Sentries","floor":8,"turns":11},{"damage":35,"enemies":"Exordium Thugs","floor":12,"turns":6},{"damage":18,"enemies":"Gremlin Nob","floor":14,"turns":4},{"damage":37,"enemies":"The Guardian","floor":16,"turns":16},{"damage":9,"enemies":"2 Thieves","floor":18,"turns":4},{"damage":19,"enemies":"Spheric Guardian","floor":20,"turns":6},{"damage":3,"enemies":"Centurion and Healer","floor":22,"turns":8},{"damage":23,"enemies":"Gremlin Leader","floor":29,"turns":9},{"damage":2,"enemies":"Snecko","floor":31,"turns":6},{"damage":9,"enemies":"Champ","floor":33,"turns":16},{"damage":6,"enemies":"Orb Walker","floor":35,"turns":4},{"damage":8,"enemies":"3 Shapes","floor":37,"turns":2},{"damage":11,"enemies":"3 Darklings","floor":41,"turns":7},{"damage":28,"enemies":"Nemesis","floor":42,"turns":7},{"damage":0,"enemies":"Sphere and 2 Shapes","floor":45,"turns":8},{"damage":0,"enemies":"Giant Head","floor":48,"turns":5},{"damage":0,"enemies":"Donu and Deca","floor":50,"turns":10},{"damage":24,"enemies":"Awakened One","floor":51,"turns":13}],"seed_played":"-2119381848983929394","potions_obtained":[{"floor":2,"key":"LiquidBronze"},{"floor":3,"key":"Ancient Potion"},{"floor":8,"key":"Block Potion"},{"floor":20,"key":"Block Potion"},{"floor":22,"key":"Poison Potion"},{"floor":29,"key":"SteroidPotion"},{"floor":41,"key":"Strength Potion"},{"floor":42,"key":"Weak Potion"},{"floor":48,"key":"BloodPotion"}],"is_trial":false,"path_per_floor":["M","M","M","M","M","E","R","?","T","R","?","M","R","E","R","B",null,"M","$","M","$","M","R","?","R","T","?","$","E","$","M","R","B",null,"M","$","M","?","$","R","M","E","T","?","M","R","$","E","R","B","B",null],"character_chosen":"IRONCLAD","items_purchased":["Metallicize","Body Slam","Medical Kit","Feel No Pain","DollysMirror","Apotheosis","Power Through","Happy Flower","True Grit","Anchor"],"campfire_rested":4,"item_purchase_floors":[19,19,21,39,39,39,39,47,47,47],"current_hp_per_floor":[68,73,73,59,65,54,54,20,20,57,46,17,54,42,42,11,59,56,56,43,43,46,46,46,46,46,46,46,29,29,33,70,67,73,73,73,71,71,71,71,66,44,44,34,40,75,75,75,75,75,57],"gold":224,"neow_bonus":"THREE_CARDS","is_prod":false,"is_daily":false,"chose_seed":false,"campfire_upgraded":6,"win_rate":0,"timestamp":1568669690,"path_taken":["M","?","M","M","M","E","R","?","T","R","?","M","R","E","R","BOSS","M","$","M","$","M","R","?","R","T","?","?","E","$","M","R","BOSS","M","$","M","?","$","R","M","E","T","?","M","R","$","E","R","BOSS","BOSS"],"build_version":"2019-07-17","purchased_purges":5,"victory":true,"max_hp_per_floor":[75,75,75,75,75,75,75,75,75,75,75,75,75,75,75,75,75,75,75,75,75,75,75,75,75,75,75,75,75,75,75,75,75,75,75,75,75,75,75,75,75,75,75,75,75,75,75,75,75,75,75],"card_choices":[{"not_picked":["Heavy Blade","Iron Wave"],"picked":"Headbutt","floor":0},{"not_picked":["Cleave","Havoc"],"picked":"Uppercut","floor":1},{"not_picked":["Iron Wave","Perfected Strike"],"picked":"Shrug It Off","floor":2},{"not_picked":["Havoc","Clash"],"picked":"Armaments","floor":3},{"not_picked":["Warcry","Carnage"],"picked":"Wild Strike","floor":4},{"not_picked":["Armaments","Warcry"],"picked":"True Grit","floor":5},{"not_picked":["Perfected Strike","Flex"],"picked":"Juggernaut","floor":6},{"not_picked":["Rupture","Havoc"],"picked":"Shrug It Off","floor":8},{"not_picked":["Twin Strike","Headbutt","Heavy Blade"],"picked":"SKIP","floor":12},{"not_picked":["Headbutt","Sword Boomerang","Rupture"],"picked":"SKIP","floor":14},{"not_picked":["Fiend Fire","Reaper"],"picked":"Impervious","floor":16},{"not_picked":["True Grit","Anger"],"picked":"Entrench","floor":18},{"not_picked":["True Grit","Armaments","Clothesline"],"picked":"SKIP","floor":20},{"not_picked":["Shrug It Off","Rampage"],"picked":"Barricade","floor":22},{"not_picked":["Seeing Red","Flame Barrier"],"picked":"Shrug It Off","floor":29},{"not_picked":["Headbutt","Clothesline","Flex"],"picked":"SKIP","floor":31},{"not_picked":["Clothesline","Flex"],"picked":"Headbutt","floor":31},{"not_picked":["Limit Break","Dark Embrace"],"picked":"Immolate","floor":33},{"not_picked":["Pommel Strike+1"],"picked":"SKIP","floor":35},{"not_picked":[],"picked":"Pommel Strike+1","floor":35},{"not_picked":["Armaments"],"picked":"SKIP","floor":37},{"not_picked":["Twin Strike+1"],"picked":"SKIP","floor":41},{"not_picked":["Sword Boomerang"],"picked":"SKIP","floor":42},{"not_picked":[],"picked":"Flash of Steel","floor":44},{"not_picked":[],"picked":"Jack Of All Trades","floor":44},{"not_picked":["Searing Blow"],"picked":"SKIP","floor":45},{"not_picked":["Anger+1"],"picked":"SKIP","floor":48}],"player_experience":780147,"relics_obtained":[{"floor":6,"key":"WingedGreaves"},{"floor":8,"key":"Smiling Mask"},{"floor":9,"key":"Regal Pillow"},{"floor":14,"key":"Juzu Bracelet"},{"floor":26,"key":"Dodecahedron"},{"floor":29,"key":"Champion Belt"},{"floor":42,"key":"Omamori"},{"floor":43,"key":"War Paint"},{"floor":48,"key":"Self Forming Clay"}],"event_choices":[{"damage_healed":0,"gold_gain":0,"player_choice":"Searched \u00271\u0027 times","damage_taken":0,"max_hp_gain":0,"max_hp_loss":0,"event_name":"Dead Adventurer","floor":8,"gold_loss":0},{"damage_healed":0,"gold_gain":75,"player_choice":"Gather Gold","damage_taken":11,"max_hp_gain":0,"max_hp_loss":0,"event_name":"World of Goop","floor":11,"gold_loss":0},{"damage_healed":0,"gold_gain":0,"cards_transformed":["Strike_R","Strike_R"],"player_choice":"Became Test Subject","damage_taken":0,"max_hp_gain":0,"max_hp_loss":0,"event_name":"Drug Dealer","floor":24,"gold_loss":0,"cards_obtained":["Rupture","Sentinel"]},{"damage_healed":0,"gold_gain":0,"player_choice":"Opened","damage_taken":0,"relics_obtained":["Orichalcum"],"max_hp_gain":0,"max_hp_loss":0,"event_name":"The Mausoleum","floor":27,"gold_loss":0,"cards_obtained":["Writhe"]},{"damage_healed":0,"gold_gain":999,"player_choice":"Gold","damage_taken":0,"max_hp_gain":0,"max_hp_loss":0,"event_name":"MindBloom","floor":38,"gold_loss":0,"cards_obtained":["Normality","Normality"]},{"damage_healed":0,"gold_gain":0,"player_choice":"Memory 3","damage_taken":10,"max_hp_gain":0,"max_hp_loss":0,"event_name":"SensoryStone","floor":44,"gold_loss":0}],"is_beta":false,"boss_relics":[{"not_picked":["Runic Pyramid","Lizard Tail"],"picked":"Cursed Key"},{"not_picked":["Velvet Choker","Coffee Dripper"],"picked":"Busted Crown"}],"items_purged_floors":[19,28,36,39,47],"is_endless":false,"potions_floor_spawned":[2,3,8,20,22,29,33,41,42,45,48],"ascension_level":20}