{"path_per_floor":["M","M","M","$","?","R","E","R","T","M","M","R","M","T","R"],"character_chosen":"THE_SILENT","items_purchased":["Flash of Steel","Eviscerate"],"gold_per_floor":[119,134,150,20,195,195,224,224,251,268,287,287,299,371,371,371],"floor_reached":16,"campfire_rested":1,"playtime":2079,"current_hp_per_floor":[66,66,66,66,66,66,53,53,53,47,41,62,59,59,59,0],"items_purged":[],"gold":371,"score":102,"play_id":"76bc2529-b32a-4f7c-b7ff-b8881f41a048","local_time":"20180519095540","is_prod":false,"is_daily":false,"chose_seed":false,"is_ascension_mode":false,"campfire_upgraded":3,"timestamp":1526738140,"campfire_choices":[{"data":"Outmaneuver","floor":6,"key":"SMITH"},{"data":"All Out Attack","floor":8,"key":"SMITH"},{"floor":12,"key":"REST"},{"data":"Flash of Steel","floor":15,"key":"SMITH"}],"path_taken":["M","?","M","$","?","R","E","R","T","M","M","R","M","?","R","BOSS"],"build_version":"2018-05-17","seed_source_timestamp":92039044097512,"purchased_purges":0,"victory":false,"master_deck":["Defend_G","Defend_G","Defend_G","Defend_G","Defend_G","Strike_G","Strike_G","Strike_G","Strike_G","Strike_G","Survivor","Neutralize","Riddle With Holes","Footwork","Outmaneuver+1","Flash of Steel+1","Eviscerate","Doubt","All Out Attack+1","Deflect","Dagger Spray","Choke"],"max_hp_per_floor":[70,70,70,70,70,70,70,70,70,70,70,70,70,70,70,70],"relics":["Ring of the Snake","Boot","Orichalcum","Molten Egg 2"],"card_choices":[{"not_picked":["All Out Attack","Deflect"],"picked":"Riddle With Holes","floor":1},{"not_picked":["Dagger Throw","Poisoned Stab"],"picked":"Footwork","floor":2},{"not_picked":["Slice","Deflect"],"picked":"Outmaneuver","floor":3},{"not_picked":["Dagger Spray","Venomology"],"picked":"All Out Attack","floor":7},{"not_picked":["Flying Knee","PiercingWail"],"picked":"Deflect","floor":10},{"not_picked":["Deadly Poison","Expertise"],"picked":"Dagger Spray","floor":11},{"not_picked":["Finisher","Reflex"],"picked":"Choke","floor":13}],"player_experience":4449,"potions_floor_usage":[],"damage_taken":[{"damage":4,"enemies":"Cultist","floor":1,"turns":6},{"damage":0,"enemies":"2 Louse","floor":2,"turns":2},{"damage":0,"enemies":"Jaw Worm","floor":3,"turns":6},{"damage":13,"enemies":"3 Sentries","floor":7,"turns":12},{"damage":6,"enemies":"Looter","floor":10,"turns":3},{"damage":6,"enemies":"Exordium Wildlife","floor":11,"turns":5},{"damage":3,"enemies":"Blue Slaver","floor":13,"turns":2},{"damage":63,"enemies":"Hexaghost","floor":16,"turns":14}],"relics_obtained":[{"floor":7,"key":"Boot"},{"floor":9,"key":"Orichalcum"},{"floor":14,"key":"Molten Egg 2"}],"event_choices":[{"event_name":"Liars Game","player_choice":"agreed","floor":5,"damage_taken":0}],"boss_relics":[],"potions_floor_spawned":[1,3,13],"seed_played":"1577252230625330506","killed_by":"Hexaghost","ascension_level":0,"potions_obtained":[{"floor":1,"key":"FearPotion"},{"floor":3,"key":"PowerPotion"},{"floor":13,"key":"Strength Potion"}],"is_trial":false}