{"gold_per_floor":[110,125,50,50,60,60,88,88,88,145,157,157,172,188,188,263,263,280,280,296,21,21,21,21],"floor_reached":24,"playtime":1137,"items_purged":["Strike_R"],"score":412,"play_id":"33fe0b18-38bc-444d-bf0b-440b60b821ef","local_time":"20190911173659","is_ascension_mode":true,"campfire_choices":[{"data":"Bash","floor":6,"key":"SMITH"},{"data":"Wild Strike","floor":8,"key":"SMITH"},{"data":"True Grit","floor":15,"key":"SMITH"},{"data":"Armaments","floor":23,"key":"SMITH"}],"neow_cost":"NONE","seed_source_timestamp":178699931954700,"circlet_count":0,"master_deck":["AscendersBane","Strike_R","Strike_R","Strike_R","Strike_R","Defend_R","Defend_R","Defend_R","Defend_R","Bash+1","Power Through","Wild Strike+1","Battle Trance","True Grit+1","Disarm","Battle Trance","Anger","Feed","Armaments+1","Shame"],"relics":["Black Blood","Pen Nib","Blue Candle","Anchor","Tiny Chest","GremlinMask","Omamori","Molten Egg 2"],"potions_floor_usage":[10,16,20,24],"damage_taken":[{"damage":0,"enemies":"2 Louse","floor":1,"turns":2},{"damage":1,"enemies":"Cultist","floor":2,"turns":4},{"damage":0,"enemies":"Small Slimes","floor":5,"turns":3},{"damage":25,"enemies":"Lagavulin","floor":7,"turns":6},{"damage":15,"enemies":"3 Sentries","floor":10,"turns":11},{"damage":1,"enemies":"Red Slaver","floor":11,"turns":5},{"damage":1,"enemies":"Blue Slaver","floor":13,"turns":4},{"damage":0,"enemies":"3 Louse","floor":14,"turns":4},{"damage":31,"enemies":"The Guardian","floor":16,"turns":16},{"damage":46,"enemies":"Shell Parasite","floor":18,"turns":10},{"damage":6,"enemies":"Chosen","floor":20,"turns":5},{"damage":53,"enemies":"3 Cultists","floor":24,"turns":5}],"seed_played":"4997168681723683668","potions_obtained":[{"floor":4,"key":"BloodPotion"},{"floor":4,"key":"Fire Potion"},{"floor":11,"key":"Poison Potion"},{"floor":18,"key":"SkillPotion"},{"floor":20,"key":"Strength Potion"}],"is_trial":false,"path_per_floor":["M","M","$","?","M","R","E","R","T","E","M","?","M","M","R","B",null,"M","?","M","$","?","R","M"],"character_chosen":"IRONCLAD","items_purchased":["Molten Egg 2"],"campfire_rested":0,"item_purchase_floors":[21],"current_hp_per_floor":[74,75,75,75,75,75,56,56,56,65,70,70,75,75,75,50,69,36,36,44,44,44,44,0],"gold":21,"neow_bonus":"RANDOM_COMMON_RELIC","is_prod":false,"is_daily":false,"chose_seed":false,"campfire_upgraded":4,"win_rate":0,"timestamp":1568248619,"path_taken":["M","M","$","?","M","R","E","R","T","E","?","?","M","?","R","BOSS","M","?","M","$","?","R","M"],"build_version":"2019-07-17","purchased_purges":1,"victory":false,"max_hp_per_floor":[75,75,75,75,75,75,75,75,75,75,75,75,75,75,75,75,75,78,78,82,82,82,82,85],"card_choices":[{"not_picked":["Wild Strike","Heavy Blade"],"picked":"Power Through","floor":1},{"not_picked":["Cleave","Brutality"],"picked":"Wild Strike","floor":2},{"not_picked":["Clash","Headbutt"],"picked":"Battle Trance","floor":5},{"not_picked":["Warcry","Dropkick","Seeing Red"],"picked":"SKIP","floor":7},{"not_picked":["Warcry","Intimidate"],"picked":"True Grit","floor":10},{"not_picked":["Headbutt","Perfected Strike"],"picked":"Disarm","floor":11},{"not_picked":["Dual Wield","Cleave"],"picked":"Battle Trance","floor":13},{"not_picked":["Reaper","Thunderclap"],"picked":"Anger","floor":14},{"not_picked":["Reaper","Juggernaut"],"picked":"Feed","floor":16},{"not_picked":["Havoc","Anger"],"picked":"Armaments","floor":18},{"not_picked":["Searing Blow","Burning Pact","Twin Strike"],"picked":"SKIP","floor":20}],"player_experience":669670,"relics_obtained":[{"floor":7,"key":"Blue Candle"},{"floor":9,"key":"Anchor"},{"floor":10,"key":"Tiny Chest"}],"event_choices":[{"damage_healed":0,"gold_gain":0,"player_choice":"Got Potions","damage_taken":0,"max_hp_gain":0,"max_hp_loss":0,"event_name":"Lab","floor":4,"gold_loss":0},{"damage_healed":0,"gold_gain":0,"player_choice":"Trade","damage_taken":0,"relics_obtained":["GremlinMask"],"max_hp_gain":0,"max_hp_loss":0,"event_name":"FaceTrader","floor":12,"gold_loss":0},{"damage_healed":0,"gold_gain":0,"player_choice":"Stole Relic","damage_taken":0,"relics_obtained":["Omamori"],"max_hp_gain":0,"max_hp_loss":0,"event_name":"Addict","floor":19,"gold_loss":0,"cards_obtained":["Shame"]},{"damage_healed":0,"gold_gain":0,"player_choice":"Ignored","damage_taken":0,"max_hp_gain":0,"max_hp_loss":0,"event_name":"Ghosts","floor":22,"gold_loss":0}],"is_beta":false,"boss_relics":[{"not_picked":["Astrolabe","Black Star"],"picked":"Black Blood"}],"items_purged_floors":[3],"is_endless":false,"potions_floor_spawned":[5,11,13,18,20],"killed_by":"3 Cultists","ascension_level":20}