{"gold_per_floor":[10,10,29,104,104,155,168,179,204,40,51,82,7,21,21,92,92,111,11,11,25,38,38,38,38],"floor_reached":25,"playtime":728,"items_purged":["Bash","Strike_R"],"score":506,"play_id":"7b9c8491-b5e0-4003-8c61-5834cf298088","local_time":"20190923163345","is_ascension_mode":true,"campfire_choices":[{"data":"Anger","floor":15.0,"key":"SMITH"},{"floor":23,"key":"REST"}],"neow_cost":"NO_GOLD","seed_source_timestamp":576033538087800,"circlet_count":0,"master_deck":["AscendersBane","Defend_R","Defend_R","Defend_R","Defend_R","Anger+1","Clash","Flex","Anger","Fiend Fire","Warcry","Intimidate","Anger+1","Juggernaut","Combust","Intimidate"],"special_seed":0,"relics":["Black Blood","Unceasing Top","Red Skull","MawBank","Molten Egg 2"],"potions_floor_usage":[21,22],"damage_taken":[{"damage":4.0,"enemies":"Small Slimes","floor":1.0,"turns":4.0},{"damage":6.0,"enemies":"2 Louse","floor":3.0,"turns":3.0},{"damage":0.0,"enemies":"Jaw Worm","floor":7.0,"turns":3.0},{"damage":24.0,"enemies":"Exordium Wildlife","floor":8.0,"turns":5.0},{"damage":3.0,"enemies":"Blue Slaver","floor":11.0,"turns":2.0},{"damage":40.0,"enemies":"3 Sentries","floor":12.0,"turns":8.0},{"damage":7.0,"enemies":"Large Slime","floor":14.0,"turns":3.0},{"damage":0.0,"enemies":"Slime Boss","floor":16.0,"turns":6.0},{"damage":25,"enemies":"3 Byrds","floor":18,"turns":4},{"damage":28,"enemies":"Shell Parasite","floor":21,"turns":4},{"damage":44,"enemies":"Shelled Parasite and Fungi","floor":22,"turns":4},{"damage":29,"enemies":"Book of Stabbing","floor":25,"turns":4}],"seed_played":"4566950863438399505","potions_obtained":[{"floor":3.0,"key":"Regen Potion"},{"floor":7.0,"key":"PowerPotion"},{"floor":14.0,"key":"Weak Potion"},{"floor":16.0,"key":"FearPotion"},{"floor":18,"key":"Regen Potion"}],"is_trial":false,"path_per_floor":["M","?","M","?","?","T","M","M","T","$","M","E","$","M","R","B",null,"M","$","?","M","M","R","?","E"],"character_chosen":"IRONCLAD","items_purchased":["Fiend Fire"],"campfire_rested":1,"item_purchase_floors":[10],"current_hp_per_floor":[70,70,70,59,52,52,67,49,49,49,52,18,18,17,17,23,62,49,49,49,45,13,35,35,6],"gold":38,"neow_bonus":"ONE_RARE_RELIC","is_prod":false,"is_daily":false,"chose_seed":false,"campfire_upgraded":1,"win_rate":0,"timestamp":1569281625,"path_taken":["M","?","M","?","?","?","M","M","T","?","M","E","$","M","R","BOSS","M","$","?","M","M","R","?","E"],"build_version":"2019-09-23","purchased_purges":2,"victory":false,"max_hp_per_floor":[75,75,75,75,75,75,75,75,75,75,75,75,75,75,75,75,75,75,75,75,75,75,75,75,75],"card_choices":[{"not_picked":["Cleave","Pummel"],"picked":"Anger","floor":1.0},{"not_picked":["Warcry","Entrench"],"picked":"Clash","floor":3.0},{"not_picked":["Carnage","Headbutt"],"picked":"Flex","floor":7.0},{"not_picked":["Heavy Blade","Clash"],"picked":"Anger","floor":8.0},{"not_picked":["Perfected Strike","Heavy Blade"],"picked":"Warcry","floor":11.0},{"not_picked":["Iron Wave","Metallicize"],"picked":"Intimidate","floor":12.0},{"not_picked":["Metallicize","Infernal Blade","Immolate+1"],"picked":"SKIP","floor":14.0},{"not_picked":["Carnage+1","Sword Boomerang+1"],"picked":"Anger+1","floor":18},{"not_picked":["Armaments","Cleave+1"],"picked":"Intimidate","floor":21},{"not_picked":["Pommel Strike+1","Clothesline+1","Blood for Blood+1"],"picked":"SKIP","floor":22}],"player_experience":991670,"relics_obtained":[{"floor":6.0,"key":"Red Skull"},{"floor":9.0,"key":"MawBank"},{"floor":12.0,"key":"Molten Egg 2"}],"event_choices":[{"cards_removed":["Strike_R"],"damage_healed":0.0,"max_hp_gain":0.0,"max_hp_loss":0.0,"gold_gain":0.0,"event_name":"Living Wall","player_choice":"Forget","floor":2.0,"gold_loss":0.0,"damage_taken":0.0},{"damage_healed":0.0,"max_hp_gain":0.0,"max_hp_loss":0.0,"gold_gain":75.0,"event_name":"World of Goop","player_choice":"Gather Gold","floor":4.0,"gold_loss":0.0,"damage_taken":11.0},{"cards_removed":["Strike_R"],"damage_healed":0.0,"max_hp_gain":0.0,"max_hp_loss":0.0,"gold_gain":0.0,"event_name":"Golden Wing","player_choice":"Card Removal","floor":5.0,"gold_loss":0.0,"damage_taken":7.0},{"damage_healed":0,"gold_gain":0,"cards_transformed":["Strike_R","Strike_R"],"player_choice":"Became Test Subject","damage_taken":0,"max_hp_gain":0,"max_hp_loss":0,"event_name":"Drug Dealer","floor":20,"gold_loss":0,"cards_obtained":["Juggernaut","Combust"]},{"damage_healed":0,"gold_gain":0,"player_choice":"Ignored","damage_taken":0,"max_hp_gain":0,"max_hp_loss":0,"event_name":"Vampires","floor":24,"gold_loss":0}],"is_beta":true,"boss_relics":[{"not_picked":["Snecko Eye","Runic Cube"],"picked":"Black Blood"}],"items_purged_floors":[13,19],"is_endless":false,"potions_floor_spawned":[3,7,14,16,18],"killed_by":"Book of Stabbing","ascension_level":20}