{"gold_per_floor":[114,129,181,196,196,226,226,1,76,91,106,136,136,151,151,251,251,266,281,281,26,41,41,71,71,96,111,126,6,6,21,21,121,121,136,151,166,16,31,31,31],"floor_reached":41,"playtime":2532,"items_purged":["Pain"],"score":452,"play_id":"0e60f27b-66c8-4739-8114-24cf49b1ee4f","local_time":"20190525222935","daily_mods":["Draft","Colorless Cards","Lethality"],"is_ascension_mode":false,"campfire_choices":[{"data":"Armaments","floor":15,"key":"SMITH"},{"floor":25,"key":"REST"},{"data":"Barricade","floor":32,"key":"SMITH"},{"floor":40,"key":"REST"}],"neow_cost":"","seed_source_timestamp":0,"circlet_count":0,"master_deck":["Uppercut","Ghostly Armor","Sentinel","Armaments+1","Pommel Strike","Feel No Pain","Dramatic Entrance","Cleave","Iron Wave","Anger","Sword Boomerang","Anger","Infernal Blade","Deep Breath","Clothesline","Perfected Strike","Flex","Iron Wave","Bludgeon","Wild Strike","Dropkick","Rampage","Heavy Blade","Flex","Barricade+1","Metallicize","Flash of Steel","Immolate","Thunderclap","Thunderclap","Clothesline","Sword Boomerang+1","Panache","Shrug It Off","Shame","Reaper","Dramatic Entrance","Twin Strike","Dark Shackles+1","Fire Breathing","Twin Strike","Madness","Transmutation","Blind","Iron Wave","Shrug It Off+1","Enlightenment","Feed"],"special_seed":18042,"relics":["Burning Blood","Meat on the Bone","Pen Nib","Ornamental Fan","Dream Catcher","Orrery","WarpedTongs","Vajra","Ancient Tea Set","Omamori","Black Star","Bronze Scales"],"potions_floor_usage":[16,16,16,16,16,16,16,16,16,24,33,33,33,33,33,33,37],"damage_taken":[{"damage":0,"enemies":"Cultist","floor":1,"turns":1},{"damage":0,"enemies":"2 Louse","floor":2,"turns":1},{"damage":2,"enemies":"Jaw Worm","floor":4,"turns":2},{"damage":4,"enemies":"Gremlin Nob","floor":6,"turns":3},{"damage":0,"enemies":"Looter","floor":10,"turns":1},{"damage":0,"enemies":"Red Slaver","floor":11,"turns":1},{"damage":6,"enemies":"3 Sentries","floor":12,"turns":4},{"damage":0,"enemies":"2 Fungi Beasts","floor":14,"turns":2},{"damage":25,"enemies":"The Guardian","floor":16,"turns":5},{"damage":8,"enemies":"Chosen","floor":18,"turns":3},{"damage":25,"enemies":"Shell Parasite","floor":19,"turns":4},{"damage":0,"enemies":"3 Cultists","floor":22,"turns":2},{"damage":24,"enemies":"Book of Stabbing","floor":24,"turns":4},{"damage":5,"enemies":"Chosen and Byrds","floor":27,"turns":3},{"damage":5,"enemies":"Snecko","floor":28,"turns":4},{"damage":0,"enemies":"3 Cultists","floor":31,"turns":2},{"damage":57,"enemies":"Automaton","floor":33,"turns":8},{"damage":9,"enemies":"Orb Walker","floor":35,"turns":2},{"damage":6,"enemies":"3 Shapes","floor":36,"turns":2},{"damage":39,"enemies":"Maw","floor":37,"turns":8},{"damage":19,"enemies":"Writhing Mass","floor":39,"turns":5},{"damage":86,"enemies":"Giant Head","floor":41,"turns":8}],"seed_played":"7031275536137985016","potions_obtained":[{"floor":2,"key":"Dexterity Potion"},{"floor":7,"key":"EntropicBrew"},{"floor":7,"key":"Fire Potion"},{"floor":16,"key":"Weak Potion"},{"floor":24,"key":"Energy Potion"},{"floor":27,"key":"EntropicBrew"},{"floor":31,"key":"Dexterity Potion"},{"floor":35,"key":"PowerPotion"}],"is_trial":false,"path_per_floor":["M","M","?","M","?","E","?","$","T","M","M","E","?","M","R","B",null,"M","M","?","$","M","?","E","R","T","M","M","$","?","M","R","B",null,"M","M","M","$","M","R","E"],"character_chosen":"IRONCLAD","items_purchased":["Pen Nib","Wild Strike","True Grit","Panache","Fire Breathing","Twin Strike","Bronze Scales"],"campfire_rested":2,"item_purchase_floors":[8,8,8,21,29,29,38],"current_hp_per_floor":[80,80,80,80,80,80,80,80,80,80,80,80,80,80,80,61,80,78,59,59,59,65,65,47,71,71,72,73,73,73,79,79,44,80,77,80,56,56,55,79,0],"gold":31,"neow_bonus":"","is_prod":false,"is_daily":true,"chose_seed":false,"campfire_upgraded":2,"win_rate":0,"timestamp":1558837775,"path_taken":["M","?","?","M","?","E","?","$","T","M","?","E","?","?","R","BOSS","M","M","?","$","?","?","E","R","T","M","M","$","?","M","R","BOSS","M","M","M","$","M","R","E"],"build_version":"2019-01-23","purchased_purges":1,"victory":false,"max_hp_per_floor":[80,80,80,80,80,80,80,80,80,80,80,80,80,80,80,80,80,80,80,80,80,80,80,80,80,80,80,80,80,80,80,80,80,80,80,80,80,80,80,80,80],"card_choices":[{"not_picked":["Twin Strike","Perfected Strike"],"picked":"Uppercut","floor":0},{"not_picked":["True Grit","Warcry"],"picked":"Ghostly Armor","floor":0},{"not_picked":["Hemokinesis","Dual Wield"],"picked":"Sentinel","floor":0},{"not_picked":["Perfected Strike","Twin Strike"],"picked":"Armaments","floor":0},{"not_picked":["Anger","Sword Boomerang"],"picked":"Pommel Strike","floor":0},{"not_picked":["Reckless Charge","Twin Strike"],"picked":"Feel No Pain","floor":0},{"not_picked":["Iron Wave","Twin Strike"],"picked":"Dramatic Entrance","floor":0},{"not_picked":["Thunderclap","Twin Strike"],"picked":"Cleave","floor":0},{"not_picked":["Body Slam","Twin Strike"],"picked":"Iron Wave","floor":0},{"not_picked":["Second Wind","Discovery"],"picked":"Anger","floor":0},{"not_picked":["Entrench","Bloodletting"],"picked":"Sword Boomerang","floor":0},{"not_picked":["Pommel Strike","Twin Strike"],"picked":"Anger","floor":0},{"not_picked":["Thunderclap","Perfected Strike"],"picked":"Infernal Blade","floor":0},{"not_picked":["Anger","Cleave"],"picked":"Deep Breath","floor":0},{"not_picked":["Thunderclap","Forethought"],"picked":"Clothesline","floor":0},{"not_picked":["Body Slam","Disarm"],"picked":"Perfected Strike","floor":1},{"not_picked":["Madness","Pummel"],"picked":"Flex","floor":2},{"not_picked":["Seeing Red","Body Slam"],"picked":"Iron Wave","floor":4},{"not_picked":["Sword Boomerang","Berserk"],"picked":"Bludgeon","floor":6},{"not_picked":["Anger","Combust"],"picked":"Dropkick","floor":10},{"not_picked":["Havoc","Hemokinesis"],"picked":"Rampage","floor":11},{"not_picked":["Bloodletting","Iron Wave"],"picked":"Heavy Blade","floor":12},{"not_picked":["Armaments","Deep Breath"],"picked":"Flex","floor":14},{"not_picked":["Secret Weapon","Brutality"],"picked":"Barricade","floor":16},{"not_picked":["Pommel Strike","True Grit"],"picked":"Metallicize","floor":17},{"not_picked":["Power Through","Armaments"],"picked":"Flash of Steel","floor":17},{"not_picked":["Wild Strike","Perfected Strike"],"picked":"Immolate","floor":17},{"not_picked":["True Grit","Sword Boomerang"],"picked":"Thunderclap","floor":17},{"not_picked":["Havoc","Armaments"],"picked":"Thunderclap","floor":17},{"not_picked":["True Grit","Rampage"],"picked":"Clothesline","floor":18},{"not_picked":["Iron Wave","Battle Trance"],"picked":"Sword Boomerang+1","floor":19},{"not_picked":["Anger","Clash"],"picked":"Shrug It Off","floor":22},{"not_picked":["Entrench+1","Disarm+1"],"picked":"Reaper","floor":24},{"not_picked":["Panacea","Perfected Strike+1"],"picked":"Dramatic Entrance","floor":25},{"not_picked":["Perfected Strike","Warcry"],"picked":"Twin Strike","floor":27},{"not_picked":["Carnage+1","Sentinel"],"picked":"Dark Shackles+1","floor":28},{"not_picked":["Headbutt","Rage"],"picked":"Madness","floor":31},{"not_picked":["Limit Break","Offering"],"picked":"Transmutation","floor":33},{"not_picked":["Armaments","Headbutt+1"],"picked":"Blind","floor":35},{"not_picked":["Twin Strike","Blood for Blood"],"picked":"Iron Wave","floor":36},{"not_picked":["Armaments+1","Rampage+1"],"picked":"Shrug It Off+1","floor":37},{"not_picked":["Metallicize+1","Anger"],"picked":"Enlightenment","floor":39},{"not_picked":["Searing Blow+1","Havoc"],"picked":"Feed","floor":40}],"player_experience":705932,"relics_obtained":[{"floor":6,"key":"Meat on the Bone"},{"floor":9,"key":"Ornamental Fan"},{"floor":12,"key":"Dream Catcher"},{"floor":24,"key":"Ancient Tea Set"},{"floor":26,"key":"Omamori"}],"event_choices":[{"damage_healed":0,"gold_gain":52,"player_choice":"Gained Gold","damage_taken":0,"max_hp_gain":0,"max_hp_loss":0,"event_name":"Golden Wing","floor":3,"gold_loss":0},{"damage_healed":0,"gold_gain":0,"player_choice":"Leave","damage_taken":0,"max_hp_gain":0,"max_hp_loss":0,"event_name":"The Cleric","floor":5,"gold_loss":0},{"damage_healed":0,"gold_gain":0,"player_choice":"Got Potions","damage_taken":0,"max_hp_gain":0,"max_hp_loss":0,"event_name":"Lab","floor":7,"gold_loss":0},{"cards_removed":["True Grit"],"damage_healed":5,"gold_gain":0,"player_choice":"Offered Common","damage_taken":0,"max_hp_gain":0,"max_hp_loss":0,"event_name":"Bonfire Elementals","floor":13,"gold_loss":0},{"cards_removed":["True Grit"],"damage_healed":5,"gold_gain":0,"player_choice":"Offered Special","damage_taken":0,"max_hp_gain":0,"max_hp_loss":0,"event_name":"Bonfire Elementals","floor":13,"gold_loss":0},{"damage_healed":0,"gold_gain":0,"player_choice":"Rummage","damage_taken":0,"relics_obtained":["WarpedTongs"],"max_hp_gain":0,"max_hp_loss":0,"event_name":"Accursed Blacksmith","floor":20,"gold_loss":0,"cards_obtained":["Pain"]},{"damage_healed":0,"gold_gain":0,"player_choice":"Stole Relic","damage_taken":0,"relics_obtained":["Vajra"],"max_hp_gain":0,"max_hp_loss":0,"event_name":"Addict","floor":23,"gold_loss":0,"cards_obtained":["Shame"]},{"damage_healed":0,"gold_gain":0,"player_choice":"Ignored","damage_taken":0,"max_hp_gain":0,"max_hp_loss":0,"event_name":"Vampires","floor":30,"gold_loss":0}],"is_beta":false,"boss_relics":[{"not_picked":["Ectoplasm","Sozu"],"picked":"Orrery"},{"not_picked":["Snecko Eye","Runic Dome"],"picked":"Black Star"}],"items_purged_floors":[21],"is_endless":false,"potions_floor_spawned":[2,12,16,24,27,31,35],"killed_by":"Giant Head","ascension_level":0}