{"gold_per_floor":[15,15,15,26,26,26,58,69,96,125,142,158,181,181,193,278,290,322,334,299,311,333,345,42,42,42,74,87,113,113,113,113,187,187,201,201,249,259,272,302,314,314,337,337,337,371,371,405,405,405,405],"floor_reached":52,"playtime":2730,"items_purged":[],"score":1932,"play_id":"cc647f8e-040e-47a7-b1b4-bb41027ed9df","local_time":"20190915215141","is_ascension_mode":true,"campfire_choices":[{"data":"Power Through","floor":6,"key":"SMITH"},{"data":"Disarm","floor":15,"key":"SMITH"},{"data":"Spot Weakness","floor":23,"key":"SMITH"},{"data":"Feel No Pain","floor":25,"key":"SMITH"},{"data":"Barricade","floor":32,"key":"SMITH"},{"data":"Strike_R+1","floor":42,"key":"PURGE"},{"data":"Strike_R+1","floor":44,"key":"PURGE"},{"floor":49,"key":"REST"}],"neow_cost":"NO_GOLD","seed_source_timestamp":306696225477000,"circlet_count":0,"master_deck":["AscendersBane","Strike_R+1","Strike_R+1","Strike_R+1","Defend_R+1","Defend_R+1","Defend_R+1","Defend_R+1","Bash","Shockwave+1","Power Through+1","Disarm+1","Rampage","Spot Weakness+1","Feel No Pain+1","Limit Break+1","Rage+1","Disarm+1","Corruption","Barricade+1","Dark Embrace","Disarm","Shrug It Off+1","Dark Embrace","Seeing Red+1","Battle Trance","Warcry+1","Warcry"],"relics":["Burning Blood","Omamori","Pen Nib","Sundial","Odd Mushroom","MawBank","Runic Dome","Bottled Tornado","War Paint","Strawberry","Juzu Bracelet","Meat on the Bone","Fusion Hammer","Peace Pipe","Molten Egg 2","Red Skull","Ancient Tea Set","StoneCalendar"],"potions_floor_usage":[10,16,16,27,33,40,46],"damage_taken":[{"damage":5,"enemies":"2 Louse","floor":1,"turns":4},{"damage":13,"enemies":"Small Slimes","floor":4,"turns":4},{"damage":40,"enemies":"Gremlin Nob","floor":7,"turns":5},{"damage":4,"enemies":"Jaw Worm","floor":8,"turns":6},{"damage":38,"enemies":"3 Sentries","floor":10,"turns":13},{"damage":10,"enemies":"Exordium Wildlife","floor":11,"turns":4},{"damage":6,"enemies":"Red Slaver","floor":12,"turns":6},{"damage":24,"enemies":"The Mushroom Lair","floor":13,"turns":4},{"damage":39,"enemies":"The Guardian","floor":16,"turns":17},{"damage":20,"enemies":"Chosen","floor":18,"turns":8},{"damage":27,"enemies":"2 Thieves","floor":20,"turns":5},{"damage":17,"enemies":"Centurion and Healer","floor":22,"turns":9},{"damage":20,"enemies":"Slavers","floor":27,"turns":10},{"damage":0,"enemies":"Cultist and Chosen","floor":28,"turns":11},{"damage":53,"enemies":"Automaton","floor":33,"turns":12},{"damage":0,"enemies":"Orb Walker","floor":35,"turns":4},{"damage":38,"enemies":"2 Orb Walkers","floor":37,"turns":7},{"damage":11,"enemies":"3 Shapes","floor":38,"turns":23},{"damage":22,"enemies":"Maw","floor":39,"turns":8},{"damage":19,"enemies":"Nemesis","floor":40,"turns":7},{"damage":27,"enemies":"Sphere and 2 Shapes","floor":41,"turns":6},{"damage":6,"enemies":"Giant Head","floor":46,"turns":6},{"damage":17,"enemies":"Nemesis","floor":48,"turns":9},{"damage":93,"enemies":"Awakened One","floor":50,"turns":11},{"damage":13,"enemies":"Donu and Deca","floor":51,"turns":6}],"seed_played":"2106064580354142087","potions_obtained":[{"floor":7,"key":"Weak Potion"},{"floor":8,"key":"Poison Potion"},{"floor":10,"key":"EssenceOfSteel"},{"floor":16,"key":"FearPotion"},{"floor":18,"key":"Block Potion"},{"floor":27,"key":"SteroidPotion"},{"floor":35,"key":"Ancient Potion"},{"floor":39,"key":"AttackPotion"},{"floor":40,"key":"Strength Potion"},{"floor":41,"key":"Fire Potion"}],"is_trial":false,"path_per_floor":["M","?","?","M","?","R","E","M","T","E","M","M","?","?","R","B",null,"M","?","M","?","M","R","$","R","T","E","M","T","$","?","R","B",null,"M","$","?","M","M","E","M","R","T","R","?","E","?","E","R","B","B",null],"character_chosen":"IRONCLAD","items_purchased":["Corruption","Bottled Tornado"],"campfire_rested":1,"item_purchase_floors":[24,24],"current_hp_per_floor":[83,83,83,76,76,76,42,50,50,36,38,38,50,50,50,17,71,63,63,52,52,53,53,53,53,53,64,74,74,74,74,74,59,87,96,96,71,96,93,80,96,96,96,96,96,96,96,85,96,21,26],"gold":405,"neow_bonus":"TWENTY_PERCENT_HP_BONUS","is_prod":false,"is_daily":false,"chose_seed":false,"campfire_upgraded":5,"win_rate":0,"timestamp":1568609501,"path_taken":["M","?","?","?","?","R","E","M","T","E","?","M","?","?","R","BOSS","M","?","M","?","M","R","$","R","T","E","M","?","$","?","R","BOSS","M","$","?","M","M","E","M","R","T","R","?","E","?","E","R","BOSS","BOSS"],"build_version":"2019-07-17","purchased_purges":0,"victory":true,"max_hp_per_floor":[89,89,89,89,89,89,89,89,89,89,89,89,89,89,89,89,89,89,89,89,89,89,89,89,89,89,96,96,96,96,96,96,96,96,96,96,96,96,96,96,96,96,96,96,96,96,96,96,96,96,96],"card_choices":[{"not_picked":["Shrug It Off","Reckless Charge"],"picked":"Shockwave","floor":1},{"not_picked":["Pommel Strike","Warcry"],"picked":"Power Through","floor":4},{"not_picked":["Whirlwind","Berserk"],"picked":"Reaper","floor":7},{"not_picked":["Dual Wield","Thunderclap"],"picked":"Disarm","floor":8},{"not_picked":["Heavy Blade","True Grit","Searing Blow"],"picked":"SKIP","floor":10},{"not_picked":["Blood for Blood","Intimidate"],"picked":"Rampage","floor":11},{"not_picked":["Heavy Blade","Battle Trance"],"picked":"Spot Weakness","floor":12},{"not_picked":["Wild Strike","Thunderclap"],"picked":"Feel No Pain","floor":13},{"not_picked":["Dark Embrace","Double Tap"],"picked":"Limit Break","floor":16},{"not_picked":["Clash","Armaments+1"],"picked":"Rage+1","floor":18},{"not_picked":["Seeing Red+1","Evolve+1"],"picked":"Disarm+1","floor":20},{"not_picked":["Uppercut","Hemokinesis","Clash"],"picked":"SKIP","floor":22},{"not_picked":["Iron Wave","Headbutt","Bloodletting"],"picked":"SKIP","floor":27},{"not_picked":["Heavy Blade","Reckless Charge"],"picked":"Barricade","floor":28},{"not_picked":["Bludgeon","Limit Break"],"picked":"Dark Embrace","floor":33},{"not_picked":["Bloodletting+1","Iron Wave","Wild Strike+1"],"picked":"SKIP","floor":35},{"not_picked":["Shrug It Off","Evolve"],"picked":"Disarm","floor":37},{"not_picked":["Flex","Dual Wield"],"picked":"Shrug It Off+1","floor":38},{"not_picked":["Havoc","Shrug It Off"],"picked":"Dark Embrace","floor":39},{"not_picked":["Heavy Blade+1","Twin Strike","Berserk"],"picked":"SKIP","floor":40},{"not_picked":["True Grit","Perfected Strike+1"],"picked":"Seeing Red+1","floor":41},{"not_picked":["Berserk","Headbutt+1"],"picked":"Warcry+1","floor":46},{"not_picked":["Cleave+1","Rupture+1"],"picked":"Warcry","floor":48}],"player_experience":751834,"relics_obtained":[{"floor":7,"key":"Omamori"},{"floor":9,"key":"Pen Nib"},{"floor":10,"key":"Sundial"},{"floor":13,"key":"Odd Mushroom"},{"floor":26,"key":"War Paint"},{"floor":27,"key":"Strawberry"},{"floor":29,"key":"Juzu Bracelet"},{"floor":37,"key":"Peace Pipe"},{"floor":40,"key":"Molten Egg 2"},{"floor":43,"key":"Red Skull"},{"floor":46,"key":"Ancient Tea Set"},{"floor":48,"key":"StoneCalendar"}],"event_choices":[{"damage_healed":0,"gold_gain":0,"player_choice":"Grow","damage_taken":0,"max_hp_gain":0,"max_hp_loss":0,"event_name":"Living Wall","floor":2,"gold_loss":0,"cards_upgraded":["Shockwave"]},{"damage_healed":0,"gold_gain":0,"player_choice":"Ignored","damage_taken":0,"max_hp_gain":0,"max_hp_loss":0,"event_name":"Liars Game","floor":3,"gold_loss":0},{"damage_healed":0,"gold_gain":0,"player_choice":"Ignored","damage_taken":0,"max_hp_gain":0,"max_hp_loss":0,"event_name":"WeMeetAgain","floor":5,"gold_loss":0},{"damage_healed":0,"gold_gain":0,"player_choice":"Fought Mushrooms","damage_taken":0,"max_hp_gain":0,"max_hp_loss":0,"event_name":"Mushrooms","floor":13,"gold_loss":0},{"damage_healed":0,"gold_gain":0,"player_choice":"Box","damage_taken":0,"relics_obtained":["MawBank"],"max_hp_gain":0,"max_hp_loss":0,"event_name":"Big Fish","floor":14,"gold_loss":0,"cards_obtained":["Regret"]},{"damage_healed":0,"gold_gain":0,"player_choice":"Simplicity","damage_taken":0,"max_hp_gain":0,"max_hp_loss":0,"event_name":"Back to Basics","floor":19,"gold_loss":0,"cards_upgraded":["Strike_R","Strike_R","Strike_R","Strike_R","Strike_R","Defend_R","Defend_R","Defend_R","Defend_R"]},{"damage_healed":0,"gold_gain":0,"player_choice":"Ignored","damage_taken":0,"max_hp_gain":0,"max_hp_loss":0,"event_name":"Vampires","floor":21,"gold_loss":0},{"damage_healed":0,"gold_gain":0,"player_choice":"Stole Relic","damage_taken":0,"relics_obtained":["Meat on the Bone"],"max_hp_gain":0,"max_hp_loss":0,"event_name":"Addict","floor":31,"gold_loss":0,"cards_obtained":["Shame"]},{"damage_healed":0,"gold_gain":0,"player_choice":"Fight","damage_taken":0,"max_hp_gain":0,"max_hp_loss":0,"event_name":"Mysterious Sphere","floor":37,"gold_loss":0},{"damage_healed":0,"gold_gain":0,"player_choice":"1 cards matched","damage_taken":0,"max_hp_gain":0,"max_hp_loss":0,"event_name":"Match and Keep!","floor":45,"gold_loss":0,"cards_obtained":["Battle Trance"]},{"cards_removed":["Reaper"],"damage_healed":0,"gold_gain":0,"player_choice":"Removed Attack","damage_taken":0,"max_hp_gain":0,"max_hp_loss":0,"event_name":"Falling","floor":47,"gold_loss":0}],"is_beta":false,"boss_relics":[{"not_picked":["Black Star","Calling Bell"],"picked":"Runic Dome"},{"not_picked":["Snecko Eye","White Beast Statue"],"picked":"Fusion Hammer"}],"items_purged_floors":[],"is_endless":false,"potions_floor_spawned":[7,8,10,16,18,22,27,35,39,40,41],"ascension_level":20}