{"gold_per_floor":[109,126,126,143,160,160,190,190,235,265,265,283,310,385,385,459,459,478,400,400,414,433,433,461,479,555,233,233,243,270,284,284,363,363,378,378,393,184,184,184,216,227,252,262,296,308,64,80,80,80,80],"floor_reached":52,"playtime":2108,"items_purged":[],"score":1948,"play_id":"408c4bd3-2acc-4517-ab8b-75a6cef79202","local_time":"20190920180009","is_ascension_mode":true,"campfire_choices":[{"data":"Perfected Strike","floor":6.0,"key":"SMITH"},{"data":"Shockwave","floor":8.0,"key":"SMITH"},{"data":"Evolve","floor":11.0,"key":"SMITH"},{"data":"Berserk","floor":15.0,"key":"SMITH"},{"data":"Perfected Strike","floor":23.0,"key":"SMITH"},{"floor":28.0,"key":"REST"},{"data":"Perfected Strike","floor":32.0,"key":"SMITH"},{"data":"Fiend Fire","floor":40.0,"key":"SMITH"},{"data":"Perfected Strike","floor":49.0,"key":"SMITH"}],"neow_cost":"NONE","seed_source_timestamp":321432117305400,"circlet_count":0,"master_deck":["AscendersBane","Strike_R+1","Strike_R+1","Strike_R+1","Strike_R+1","Strike_R+1","Defend_R+1","Defend_R+1","Defend_R+1","Defend_R+1","Bash","Shockwave+1","Perfected Strike+1","Battle Trance","Wild Strike","Evolve+1","Perfected Strike+1","Berserk+1","Metallicize","Feel No Pain","Clothesline+1","Disarm","Entrench","Perfected Strike+1","Perfected Strike+1","Feel No Pain","Flame Barrier","Fiend Fire+1","Bludgeon","Magnetism","Perfected Strike+1","Shockwave","Perfected Strike+1","Impervious","Bludgeon","Wild Strike+1"],"special_seed":0,"relics":["Burning Blood","White Beast Statue","Oddly Smooth Stone","Bag of Preparation","Pantograph","Snecko Eye","InkBottle","Matryoshka","DollysMirror","Happy Flower","Singing Bowl","Mark of Pain","Dodecahedron","Toy Ornithopter","Potion Belt","Bottled Flame"],"potions_floor_usage":[50,50,50,51,51,51],"damage_taken":[{"damage":9.0,"enemies":"Jaw Worm","floor":1.0,"turns":4.0},{"damage":4.0,"enemies":"Cultist","floor":2.0,"turns":4.0},{"damage":4.0,"enemies":"Small Slimes","floor":4.0,"turns":3.0},{"damage":9.0,"enemies":"3 Louse","floor":5.0,"turns":4.0},{"damage":6.0,"enemies":"Gremlin Nob","floor":7.0,"turns":3.0},{"damage":9.0,"enemies":"Lagavulin","floor":10.0,"turns":5.0},{"damage":3.0,"enemies":"Exordium Wildlife","floor":12.0,"turns":3.0},{"damage":2.0,"enemies":"3 Sentries","floor":13.0,"turns":5.0},{"damage":22.0,"enemies":"Slime Boss","floor":16.0,"turns":8.0},{"damage":5.0,"enemies":"Spheric Guardian","floor":18.0,"turns":3.0},{"damage":10.0,"enemies":"2 Thieves","floor":21.0,"turns":4.0},{"damage":18.0,"enemies":"Snake Plant","floor":22.0,"turns":4.0},{"damage":36.0,"enemies":"Slavers","floor":24.0,"turns":5.0},{"damage":12.0,"enemies":"Snecko","floor":25.0,"turns":3.0},{"damage":0.0,"enemies":"Cultist and Chosen","floor":29.0,"turns":3.0},{"damage":24.0,"enemies":"Gremlin Leader","floor":30.0,"turns":4.0},{"damage":0.0,"enemies":"Snake Plant","floor":31.0,"turns":1.0},{"damage":16.0,"enemies":"Collector","floor":33.0,"turns":5.0},{"damage":8.0,"enemies":"3 Shapes","floor":35.0,"turns":2.0},{"damage":0.0,"enemies":"Orb Walker","floor":37.0,"turns":3.0},{"damage":24.0,"enemies":"Giant Head","floor":41.0,"turns":5.0},{"damage":0.0,"enemies":"Jaw Worm Horde","floor":42.0,"turns":2.0},{"damage":19.0,"enemies":"Writhing Mass","floor":44.0,"turns":4.0},{"damage":23.0,"enemies":"Reptomancer","floor":45.0,"turns":5.0},{"damage":0.0,"enemies":"Sphere and 2 Shapes","floor":46.0,"turns":2.0},{"damage":14.0,"enemies":"Maw","floor":48.0,"turns":5.0},{"damage":59,"enemies":"Awakened One","floor":50,"turns":10},{"damage":57,"enemies":"Donu and Deca","floor":51,"turns":6}],"seed_played":"-5295556387855479870","potions_obtained":[{"floor":1.0,"key":"Strength Potion"},{"floor":4.0,"key":"Energy Potion"},{"floor":10.0,"key":"Weak Potion"},{"floor":12.0,"key":"PowerPotion"},{"floor":13.0,"key":"SkillPotion"},{"floor":16.0,"key":"Energy Potion"},{"floor":18.0,"key":"Fire Potion"},{"floor":21.0,"key":"Ancient Potion"},{"floor":24.0,"key":"EssenceOfSteel"},{"floor":25.0,"key":"Fire Potion"},{"floor":29.0,"key":"FearPotion"},{"floor":30.0,"key":"Strength Potion"},{"floor":31.0,"key":"PowerPotion"},{"floor":33.0,"key":"FairyPotion"},{"floor":35.0,"key":"Fire Potion"},{"floor":42.0,"key":"BloodPotion"},{"floor":44.0,"key":"Explosive Potion"},{"floor":45.0,"key":"SkillPotion"},{"floor":46.0,"key":"SpeedPotion"},{"floor":48.0,"key":"EntropicBrew"}],"is_trial":false,"path_per_floor":["M","M","?","M","M","R","E","R","T","E","R","M","E","?","R","B",null,"M","$","?","M","M","R","E","M","T","$","R","M","E","M","R","B",null,"M","?","M","$","?","R","E","M","T","M","E","M","$","M","R","B","B",null],"character_chosen":"IRONCLAD","items_purchased":["Feel No Pain","DollysMirror","Happy Flower","Magnetism","Impervious","Bludgeon"],"campfire_rested":1,"item_purchase_floors":[19,27,27,38,47,47],"current_hp_per_floor":[72,74,74,76,73,73,73,73,73,70,70,73,77,66,66,66,78,79,79,79,75,63,63,33,27,27,27,51,57,39,45,45,60,77,77,77,85,85,85,85,69,77,77,87,72,78,78,70,70,49,38],"gold":80,"neow_bonus":"TEN_PERCENT_HP_BONUS","is_prod":false,"is_daily":false,"chose_seed":false,"campfire_upgraded":8,"win_rate":0,"timestamp":1569027609,"path_taken":["M","M","?","M","?","R","E","R","T","E","R","M","E","?","R","BOSS","M","$","?","M","M","R","E","M","T","$","R","M","E","M","R","BOSS","M","?","?","$","?","R","E","M","T","M","E","M","$","?","R","BOSS","BOSS"],"build_version":"2019-09-20","purchased_purges":0,"victory":true,"max_hp_per_floor":[82,82,82,82,82,82,82,82,82,82,82,82,82,82,82,82,82,82,82,82,82,82,82,82,82,82,82,82,82,82,82,82,82,82,84,84,86,86,86,86,88,90,90,90,92,92,92,92,92,92,92],"card_choices":[{"not_picked":["Carnage","True Grit"],"picked":"Shockwave","floor":1.0},{"not_picked":["True Grit","Bloodletting"],"picked":"Perfected Strike","floor":2.0},{"not_picked":["Warcry","Sword Boomerang","Hemokinesis"],"picked":"SKIP","floor":4.0},{"not_picked":["Clothesline","Havoc","Dual Wield"],"picked":"SKIP","floor":5.0},{"not_picked":["Sword Boomerang","Thunderclap"],"picked":"Wild Strike","floor":7.0},{"not_picked":["Pommel Strike","Sever Soul"],"picked":"Evolve","floor":10.0},{"not_picked":["Heavy Blade","Whirlwind"],"picked":"Perfected Strike","floor":12.0},{"not_picked":["Body Slam","Pummel"],"picked":"Berserk","floor":13.0},{"not_picked":["Heavy Blade","Clash"],"picked":"Metallicize","floor":18.0},{"not_picked":["Havoc","True Grit+1","Hemokinesis"],"picked":"SKIP","floor":21.0},{"not_picked":["Havoc","True Grit+1","Hemokinesis"],"picked":"SKIP","floor":21.0},{"not_picked":["Combust","Clash+1"],"picked":"Clothesline+1","floor":22.0},{"not_picked":["Rupture+1","Spot Weakness"],"picked":"Disarm","floor":24.0},{"not_picked":["Double Tap","Rage"],"picked":"Entrench","floor":25.0},{"not_picked":["Infernal Blade","Anger"],"picked":"Perfected Strike","floor":29.0},{"not_picked":["Anger","Bloodletting"],"picked":"Feel No Pain","floor":30.0},{"not_picked":["Flex","Dropkick+1"],"picked":"Flame Barrier","floor":31.0},{"not_picked":["Juggernaut","Impervious"],"picked":"Fiend Fire","floor":33.0},{"not_picked":["Body Slam","Hemokinesis","Flex+1"],"picked":"Singing Bowl","floor":35.0},{"not_picked":["Armaments","Rupture","Metallicize"],"picked":"Singing Bowl","floor":37.0},{"not_picked":["Flex+1","Reckless Charge+1","Cleave"],"picked":"Singing Bowl","floor":41.0},{"not_picked":["Combust","Cleave","Shrug It Off"],"picked":"Singing Bowl","floor":42.0},{"not_picked":["Metallicize","Rupture"],"picked":"Shockwave","floor":44.0},{"not_picked":["Hemokinesis","Inflame","Heavy Blade"],"picked":"Singing Bowl","floor":45.0},{"not_picked":["Entrench","Inflame"],"picked":"Perfected Strike","floor":46.0},{"not_picked":["Fiend Fire","True Grit"],"picked":"Wild Strike+1","floor":48.0}],"player_experience":896934,"relics_obtained":[{"floor":7.0,"key":"White Beast Statue"},{"floor":9.0,"key":"Oddly Smooth Stone"},{"floor":10.0,"key":"Bag of Preparation"},{"floor":13.0,"key":"Pantograph"},{"floor":24.0,"key":"InkBottle"},{"floor":26.0,"key":"Matryoshka"},{"floor":30.0,"key":"Singing Bowl"},{"floor":41.0,"key":"Dodecahedron"},{"floor":43.0,"key":"Toy Ornithopter"},{"floor":43.0,"key":"Potion Belt"},{"floor":45.0,"key":"Bottled Flame"}],"event_choices":[{"damage_healed":0.0,"max_hp_gain":0.0,"max_hp_loss":0.0,"gold_gain":0.0,"event_name":"Match and Keep!","player_choice":"1 cards matched","floor":3.0,"gold_loss":0.0,"damage_taken":0.0,"cards_obtained":["Battle Trance"]},{"damage_healed":0.0,"max_hp_gain":0.0,"max_hp_loss":0.0,"gold_gain":75.0,"event_name":"World of Goop","player_choice":"Gather Gold","floor":14.0,"gold_loss":0.0,"damage_taken":11.0},{"damage_healed":0.0,"max_hp_gain":0.0,"max_hp_loss":0.0,"gold_gain":0.0,"event_name":"Back to Basics","player_choice":"Simplicity","floor":20.0,"gold_loss":0.0,"damage_taken":0.0,"cards_upgraded":["Strike_R","Strike_R","Strike_R","Strike_R","Strike_R","Defend_R","Defend_R","Defend_R","Defend_R"]},{"damage_healed":0.0,"max_hp_gain":0.0,"max_hp_loss":0.0,"gold_gain":0.0,"event_name":"Match and Keep!","player_choice":"1 cards matched","floor":36.0,"gold_loss":0.0,"damage_taken":0.0,"cards_obtained":["Bludgeon"]},{"damage_healed":0.0,"max_hp_gain":0.0,"max_hp_loss":0.0,"gold_gain":0.0,"event_name":"Duplicator","player_choice":"Copied","floor":39.0,"gold_loss":0.0,"damage_taken":0.0,"cards_obtained":["Perfected Strike"]}],"is_beta":true,"boss_relics":[{"not_picked":["SlaversCollar","Busted Crown"],"picked":"Snecko Eye"},{"not_picked":["Runic Pyramid","Coffee Dripper"],"picked":"Mark of Pain"}],"items_purged_floors":[],"is_endless":false,"potions_floor_spawned":[1,4,10,12,13,16,18,21,22,24,25,29,30,31,33,35,37,41,42,44,45,46,48],"ascension_level":20}