{"gold_per_floor":[114,114,114,129,179,209,209,9,59,21,51,66,96,161,161,261,291,306,356,406,371,436,436,451,451,476,526,556,3,18,83,83,183,183,198,248,298,313,13,13,63,93,118,183,198,0,50,10,10,10],"floor_reached":51,"playtime":2942,"items_purged":[],"score":1311,"play_id":"203c8b89-f4be-4708-9a6b-fe05c4afb54d","local_time":"20180716050517","daily_mods":["Brewmaster","Cursed Run","Hoarder"],"is_ascension_mode":false,"campfire_choices":[{"data":"Blur","floor":7,"key":"SMITH"},{"floor":15,"key":"DIG"},{"floor":23,"key":"DIG"},{"floor":25,"key":"DIG"},{"floor":32,"key":"DIG"},{"floor":40,"key":"DIG"},{"floor":49,"key":"DIG"}],"neow_cost":"","seed_source_timestamp":0,"circlet_count":0,"master_deck":["Defend_G+1","Defend_G+1","Defend_G+1","Defend_G+1","Defend_G+1","Strike_G+1","Strike_G+1","Strike_G+1","Strike_G+1","Strike_G+1","Survivor+1","Neutralize+1","Venomology+1","Venomology+1","Venomology+1","Venomology+1","Venomology+1","Venomology+1","Venomology+1","Venomology+1","Venomology+1","Venomology+1","Venomology+1","Venomology+1","Venomology+1","Venomology+1","Venomology+1","Slice+1","Slice+1","Slice+1","Blur+1","Blur+1","Blur+1","Regret","Regret","Finisher+1","Finisher+1","Finisher+1","Pain","Pain","Pain","Eviscerate+1","Eviscerate+1","Eviscerate+1","Poisoned Stab+1","Poisoned Stab+1","Poisoned Stab+1","Tactician+1","Tactician+1","Tactician+1","Well Laid Plans+1","Well Laid Plans+1","Well Laid Plans+1","Outmaneuver+1","Outmaneuver+1","Outmaneuver+1","Normality","Normality","Normality","Bullet Time+1","Bullet Time+1","Bullet Time+1","Acrobatics+1","Acrobatics+1","Acrobatics+1","Noxious Fumes+1","Noxious Fumes+1","Noxious Fumes+1","Neutralize+1","Neutralize+1","Neutralize+1","Decay","Decay","Decay","Dodge and Roll+1","Dodge and Roll+1","Dodge and Roll+1","Underhanded Strike+1","Underhanded Strike+1","Underhanded Strike+1","Doubt","Doubt","Doubt","Prepared+1","Prepared+1","Prepared+1","Dash+1","Dash+1","Dash+1","Dodge and Roll+1","Dodge and Roll+1","Dodge and Roll+1","Dagger Throw+1","Dagger Throw+1","Dagger Throw+1","Distraction+1","Distraction+1","Clumsy","Clumsy","Clumsy","Die Die Die+1","Die Die Die+1","Die Die Die+1","Terror+1","Terror+1","Terror+1","Bouncing Flask+1","Bouncing Flask+1","Bouncing Flask+1","Prepared+1","Prepared+1","Prepared+1","Backflip+1","Backflip+1","Backflip+1","Dagger Spray+1","Dagger Spray+1","Dagger Spray+1","Dagger Spray+1","Dagger Spray+1","Dagger Spray+1","Concentrate+1","Concentrate+1","Concentrate+1","Normality","Normality","Normality","Dodge and Roll+1","Dodge and Roll+1","Dodge and Roll+1","Parasite","Parasite","Parasite","Backstab","Backstab","Backstab","Caltrops+1","Caltrops+1","Caltrops+1","Caltrops","Caltrops","Caltrops","Dodge and Roll","Dodge and Roll","Dodge and Roll","Parasite","Parasite","Parasite"],"special_seed":17728,"relics":["Cursed Key","Darkstone Periapt","Du-Vu Doll","White Beast Statue","Dodecahedron","SsserpentHead","Potion Belt","Boot","Bottled Lightning","Orichalcum","Shovel","Gremlin Horn","Bag of Preparation","Tiny House","Art of War","Matryoshka","Centennial Puzzle","Ornamental Fan","Oddly Smooth Stone","Snake Skull","OrangePellets","Incense Burner","Blood Vial","Orrery","Mark of the Bloom","Ice Cream","Question Card","Anchor","Vajra","Ninja Scroll","Pen Nib","Red Mask","Happy Flower"],"potions_floor_usage":[1,1,1,4,4,6,6,6,6,6,6,6,6,6,6,6,6,11,11,11,11,13,13,13,13,14,16,16,16,16,16,16,16,16,16,16,16,16,16,16,16,16,16,16,16,18,18,18,18,18,22,22,22,22,22,22,24,24,24,24,24,24,28,28,28,28,28,28,28,30,30,31,31,33,33,33,33,33,33,42,42,42,42,42,44,44,44,45,45,45,45,45,45,50,50,50,50,50,50],"damage_taken":[{"damage":1,"enemies":"Jaw Worm","floor":1,"turns":3},{"damage":0,"enemies":"2 Louse","floor":4,"turns":2},{"damage":6,"enemies":"Lagavulin","floor":6,"turns":6},{"damage":2,"enemies":"Gremlin Nob","floor":11,"turns":2},{"damage":5,"enemies":"Cultist","floor":12,"turns":2},{"damage":6,"enemies":"Lagavulin","floor":13,"turns":3},{"damage":3,"enemies":"Blue Slaver","floor":14,"turns":2},{"damage":5,"enemies":"Hexaghost","floor":16,"turns":7},{"damage":1,"enemies":"Shell Parasite","floor":18,"turns":4},{"damage":9,"enemies":"3 Byrds","floor":22,"turns":3},{"damage":4,"enemies":"Centurion and Healer","floor":24,"turns":3},{"damage":22,"enemies":"Slavers","floor":28,"turns":5},{"damage":0,"enemies":"Snake Plant","floor":30,"turns":3},{"damage":16,"enemies":"Sentry and Sphere","floor":31,"turns":4},{"damage":49,"enemies":"Collector","floor":33,"turns":6},{"damage":0,"enemies":"Orb Walker","floor":35,"turns":2},{"damage":0,"enemies":"Flame Bruiser 1 Orb","floor":38,"turns":2},{"damage":0,"enemies":"2 Orb Walkers","floor":42,"turns":3},{"damage":21,"enemies":"Maw","floor":44,"turns":3},{"damage":8,"enemies":"Transient","floor":45,"turns":5},{"damage":28,"enemies":"Awakened One","floor":50,"turns":6}],"seed_played":"-2205032152784244808","potions_obtained":[{"floor":1,"key":"SteroidPotion"},{"floor":4,"key":"Strength Potion"},{"floor":6,"key":"FearPotion"},{"floor":11,"key":"FearPotion"},{"floor":12,"key":"Dexterity Potion"},{"floor":13,"key":"Energy Potion"},{"floor":14,"key":"Dexterity Potion"},{"floor":16,"key":"Block Potion"},{"floor":17,"key":"AttackPotion"},{"floor":18,"key":"Fruit Juice"},{"floor":20,"key":"AttackPotion"},{"floor":20,"key":"FearPotion"},{"floor":20,"key":"GhostInAJar"},{"floor":22,"key":"FearPotion"},{"floor":24,"key":"Dexterity Potion"},{"floor":28,"key":"Block Potion"},{"floor":30,"key":"EssenceOfSteel"},{"floor":31,"key":"Strength Potion"},{"floor":33,"key":"Fire Potion"},{"floor":35,"key":"Ancient Potion"},{"floor":38,"key":"EntropicBrew"},{"floor":42,"key":"Poison Potion"},{"floor":44,"key":"AttackPotion"},{"floor":45,"key":"Weak Potion"}],"is_trial":false,"path_per_floor":["M","?","?","M","?","E","R","$","T","$","E","M","E","M","R","B",null,"M","?","?","?","M","R","M","R","T","?","E","$","M","M","R","B",null,"M","?","?","M","$","R","T","E","T","M","M","?","?","$","R","B"],"character_chosen":"THE_SILENT","items_purchased":["Bottled Lightning","Eviscerate","OrangePellets","Incense Burner","Dash","Dodge and Roll","Ice Cream","Caltrops","Dodge and Roll"],"campfire_rested":0,"item_purchase_floors":[8,10,29,29,29,29,39,48,48],"current_hp_per_floor":[69,66,66,66,72,76,76,76,82,82,80,75,69,66,66,67,93,92,98,98,98,94,94,90,90,96,96,74,74,74,58,58,17,116,116,116,116,116,116,116,116,116,116,95,87,87,87,87,87,59],"gold":10,"neow_bonus":"","is_prod":false,"is_daily":true,"chose_seed":false,"campfire_upgraded":1,"win_rate":0,"timestamp":1531731917,"path_taken":["M","?","?","M","?","E","R","?","T","$","E","M","E","?","R","BOSS","M","?","?","?","?","R","M","R","T","?","E","?","M","?","R","BOSS","M","?","?","M","$","R","?","E","T","?","M","?","?","?","R","BOSS"],"build_version":"2018-07-12","purchased_purges":0,"victory":true,"max_hp_per_floor":[70,70,70,70,76,76,76,76,82,82,82,82,82,82,82,88,93,93,99,99,99,104,104,104,104,110,110,110,110,110,110,110,116,116,116,116,116,116,116,116,122,122,128,128,128,128,128,128,128,134],"card_choices":[{"not_picked":["Flying Knee","Expertise"],"picked":"Slice","floor":1},{"not_picked":["Quick Slash","Footwork"],"picked":"Blur","floor":4},{"not_picked":["Footwork","Skewer"],"picked":"Finisher","floor":6},{"not_picked":["Masterful Stab","Bane"],"picked":"Poisoned Stab","floor":11},{"not_picked":["Slice","Acrobatics"],"picked":"Tactician","floor":12},{"not_picked":["Predator","Footwork"],"picked":"Well Laid Plans","floor":13},{"not_picked":["Flying Knee","Leg Sweep"],"picked":"Outmaneuver","floor":14},{"not_picked":["Wraith Form v2","Tactician"],"picked":"Bullet Time","floor":16},{"not_picked":["Flying Knee","Underhanded Strike"],"picked":"Acrobatics","floor":17},{"not_picked":["Quick Slash","Backstab"],"picked":"Noxious Fumes","floor":18},{"not_picked":["Endless Agony+1","Masterful Stab+1"],"picked":"Dodge and Roll","floor":22},{"not_picked":["Acrobatics","Endless Agony"],"picked":"Underhanded Strike","floor":24},{"not_picked":["Tactician","Skewer"],"picked":"Prepared","floor":28},{"not_picked":["Outmaneuver+1","Cloak And Dagger"],"picked":"Dagger Throw","floor":30},{"not_picked":["Bane","Deadly Poison"],"picked":"Distraction","floor":31},{"not_picked":["Phantasmal Killer","Storm of Steel"],"picked":"Die Die Die","floor":33},{"not_picked":["Well Laid Plans","PiercingWail"],"picked":"Terror","floor":34},{"not_picked":["Dodge and Roll","Outmaneuver"],"picked":"Bouncing Flask","floor":34},{"not_picked":["PiercingWail","Poisoned Stab"],"picked":"Prepared","floor":34},{"not_picked":["Quick Slash","Heel Hook"],"picked":"Backflip+1","floor":34},{"not_picked":["Endless Agony+1","Quick Slash"],"picked":"Dagger Spray+1","floor":34},{"not_picked":["Underhanded Strike","Dash"],"picked":"Dagger Spray+1","floor":35},{"not_picked":["Well Laid Plans+1","Predator+1"],"picked":"Concentrate+1","floor":38},{"not_picked":["Endless Agony+1","Dash","Eviscerate"],"picked":"Dodge and Roll+1","floor":42},{"not_picked":["Dagger Throw","Flying Knee+1","Deadly Poison+1"],"picked":"Backstab","floor":44},{"not_picked":["Underhanded Strike+1","Bane","Outmaneuver"],"picked":"Caltrops+1","floor":45}],"player_experience":267806,"relics_obtained":[{"floor":6,"key":"Boot"},{"floor":9,"key":"Orichalcum"},{"floor":11,"key":"Shovel"},{"floor":13,"key":"Gremlin Horn"},{"floor":15,"key":"Bag of Preparation"},{"floor":23,"key":"Matryoshka"},{"floor":25,"key":"Centennial Puzzle"},{"floor":26,"key":"Ornamental Fan"},{"floor":26,"key":"Oddly Smooth Stone"},{"floor":28,"key":"Snake Skull"},{"floor":32,"key":"Blood Vial"},{"floor":40,"key":"Question Card"},{"floor":41,"key":"Anchor"},{"floor":41,"key":"Vajra"},{"floor":42,"key":"Ninja Scroll"},{"floor":43,"key":"Pen Nib"},{"floor":49,"key":"Happy Flower"}],"event_choices":[{"event_name":"Scrap Ooze","player_choice":"success","floor":2,"damage_taken":3},{"event_name":"FaceTrader","player_choice":"Trade","floor":3,"damage_taken":0},{"event_name":"Big Fish","player_choice":"Box","floor":5,"damage_taken":0},{"event_name":"Match and Keep!","player_choice":"2 cards matched","floor":19,"damage_taken":0},{"event_name":"The Lab","player_choice":"Got Potions","floor":20,"damage_taken":0},{"event_name":"Addict","player_choice":"Obtained Relic","floor":21,"damage_taken":0},{"event_name":"Drug Dealer","player_choice":"Ignored","floor":27,"damage_taken":0},{"event_name":"MindBloom","player_choice":"Upgrade","floor":36,"damage_taken":0},{"event_name":"Wheel of Change","player_choice":"Card Removal","floor":37,"damage_taken":0},{"event_name":"Tomb of Lord Red Mask","player_choice":"Paid","floor":46,"damage_taken":0},{"event_name":"Falling","player_choice":"Removed Skill","floor":47,"damage_taken":0}],"boss_relics":[{"not_picked":["Velvet Choker","Empty Cage"],"picked":"Tiny House"},{"not_picked":["Runic Pyramid","Busted Crown"],"picked":"Orrery"}],"items_purged_floors":[],"is_endless":false,"potions_floor_spawned":[1,4,6,11,12,13,14,16,18,22,24,28,30,31,33,35,38,42,44,45],"ascension_level":0}