{"gold_per_floor":[119,138,138,138,161,161,205,205,205,205,130,171,191,234,234,330,330,343,54,54,70,84,84,122,147,147,161,161,197,197,211,211,307,307,327,327,327,55,79,79,97,136,218,218,60,80,111,162,162,162,162,162,162,51,90,90],"floor_reached":57,"playtime":3144,"items_purged":["Bash+1"],"score":2900,"play_id":"df7884da-d2c0-47ba-8f28-3187f4142e07","local_time":"20190915231428","is_ascension_mode":true,"campfire_choices":[{"data":"Bludgeon","floor":6,"key":"SMITH"},{"floor":8,"key":"REST"},{"data":"Bash","floor":10,"key":"SMITH"},{"floor":15,"key":"REST"},{"data":"Barricade","floor":23,"key":"SMITH"},{"data":"Juggernaut","floor":28,"key":"SMITH"},{"data":"Feel No Pain","floor":32,"key":"SMITH"},{"floor":40,"key":"RECALL"},{"floor":44,"key":"REST"},{"floor":49,"key":"REST"},{"floor":53,"key":"REST"}],"neow_cost":"NONE","seed_source_timestamp":311234928397300,"circlet_count":0,"master_deck":["AscendersBane","Anger","Metallicize","Seeing Red","Rage","Immolate","Juggernaut+1","Burning Pact+1","Impervious+1","Inflame","Entrench+1","Barricade+1","Havoc+1","Fiend Fire","Battle Trance+1","Shrug It Off+1","Shrug It Off+1","Warcry+1","Jack Of All Trades+1","Power Through+1","Body Slam+1","Disarm+1","Shockwave+1","Sentinel+1","Feel No Pain+1","Battle Trance+1","Second Wind+1","Ghostly Armor+1","Warcry+1","Impervious+1","Evolve","True Grit+1","PanicButton+1","Power Through+1","Feel No Pain","Juggernaut"],"relics":["Burning Blood","Golden Idol","Mummified Hand","Ancient Tea Set","Question Card","Toxic Egg 2","Pandora\u0027s Box","Sundial","Oddly Smooth Stone","Fusion Hammer","Membership Card","Blood Vial","Bag of Preparation","Dodecahedron","Bronze Scales","Pantograph"],"potions_floor_usage":[12,16,24,24,33,42,56],"damage_taken":[{"damage":8,"enemies":"Small Slimes","floor":1,"turns":3},{"damage":6,"enemies":"2 Louse","floor":2,"turns":3},{"damage":9,"enemies":"Jaw Worm","floor":5,"turns":3},{"damage":20,"enemies":"Lagavulin","floor":7,"turns":5},{"damage":0,"enemies":"Gremlin Nob","floor":12,"turns":2},{"damage":11,"enemies":"Looter","floor":13,"turns":2},{"damage":29,"enemies":"Lagavulin","floor":14,"turns":6},{"damage":35,"enemies":"Slime Boss","floor":16,"turns":8},{"damage":18,"enemies":"Shell Parasite","floor":18,"turns":4},{"damage":0,"enemies":"Spheric Guardian","floor":21,"turns":4},{"damage":4,"enemies":"Centurion and Healer","floor":22,"turns":3},{"damage":13,"enemies":"Cultist and Chosen","floor":24,"turns":6},{"damage":0,"enemies":"Snecko","floor":25,"turns":5},{"damage":5,"enemies":"Centurion and Healer","floor":27,"turns":7},{"damage":0,"enemies":"Book of Stabbing","floor":29,"turns":5},{"damage":0,"enemies":"3 Cultists","floor":31,"turns":3},{"damage":0,"enemies":"Collector","floor":33,"turns":6},{"damage":0,"enemies":"Orb Walker","floor":35,"turns":4},{"damage":12,"enemies":"3 Darklings","floor":39,"turns":5},{"damage":27,"enemies":"Jaw Worm Horde","floor":41,"turns":4},{"damage":18,"enemies":"Nemesis","floor":42,"turns":7},{"damage":0,"enemies":"Writhing Mass","floor":46,"turns":4},{"damage":19,"enemies":"Reptomancer","floor":47,"turns":7},{"damage":22,"enemies":"Time Eater","floor":50,"turns":6},{"damage":9,"enemies":"Donu and Deca","floor":51,"turns":6},{"damage":8,"enemies":"Shield and Spear","floor":55,"turns":5},{"damage":56,"enemies":"The Heart","floor":56,"turns":9}],"seed_played":"4950426488453857291","potions_obtained":[{"floor":2,"key":"SteroidPotion"},{"floor":5,"key":"Fire Potion"},{"floor":7,"key":"Poison Potion"},{"floor":13,"key":"Ancient Potion"},{"floor":16,"key":"Explosive Potion"},{"floor":29,"key":"Dexterity Potion"},{"floor":33,"key":"LiquidBronze"},{"floor":35,"key":"PowerPotion"}],"is_trial":false,"path_per_floor":["M","M","?","?","M","R","E","R","T","R","?","E","M","E","R","B",null,"M","$","?","M","M","R","M","M","T","M","R","E","?","M","R","B",null,"M","?","?","$","M","R","M","E","T","R","$","M","E","T","R","B","B",null,"R","$","E","B",null],"character_chosen":"IRONCLAD","items_purchased":["Shrug It Off+1","Warcry+1","Regen Potion","Jack Of All Trades+1","Membership Card","Second Wind+1","Ghostly Armor+1","Bag of Preparation","Evolve","PanicButton+1","Power Through+1","Feel No Pain"],"campfire_rested":5,"item_purchase_floors":[19,19,19,19,38,38,38,45,45,54,54,54],"current_hp_per_floor":[66,66,40,40,37,37,23,45,45,45,45,51,46,23,45,16,60,48,48,48,54,56,56,64,70,70,71,71,75,75,75,75,75,75,75,75,71,71,65,65,44,32,32,54,54,62,51,51,73,59,58,71,75,75,73,25],"gold":90,"neow_bonus":"ONE_RANDOM_RARE_CARD","is_prod":false,"is_daily":false,"chose_seed":false,"campfire_upgraded":5,"win_rate":0,"timestamp":1568614468,"path_taken":["M","M","?","?","M","R","E","R","T","R","?","E","M","E","R","BOSS","M","$","?","M","M","R","M","M","T","M","R","E","?","M","R","BOSS","M","?","?","$","M","R","M","E","T","R","$","?","E","?","R","BOSS","BOSS","R","$","E","BOSS"],"build_version":"2019-07-17","purchased_purges":1,"victory":true,"max_hp_per_floor":[75,75,75,75,75,75,75,75,75,75,75,75,75,75,75,75,75,75,75,75,75,75,75,75,75,75,75,75,75,75,75,75,75,75,75,75,75,75,75,75,75,75,75,75,75,75,75,75,75,75,75,75,75,75,75,75],"card_choices":[{"not_picked":["Warcry","Iron Wave","Cleave"],"picked":"SKIP","floor":1},{"not_picked":["Shrug It Off","True Grit"],"picked":"Anger","floor":2},{"not_picked":["Twin Strike","Corruption","Infernal Blade"],"picked":"SKIP","floor":5},{"not_picked":["Wild Strike","Bloodletting"],"picked":"Metallicize","floor":7},{"not_picked":["Flex","Clash"],"picked":"Seeing Red","floor":12},{"not_picked":["Wild Strike","Iron Wave","Body Slam"],"picked":"Rage","floor":13},{"not_picked":["Limit Break","True Grit","Infernal Blade"],"picked":"Immolate","floor":14},{"not_picked":["Exhume+1","Reaper","Feed"],"picked":"Juggernaut","floor":16},{"not_picked":["True Grit+1","Clothesline","Headbutt"],"picked":"Shrug It Off+1","floor":18},{"not_picked":["Rampage","True Grit+1","Corruption"],"picked":"Body Slam+1","floor":21},{"not_picked":["Twin Strike+1","Clash","Hemokinesis"],"picked":"Disarm+1","floor":22},{"not_picked":["Dropkick","Sentinel+1","Cleave"],"picked":"Shockwave+1","floor":24},{"not_picked":["Twin Strike","Dropkick","Headbutt"],"picked":"Sentinel+1","floor":25},{"not_picked":["Sever Soul","Flex+1","Bludgeon","Sword Boomerang"],"picked":"SKIP","floor":27},{"not_picked":["Twin Strike","Second Wind+1","Dropkick","Burning Pact+1"],"picked":"SKIP","floor":29},{"not_picked":["Warcry+1","Sever Soul+1","Body Slam"],"picked":"Feel No Pain","floor":31},{"not_picked":["Ghostly Armor+1","Combust","Wild Strike"],"picked":"Battle Trance+1","floor":35},{"not_picked":["Inflame+1","Cleave","Rupture","Infernal Blade+1"],"picked":"SKIP","floor":39},{"not_picked":["Havoc+1","Perfected Strike","Flex+1"],"picked":"Warcry+1","floor":41},{"not_picked":["Headbutt","Infernal Blade+1","Feel No Pain"],"picked":"Impervious+1","floor":42},{"not_picked":["Armaments+1","Sentinel+1","Flame Barrier+1"],"picked":"True Grit+1","floor":46},{"not_picked":["Wild Strike","Evolve","Flex+1","Sever Soul"],"picked":"SKIP","floor":47},{"not_picked":["Flex+1","Wild Strike","Uppercut"],"picked":"Juggernaut","floor":55}],"player_experience":754564,"relics_obtained":[{"floor":7,"key":"Mummified Hand"},{"floor":9,"key":"Ancient Tea Set"},{"floor":12,"key":"Question Card"},{"floor":14,"key":"Toxic Egg 2"},{"floor":26,"key":"Sundial"},{"floor":29,"key":"Oddly Smooth Stone"},{"floor":42,"key":"Blood Vial"},{"floor":47,"key":"Dodecahedron"},{"floor":48,"key":"Bronze Scales"},{"floor":55,"key":"Pantograph"}],"event_choices":[{"damage_healed":0,"gold_gain":0,"player_choice":"Take Damage","damage_taken":26,"relics_obtained":["Golden Idol"],"max_hp_gain":0,"max_hp_loss":0,"event_name":"Golden Idol","floor":3,"gold_loss":0},{"damage_healed":0,"gold_gain":0,"player_choice":"Ignored","damage_taken":0,"max_hp_gain":0,"max_hp_loss":0,"event_name":"Liars Game","floor":4,"gold_loss":0},{"cards_removed":["Strike_R"],"damage_healed":0,"gold_gain":0,"player_choice":"Card Removal","damage_taken":0,"max_hp_gain":0,"max_hp_loss":0,"event_name":"The Cleric","floor":11,"gold_loss":75},{"damage_healed":0,"gold_gain":0,"player_choice":"Read","damage_taken":0,"max_hp_gain":0,"max_hp_loss":0,"event_name":"The Library","floor":20,"gold_loss":0,"cards_obtained":["Power Through"]},{"cards_removed":["Bludgeon"],"damage_healed":0,"gold_gain":0,"player_choice":"Elegance","damage_taken":0,"max_hp_gain":0,"max_hp_loss":0,"event_name":"Back to Basics","floor":30,"gold_loss":0},{"damage_healed":0,"gold_gain":0,"player_choice":"Ignored","damage_taken":0,"max_hp_gain":0,"max_hp_loss":0,"event_name":"Tomb of Lord Red Mask","floor":36,"gold_loss":0},{"damage_healed":0,"gold_gain":0,"player_choice":"Bought 0 Potions","damage_taken":0,"max_hp_gain":0,"max_hp_loss":0,"event_name":"The Woman in Blue","floor":37,"gold_loss":0}],"is_beta":false,"boss_relics":[{"not_picked":["Tiny House","Runic Cube"],"picked":"Pandora\u0027s Box"},{"not_picked":["Astrolabe","Black Star"],"picked":"Fusion Hammer"}],"items_purged_floors":[45],"is_endless":false,"potions_floor_spawned":[2,5,7,13,16,22,29,33,35,39],"ascension_level":20}