{"gold_per_floor":[110,110,122,135,135,135,135,135,135,135,151,178,197,207,207,306,306,321,6,6,24,24,24,57,76,76,94,111,24,41,53,53,53],"floor_reached":33,"playtime":1956,"items_purged":[],"score":296,"play_id":"2231796d-7ddd-43e8-bf49-20ac3173745b","local_time":"20180703154335","daily_mods":["Draft"],"is_ascension_mode":false,"campfire_choices":[{"data":"Sunder","floor":6,"key":"SMITH"},{"data":"Doom and Gloom","floor":8,"key":"SMITH"},{"data":"Redo","floor":10,"key":"SMITH"},{"data":"Scrape","floor":15,"key":"SMITH"},{"data":"Apotheosis","floor":23,"key":"SMITH"},{"floor":32,"key":"REST"}],"neow_cost":"","seed_source_timestamp":1600012436013,"circlet_count":0,"master_deck":["Doom and Gloom+1","Sweeping Beam","Ball Lightning","Go for the Eyes","Cold Snap","Defragment","Heatsinks","Coolheaded","Conserve Battery","Turbo","Sweeping Beam","Ball Lightning","Static Discharge","Gash","Capacitor","Redo+1","Regret","Steam","Sunder+1","Stack","Tempest","Beam Cell","Sunder","Scrape+1","Hologram","Rainbow","Beam Cell","Apotheosis+1","Jack Of All Trades","Compile Driver","Fusion","White Noise","FTL+1","Aggregate","Aggregate+1","Meteor Strike","Streamline","Sunder","Storm+1","Fusion+1"],"special_seed":20635678,"relics":["Cracked Core","Bag of Marbles","Torii","Omamori","Mercury Hourglass","Inserter","Cables","Du-Vu Doll","Bird Faced Urn"],"potions_floor_usage":[12,16,30,33,33],"damage_taken":[{"damage":2,"enemies":"Jaw Worm","floor":1,"turns":2},{"damage":0,"enemies":"2 Louse","floor":3,"turns":1},{"damage":3,"enemies":"Cultist","floor":4,"turns":3},{"damage":2,"enemies":"Gremlin Gang","floor":11,"turns":3},{"damage":17,"enemies":"3 Sentries","floor":12,"turns":4},{"damage":8,"enemies":"Blue Slaver","floor":13,"turns":2},{"damage":0,"enemies":"Large Slime","floor":14,"turns":2},{"damage":24,"enemies":"The Guardian","floor":16,"turns":6},{"damage":2,"enemies":"Chosen","floor":18,"turns":3},{"damage":22,"enemies":"3 Byrds","floor":21,"turns":3},{"damage":13,"enemies":"Book of Stabbing","floor":24,"turns":3},{"damage":0,"enemies":"Centurion and Healer","floor":25,"turns":4},{"damage":8,"enemies":"Snake Plant","floor":27,"turns":3},{"damage":0,"enemies":"Sentry and Sphere","floor":28,"turns":2},{"damage":13,"enemies":"Slaver and Parasite","floor":30,"turns":2},{"damage":11,"enemies":"Snecko","floor":31,"turns":3},{"damage":53,"enemies":"Champ","floor":33,"turns":7}],"seed_played":"3865980042876299827","potions_obtained":[{"floor":3,"key":"Explosive Potion"},{"floor":12,"key":"LiquidBronze"},{"floor":25,"key":"Explosive Potion"},{"floor":27,"key":"LiquidBronze"},{"floor":30,"key":"SteroidPotion"}],"is_trial":true,"path_per_floor":["M","?","M","M","?","R","T","R","T","R","M","E","M","M","R","B",null,"M","$","?","M","?","R","E","M","T","M","M","$","M","M","R"],"character_chosen":"DEFECT","items_purchased":["Apotheosis","Jack Of All Trades","Compile Driver","Streamline","Sunder"],"campfire_rested":1,"item_purchase_floors":[19,19,19,29,29],"current_hp_per_floor":[73,73,73,70,70,70,70,70,70,70,68,51,43,43,43,19,75,73,73,73,51,51,51,38,38,38,34,34,34,27,18,40,0],"gold":53,"neow_bonus":"","is_prod":false,"is_daily":false,"chose_seed":true,"campfire_upgraded":5,"win_rate":0.0,"timestamp":1530647015,"path_taken":["M","?","?","M","?","R","?","R","T","R","M","E","M","M","R","BOSS","M","$","?","M","?","R","E","M","T","M","M","?","?","M","R","BOSS"],"build_version":"2018-06-28","purchased_purges":0,"victory":false,"max_hp_per_floor":[75,75,75,75,75,75,75,75,75,75,75,75,75,75,75,75,75,75,75,75,75,75,75,75,75,75,75,75,75,75,75,75,75],"card_choices":[{"not_picked":["Stack","Cold Snap"],"picked":"Doom and Gloom","floor":0},{"not_picked":["Streamline","Force Field"],"picked":"Sweeping Beam","floor":0},{"not_picked":["Reinforced Body","Rebound"],"picked":"Ball Lightning","floor":0},{"not_picked":["Ball Lightning","Fusion"],"picked":"Go for the Eyes","floor":0},{"not_picked":["Sweeping Beam","Redo"],"picked":"Cold Snap","floor":0},{"not_picked":["Cold Snap","FTL"],"picked":"Defragment","floor":0},{"not_picked":["Reinforced Body","Hologram"],"picked":"Heatsinks","floor":0},{"not_picked":["Skim","Double Energy"],"picked":"Coolheaded","floor":0},{"not_picked":["Rebound","Go for the Eyes"],"picked":"Conserve Battery","floor":0},{"not_picked":["Leap","Doom and Gloom"],"picked":"Turbo","floor":0},{"not_picked":["Barrage","Turbo"],"picked":"Sweeping Beam","floor":0},{"not_picked":["Heatsinks","Hologram"],"picked":"Ball Lightning","floor":0},{"not_picked":["Redo","Defragment"],"picked":"Static Discharge","floor":0},{"not_picked":["Conserve Battery","Turbo"],"picked":"Gash","floor":0},{"not_picked":["Streamline","Beam Cell"],"picked":"Capacitor","floor":0},{"not_picked":["Ball Lightning","Sweeping Beam"],"picked":"Redo","floor":1},{"not_picked":["Ball Lightning","Doom and Gloom"],"picked":"Steam","floor":3},{"not_picked":["Compile Driver","Sweeping Beam"],"picked":"Sunder","floor":4},{"not_picked":["Sweeping Beam","Ball Lightning"],"picked":"Beam Cell","floor":11},{"not_picked":["Tempest","Ball Lightning"],"picked":"Sunder","floor":12},{"not_picked":["Compile Driver","Redo"],"picked":"Scrape","floor":13},{"not_picked":["Defragment","Capacitor"],"picked":"Hologram","floor":14},{"not_picked":["Machine Learning","Buffer"],"picked":"Rainbow","floor":16},{"not_picked":["Stack","Ball Lightning"],"picked":"Beam Cell","floor":18},{"not_picked":["Streamline","Redo"],"picked":"Fusion","floor":21},{"not_picked":["Chill+1","Tempest"],"picked":"FTL+1","floor":24},{"not_picked":["Barrage","Rebound"],"picked":"Aggregate","floor":25},{"not_picked":["Tempest","Skim"],"picked":"Aggregate+1","floor":27},{"not_picked":["Rebound","Hologram"],"picked":"Meteor Strike","floor":28},{"not_picked":["Coolheaded+1","FTL"],"picked":"Storm+1","floor":30},{"not_picked":["Defragment+1","Doom and Gloom"],"picked":"Fusion+1","floor":31}],"player_experience":247251,"relics_obtained":[{"floor":7,"key":"Torii"},{"floor":9,"key":"Omamori"},{"floor":12,"key":"Mercury Hourglass"},{"floor":24,"key":"Du-Vu Doll"},{"floor":26,"key":"Bird Faced Urn"}],"event_choices":[{"event_name":"Big Fish","player_choice":"Box","floor":2,"damage_taken":0},{"event_name":"Match and Keep!","player_choice":"2 cards matched","floor":5,"damage_taken":0},{"event_name":"The Mausoleum","player_choice":"Yes","floor":20,"damage_taken":0},{"event_name":"The Library","player_choice":"Read","floor":22,"damage_taken":0}],"boss_relics":[{"not_picked":["Empty Cage","Tiny House"],"picked":"Inserter"}],"items_purged_floors":[],"is_endless":false,"potions_floor_spawned":[3,12,25,27,30],"killed_by":"Champ","ascension_level":0}