{"path_per_floor":["M","M","?","?","$","R","E","R","T","E","R","$","M","E","R"],"character_chosen":"IRONCLAD","items_purchased":["Fire Breathing","Fire Breathing"],"gold_per_floor":[117,127,127,127,0,0,27,27,52,80,80,11,22,55,55,55],"floor_reached":16,"campfire_rested":0,"playtime":902,"item_purchase_floors":[5,12],"current_hp_per_floor":[80,80,80,80,80,80,69,69,69,72,72,72,72,59,59,0],"items_purged":["Regret"],"gold":55,"score":148,"play_id":"3eba7a6c-4eda-430f-ade4-3bb07179aa05","local_time":"20180606193456","is_prod":false,"is_daily":false,"chose_seed":false,"is_ascension_mode":true,"campfire_upgraded":4,"win_rate":0,"timestamp":1528328096,"campfire_choices":[{"data":"Inflame","floor":6,"key":"SMITH"},{"data":"Bludgeon","floor":8,"key":"SMITH"},{"data":"Fire Breathing","floor":11,"key":"SMITH"},{"data":"Hemokinesis","floor":15,"key":"SMITH"}],"path_taken":["M","M","?","?","$","R","E","R","T","E","R","$","M","E","R","BOSS"],"build_version":"2018-05-31","seed_source_timestamp":102043695330635,"purchased_purges":1,"victory":false,"master_deck":["Strike_R","Strike_R","Strike_R","Strike_R","Strike_R","Defend_R","Defend_R","Defend_R","Defend_R","Bash","Inflame+1","Thunderclap","Hemokinesis+1","Fire Breathing+1","Bludgeon+1","Cleave","Fire Breathing","Battle Trance","Anger"],"max_hp_per_floor":[80,80,80,80,80,80,94,94,94,94,94,94,94,94,94,94],"relics":["Burning Blood","Smiling Mask","Mango","Bag of Marbles","Bronze Scales","Ancient Tea Set"],"card_choices":[{"not_picked":["Havoc","Heavy Blade"],"picked":"Inflame","floor":0},{"not_picked":["Sever Soul","Blood for Blood"],"picked":"Thunderclap","floor":1},{"not_picked":["Thunderclap","Battle Trance"],"picked":"Hemokinesis","floor":2},{"not_picked":["Power Through","Inflame"],"picked":"Bludgeon","floor":7},{"not_picked":["Blood for Blood","Ghostly Armor"],"picked":"Cleave","floor":10},{"not_picked":["Cleave","Headbutt"],"picked":"Battle Trance","floor":13},{"not_picked":["Dual Wield","Clash"],"picked":"Anger","floor":14}],"player_experience":172178,"potions_floor_usage":[7,14,14],"damage_taken":[{"damage":0,"enemies":"Small Slimes","floor":1,"turns":4},{"damage":5,"enemies":"Cultist","floor":2,"turns":4},{"damage":31,"enemies":"3 Sentries","floor":7,"turns":7},{"damage":3,"enemies":"Gremlin Nob","floor":10,"turns":2},{"damage":6,"enemies":"2 Louse","floor":13,"turns":2},{"damage":19,"enemies":"Lagavulin","floor":14,"turns":4},{"damage":61,"enemies":"The Guardian","floor":16,"turns":9}],"relics_obtained":[{"floor":7,"key":"Mango"},{"floor":9,"key":"Bag of Marbles"},{"floor":10,"key":"Bronze Scales"},{"floor":14,"key":"Ancient Tea Set"}],"event_choices":[{"event_name":"The Cleric","player_choice":"Leave","floor":3,"damage_taken":0},{"event_name":"Big Fish","player_choice":"Box","floor":4,"damage_taken":0}],"boss_relics":[],"items_purged_floors":[5],"potions_floor_spawned":[1,10,13],"seed_played":"7219105174279247981","killed_by":"The Guardian","ascension_level":1,"potions_obtained":[{"floor":1,"key":"Strength Potion"},{"floor":10,"key":"Block Potion"},{"floor":13,"key":"Poison Potion"}],"is_trial":false}