{"gold_per_floor":[113,113,126,51,51,51,84,47,72,89,89,107,140,140,152,236,248,273,295,321,14,27,27,61,61,133,133,144,144,19,43,43,43],"floor_reached":33,"playtime":987,"items_purged":["Strike_R","Strike_R","Strike_R"],"score":596,"play_id":"5b6b49ce-d542-4206-98c2-76853490afd0","local_time":"20190923124703","is_ascension_mode":true,"campfire_choices":[{"data":"Uppercut","floor":6.0,"key":"SMITH"},{"data":"1","floor":11.0,"key":"LIFT"},{"data":"2","floor":15.0,"key":"LIFT"},{"data":"3","floor":23.0,"key":"LIFT"},{"data":"Rage","floor":25.0,"key":"SMITH"},{"data":"Heavy Blade","floor":27.0,"key":"SMITH"},{"floor":29.0,"key":"REST"},{"data":"Flame Barrier","floor":32.0,"key":"SMITH"}],"neow_cost":"NONE","seed_source_timestamp":562870232452200,"circlet_count":0,"master_deck":["AscendersBane","Strike_R","Defend_R+1","Defend_R","Defend_R","Defend_R+1","Bash","Uppercut+1","Evolve","Feed","Rampage","Fire Breathing","Battle Trance","Ghostly Armor","Immolate","Rage+1","Flame Barrier+1","Shrug It Off","Heavy Blade+1","Spot Weakness"],"special_seed":0,"relics":["Burning Blood","NeowsBlessing","Girya","Bronze Scales","PreservedInsect","MawBank","SlaversCollar","Tiny Chest","Question Card","Matryoshka","Pen Nib","Omamori"],"potions_floor_usage":[33,33],"damage_taken":[{"damage":0.0,"enemies":"Small Slimes","floor":1.0,"turns":1.0},{"damage":0.0,"enemies":"Jaw Worm","floor":3.0,"turns":1.0},{"damage":0.0,"enemies":"Gremlin Nob","floor":7.0,"turns":1.0},{"damage":8.0,"enemies":"2 Louse","floor":10.0,"turns":4.0},{"damage":14.0,"enemies":"Exordium Thugs","floor":12.0,"turns":5.0},{"damage":7.0,"enemies":"3 Sentries","floor":13.0,"turns":4.0},{"damage":23.0,"enemies":"Hexaghost","floor":16.0,"turns":8.0},{"damage":18.0,"enemies":"2 Thieves","floor":18.0,"turns":4.0},{"damage":10.0,"enemies":"Chosen","floor":19.0,"turns":5.0},{"damage":7.0,"enemies":"Centurion and Healer","floor":20.0,"turns":6.0},{"damage":10.0,"enemies":"Snake Plant","floor":22.0,"turns":4.0},{"damage":10.0,"enemies":"Slavers","floor":24.0,"turns":3.0},{"damage":26.0,"enemies":"3 Cultists","floor":28.0,"turns":5.0},{"damage":79,"enemies":"Automaton","floor":33,"turns":10}],"seed_played":"5358572531454960249","potions_obtained":[{"floor":1.0,"key":"Weak Potion"},{"floor":7.0,"key":"GamblersBrew"},{"floor":18.0,"key":"Weak Potion"},{"floor":19.0,"key":"SpeedPotion"},{"floor":24.0,"key":"Swift Potion"},{"floor":28.0,"key":"Weak Potion"}],"is_trial":false,"path_per_floor":["M","?","M","$","?","R","E","$","T","M","R","M","E","?","R","B",null,"M","M","M","$","M","R","E","R","T","R","M","R","$","T","R","B"],"character_chosen":"IRONCLAD","items_purchased":["Rampage","Shrug It Off","Heavy Blade","Tiny Chest"],"campfire_rested":1,"item_purchase_floors":[8,21,21,21],"current_hp_per_floor":[74,51,57,57,50,50,56,56,56,57,57,49,48,48,48,31,66,57,53,55,55,54,54,53,53,53,53,36,63,63,63,63,0],"gold":43,"neow_bonus":"THREE_ENEMY_KILL","is_prod":false,"is_daily":false,"chose_seed":false,"campfire_upgraded":4,"win_rate":0,"timestamp":1569268023,"path_taken":["M","?","M","$","?","R","E","?","T","M","R","M","E","?","R","BOSS","M","M","M","$","M","R","E","R","T","R","M","R","$","?","R","BOSS"],"build_version":"2019-09-23","purchased_purges":3,"victory":false,"max_hp_per_floor":[75,75,75,75,75,75,75,75,75,78,78,78,78,78,78,78,78,81,81,84,84,87,87,90,90,90,90,93,93,93,93,93,93],"card_choices":[{"not_picked":["Infernal Blade","Entrench"],"picked":"Uppercut","floor":1.0},{"not_picked":["Flex","Rage"],"picked":"Evolve","floor":3.0},{"not_picked":["Rage","Infernal Blade"],"picked":"Feed","floor":7.0},{"not_picked":["Body Slam","Perfected Strike"],"picked":"Fire Breathing","floor":10.0},{"not_picked":["Inflame","Blood for Blood"],"picked":"Battle Trance","floor":12.0},{"not_picked":["Burning Pact","Havoc"],"picked":"Ghostly Armor","floor":13.0},{"not_picked":["Limit Break","Fiend Fire"],"picked":"Immolate","floor":16.0},{"not_picked":["Pommel Strike+1","Infernal Blade"],"picked":"Rage","floor":18.0},{"not_picked":["Flex","Dual Wield"],"picked":"Flame Barrier","floor":19.0},{"not_picked":["Havoc","Clothesline","Perfected Strike"],"picked":"SKIP","floor":20.0},{"not_picked":["Anger","Perfected Strike"],"picked":"Spot Weakness","floor":22.0},{"not_picked":["Inflame","Thunderclap","Brutality"],"picked":"SKIP","floor":24.0},{"not_picked":["Iron Wave","Cleave","Body Slam","Havoc"],"picked":"SKIP","floor":28.0}],"player_experience":983234,"relics_obtained":[{"floor":7.0,"key":"Girya"},{"floor":9.0,"key":"Bronze Scales"},{"floor":13.0,"key":"PreservedInsect"},{"floor":24.0,"key":"Question Card"},{"floor":26.0,"key":"Matryoshka"},{"floor":31.0,"key":"Pen Nib"},{"floor":31.0,"key":"Omamori"}],"event_choices":[{"damage_healed":0.0,"max_hp_gain":0.0,"max_hp_loss":0.0,"gold_gain":0.0,"event_name":"Shining Light","player_choice":"Entered Light","floor":2.0,"gold_loss":0.0,"damage_taken":23.0,"cards_upgraded":["Defend_R","Defend_R"]},{"cards_removed":["Strike_R"],"damage_healed":0.0,"max_hp_gain":0.0,"max_hp_loss":0.0,"gold_gain":0.0,"event_name":"Golden Wing","player_choice":"Card Removal","floor":5.0,"gold_loss":0.0,"damage_taken":7.0},{"damage_healed":0.0,"max_hp_gain":0.0,"max_hp_loss":0.0,"gold_gain":0.0,"event_name":"WeMeetAgain","player_choice":"Gave Potion","floor":14.0,"gold_loss":0.0,"damage_taken":0.0,"relics_obtained":["MawBank"]}],"is_beta":true,"boss_relics":[{"not_picked":["Calling Bell","Busted Crown"],"picked":"SlaversCollar"}],"items_purged_floors":[4,21,30],"is_endless":false,"potions_floor_spawned":[1,7,18,19,24,28],"killed_by":"Automaton","ascension_level":20}