{"gold_per_floor":[116,134,149,161,174,174,185,214,240,240,250,277,277,290,290,364,364,380,391,391,415,435,435],"floor_reached":23,"playtime":2481,"items_purged":[],"score":406,"play_id":"6501f8cb-8f49-4da6-bc43-49209eb1aec4","local_time":"20190924051404","is_ascension_mode":true,"campfire_choices":[{"data":"Sunder","floor":6.0,"key":"SMITH"},{"data":"Glacier","floor":10.0,"key":"SMITH"},{"data":"Cold Snap","floor":13.0,"key":"SMITH"},{"data":"Cold Snap","floor":15.0,"key":"SMITH"}],"neow_cost":"TEN_PERCENT_HP_LOSS","seed_source_timestamp":0,"circlet_count":0,"master_deck":["AscendersBane","Strike_B","Strike_B","Strike_B","Strike_B","Defend_B","Defend_B","Defend_B","Defend_B","Zap","Dualcast","Seek","Glacier+1","Sunder+1","Cold Snap+1","Cold Snap+1","Undo","Genetic Algorithm"],"special_seed":0,"relics":["FrozenCore","Symbiotic Virus","Potion Belt","Gremlin Horn","MutagenicStrength","Anchor"],"potions_floor_usage":[22],"damage_taken":[{"damage":4.0,"enemies":"Small Slimes","floor":1.0,"turns":3.0},{"damage":1.0,"enemies":"Jaw Worm","floor":2.0,"turns":4.0},{"damage":0.0,"enemies":"Cultist","floor":3.0,"turns":4.0},{"damage":0.0,"enemies":"Blue Slaver","floor":4.0,"turns":6.0},{"damage":0.0,"enemies":"Red Slaver","floor":5.0,"turns":5.0},{"damage":0.0,"enemies":"Exordium Thugs","floor":7.0,"turns":6.0},{"damage":0.0,"enemies":"3 Sentries","floor":8.0,"turns":10.0},{"damage":0.0,"enemies":"2 Fungi Beasts","floor":11.0,"turns":1.0},{"damage":9.0,"enemies":"Gremlin Nob","floor":12.0,"turns":4.0},{"damage":0.0,"enemies":"3 Louse","floor":14.0,"turns":2.0},{"damage":42.0,"enemies":"Hexaghost","floor":16.0,"turns":15.0},{"damage":21.0,"enemies":"2 Thieves","floor":18.0,"turns":4.0},{"damage":9.0,"enemies":"Spheric Guardian","floor":19.0,"turns":6.0},{"damage":0,"enemies":"Snake Plant","floor":22,"turns":4},{"damage":32,"enemies":"Gremlin Leader","floor":23,"turns":4}],"seed_played":"-1647776611951737508","potions_obtained":[{"floor":3.0,"key":"EssenceOfSteel"},{"floor":4.0,"key":"SkillPotion"},{"floor":8.0,"key":"Weak Potion"},{"floor":12.0,"key":"SkillPotion"},{"floor":19.0,"key":"Explosive Potion"}],"is_trial":false,"path_per_floor":["M","M","M","M","M","R","M","E","T","R","M","E","R","M","R","B",null,"M","M","?","T","M","E"],"character_chosen":"DEFECT","items_purchased":[],"campfire_rested":0,"item_purchase_floors":[],"current_hp_per_floor":[60,59,59,59,59,59,59,59,59,59,59,50,50,50,50,8,50,29,20,20,20,20,0],"gold":435,"neow_bonus":"THREE_RARE_CARDS","is_prod":false,"is_daily":false,"chose_seed":false,"campfire_upgraded":4,"win_rate":0,"timestamp":1569316444,"path_taken":["M","M","M","M","M","R","M","E","T","R","M","E","R","M","R","BOSS","M","M","?","?","M","E"],"build_version":"2019-07-17","purchased_purges":0,"victory":false,"max_hp_per_floor":[64,64,64,64,64,64,64,64,64,64,64,64,64,64,64,64,64,64,64,64,64,64,64],"card_choices":[{"not_picked":["Rainbow","Meteor Strike"],"picked":"Seek","floor":0.0},{"not_picked":["Redo","Beam Cell","Streamline"],"picked":"SKIP","floor":1.0},{"not_picked":["Barrage","Redo","Sweeping Beam"],"picked":"SKIP","floor":2.0},{"not_picked":["Sweeping Beam","Stack"],"picked":"Glacier","floor":3.0},{"not_picked":["Stack","Melter","Redo"],"picked":"SKIP","floor":4.0},{"not_picked":["Amplify","Coolheaded"],"picked":"Sunder","floor":5.0},{"not_picked":["Steam","Go for the Eyes"],"picked":"Cold Snap","floor":7.0},{"not_picked":["Barrage","Double Energy","Gash"],"picked":"SKIP","floor":8.0},{"not_picked":["Turbo","Hologram"],"picked":"Cold Snap","floor":11.0},{"not_picked":["BootSequence","Cold Snap"],"picked":"Undo","floor":12.0},{"not_picked":["Steam","Glacier"],"picked":"Genetic Algorithm","floor":14.0},{"not_picked":["Reprogram","Ball Lightning","Beam Cell"],"picked":"SKIP","floor":18.0},{"not_picked":["Steam+1","Sweeping Beam","Compile Driver"],"picked":"SKIP","floor":19.0},{"not_picked":["Compile Driver","Beam Cell","Reprogram"],"picked":"SKIP","floor":22}],"player_experience":376990,"relics_obtained":[{"floor":8.0,"key":"Symbiotic Virus"},{"floor":9.0,"key":"Potion Belt"},{"floor":12.0,"key":"Gremlin Horn"},{"floor":21,"key":"Anchor"}],"event_choices":[{"damage_healed":0,"gold_gain":0,"player_choice":"Inject Mutagens","damage_taken":0,"relics_obtained":["MutagenicStrength"],"max_hp_gain":0,"max_hp_loss":0,"event_name":"Drug Dealer","floor":20,"gold_loss":0}],"is_beta":false,"boss_relics":[{"not_picked":["Calling Bell","Runic Pyramid"],"picked":"FrozenCore"}],"items_purged_floors":[],"is_endless":false,"potions_floor_spawned":[3,4,5,8,12,19],"killed_by":"Gremlin Leader","ascension_level":15}