{"gold_per_floor":[116,131,131,146,160,160,192,30,77,103,123,149,149,161,161,238,238,248,262,262,276,287,287,320,332,397,439,463,494,540,572,584,675,687,711,331,331,331,341,341,341,372,421,432,462,252,275,285,285,285,285],"floor_reached":52,"playtime":2296,"items_purged":["Strike_R","Strike_R"],"score":2117,"play_id":"91008ebf-1fc5-47ac-847c-05d52d3b6644","local_time":"20190917225009","is_ascension_mode":true,"campfire_choices":[{"data":"Bludgeon","floor":6.0,"key":"SMITH"},{"data":"Feel No Pain","floor":13.0,"key":"SMITH"},{"data":"Evolve","floor":15.0,"key":"SMITH"},{"data":"Immolate","floor":23.0,"key":"SMITH"},{"floor":25.0,"key":"REST"},{"floor":32,"key":"REST"},{"data":"Juggernaut","floor":40,"key":"SMITH"},{"data":"Second Wind","floor":49,"key":"SMITH"}],"neow_cost":"NONE","seed_source_timestamp":79385178129500,"circlet_count":0,"master_deck":["AscendersBane","Strike_R","Defend_R","Defend_R","Defend_R","Defend_R","Bash","Second Wind","Bludgeon+1","Immolate+1","Evolve+1","Seeing Red","Anger","Feel No Pain+1","Corruption+1","Shrug It Off","Immolate","Feel No Pain+1","Sentinel","Power Through","Wild Strike","Impervious","Second Wind+1","Juggernaut+1","Battle Trance","Uppercut+1","Barricade","Battle Trance+1","Master of Strategy","Shrug It Off","Seeing Red","Power Through","Body Slam","Feel No Pain+1"],"special_seed":0,"relics":["Burning Blood","Orichalcum","Question Card","PreservedInsect","Red Skull","Centennial Puzzle","Snecko Eye","MawBank","Tiny Chest","Dodecahedron","Smiling Mask","Sozu","Shuriken","Art of War","Letter Opener","Strawberry","Potion Belt"],"potions_floor_usage":[41,51],"damage_taken":[{"damage":7.0,"enemies":"2 Louse","floor":1.0,"turns":2.0},{"damage":12.0,"enemies":"Jaw Worm","floor":2.0,"turns":5.0},{"damage":0.0,"enemies":"Cultist","floor":4.0,"turns":3.0},{"damage":6.0,"enemies":"Looter","floor":5.0,"turns":3.0},{"damage":18.0,"enemies":"3 Sentries","floor":7.0,"turns":6.0},{"damage":2.0,"enemies":"Gremlin Nob","floor":10.0,"turns":3.0},{"damage":4.0,"enemies":"3 Louse","floor":11.0,"turns":2.0},{"damage":14.0,"enemies":"Lagavulin","floor":12.0,"turns":4.0},{"damage":7.0,"enemies":"Blue Slaver","floor":14.0,"turns":2.0},{"damage":46.0,"enemies":"The Guardian","floor":16.0,"turns":10.0},{"damage":17.0,"enemies":"2 Thieves","floor":18.0,"turns":3.0},{"damage":12.0,"enemies":"Shell Parasite","floor":19.0,"turns":4.0},{"damage":0.0,"enemies":"Snecko","floor":21.0,"turns":4.0},{"damage":0.0,"enemies":"Sentry and Sphere","floor":22.0,"turns":5.0},{"damage":16.0,"enemies":"Slavers","floor":24.0,"turns":2.0},{"damage":14.0,"enemies":"Gremlin Leader","floor":27.0,"turns":8.0},{"damage":18,"enemies":"Centurion and Healer","floor":28,"turns":5},{"damage":0,"enemies":"Cultist and Chosen","floor":29,"turns":6},{"damage":7,"enemies":"Slavers","floor":30,"turns":5},{"damage":10,"enemies":"Snake Plant","floor":31,"turns":2},{"damage":15,"enemies":"Champ","floor":33,"turns":9},{"damage":9,"enemies":"3 Shapes","floor":35,"turns":1},{"damage":0,"enemies":"Orb Walker","floor":39,"turns":1},{"damage":5,"enemies":"Writhing Mass","floor":41,"turns":2},{"damage":0,"enemies":"Nemesis","floor":42,"turns":3},{"damage":0,"enemies":"Spire Growth","floor":44,"turns":3},{"damage":0,"enemies":"Reptomancer","floor":45,"turns":4},{"damage":3,"enemies":"3 Darklings","floor":48,"turns":4},{"damage":38,"enemies":"Time Eater","floor":50,"turns":8},{"damage":12,"enemies":"Awakened One","floor":51,"turns":6}],"seed_played":"2219993118543699282","potions_obtained":[{"floor":1.0,"key":"FearPotion"},{"floor":4.0,"key":"Explosive Potion"},{"floor":12.0,"key":"Energy Potion"},{"floor":16.0,"key":"EssenceOfSteel"},{"floor":29,"key":"SmokeBomb"}],"is_trial":false,"path_per_floor":["M","M","?","M","M","R","E","$","T","E","M","E","R","M","R","B",null,"M","M","?","M","M","R","E","R","T","E","M","M","E","M","R","B",null,"M","$","?","?","M","R","M","E","T","M","E","$","T","M","R","B","B",null],"character_chosen":"IRONCLAD","items_purchased":["Evolve","Seeing Red","Master of Strategy","Shrug It Off","Seeing Red","Strawberry"],"campfire_rested":2,"item_purchase_floors":[8,8,36,36,36,46],"current_hp_per_floor":[67,61,61,67,67,67,55,55,55,59,61,53,53,52,52,12,59,48,42,42,48,54,54,44,66,66,58,46,52,51,47,69,60,71,68,68,68,68,74,74,75,75,75,75,75,82,82,82,82,50,44],"gold":285,"neow_bonus":"RANDOM_COMMON_RELIC","is_prod":false,"is_daily":false,"chose_seed":false,"campfire_upgraded":6,"win_rate":0,"timestamp":1568785809,"path_taken":["M","M","?","M","M","R","E","$","T","E","M","E","R","M","R","BOSS","M","M","?","M","?","R","E","R","T","E","M","M","E","M","R","BOSS","M","$","?","?","M","R","M","E","T","M","E","$","?","M","R","BOSS","BOSS"],"build_version":"2019-07-17","purchased_purges":2,"victory":true,"max_hp_per_floor":[75,75,75,75,75,75,75,75,75,75,75,75,75,75,75,75,75,75,75,75,75,75,75,75,75,75,75,75,75,75,75,75,75,75,75,75,75,75,75,75,75,75,75,75,75,82,82,82,82,82,82],"card_choices":[{"not_picked":["Twin Strike","Heavy Blade","Sentinel"],"picked":"SKIP","floor":1.0},{"not_picked":["Warcry","True Grit"],"picked":"Second Wind","floor":2.0},{"not_picked":["Whirlwind","Cleave"],"picked":"Immolate","floor":4.0},{"not_picked":["Thunderclap","Whirlwind","Rupture"],"picked":"SKIP","floor":5.0},{"not_picked":["Carnage","Clash","Perfected Strike"],"picked":"SKIP","floor":7.0},{"not_picked":["Rupture","Exhume","True Grit"],"picked":"Anger","floor":10.0},{"not_picked":["Rage","Iron Wave","Body Slam"],"picked":"Feel No Pain","floor":11.0},{"not_picked":["Thunderclap","Hemokinesis","Warcry"],"picked":"Corruption","floor":12.0},{"not_picked":["Headbutt","True Grit","Armaments"],"picked":"Shrug It Off","floor":14.0},{"not_picked":["Demon Form","Exhume","Brutality"],"picked":"Immolate","floor":16.0},{"not_picked":["Evolve","Rupture","Pommel Strike+1"],"picked":"Feel No Pain+1","floor":18.0},{"not_picked":["Cleave","Twin Strike","Sword Boomerang","Thunderclap"],"picked":"SKIP","floor":19.0},{"not_picked":["Pommel Strike","Burning Pact","Armaments"],"picked":"Sentinel","floor":21.0},{"not_picked":["Blood for Blood","Dual Wield","Clash"],"picked":"Power Through","floor":22.0},{"not_picked":["Double Tap","Searing Blow","Thunderclap"],"picked":"Wild Strike","floor":24.0},{"not_picked":["Seeing Red","Berserk","Flex"],"picked":"Impervious","floor":27.0},{"not_picked":["Heavy Blade","Perfected Strike","Twin Strike"],"picked":"Second Wind","floor":28},{"not_picked":["Thunderclap","Body Slam","Heavy Blade"],"picked":"Juggernaut","floor":29},{"not_picked":["Hemokinesis","Searing Blow","Reckless Charge"],"picked":"Battle Trance","floor":30},{"not_picked":["Iron Wave","Headbutt","Cleave"],"picked":"Uppercut+1","floor":31},{"not_picked":["Juggernaut","Limit Break","Demon Form"],"picked":"Barricade","floor":33},{"not_picked":["Searing Blow","Rampage","Shrug It Off+1"],"picked":"Battle Trance+1","floor":35},{"not_picked":["Shrug It Off","Twin Strike","Shockwave+1"],"picked":"Power Through","floor":39},{"not_picked":["Heavy Blade","Sentinel+1","Blood for Blood"],"picked":"Body Slam","floor":42},{"not_picked":["Cleave","Twin Strike","Fire Breathing","Sword Boomerang"],"picked":"SKIP","floor":44},{"not_picked":["Evolve","Clash","Armaments","Shockwave+1"],"picked":"SKIP","floor":45},{"not_picked":["Clothesline+1","Clash+1","Carnage+1"],"picked":"Feel No Pain+1","floor":48}],"player_experience":831608,"relics_obtained":[{"floor":7.0,"key":"Question Card"},{"floor":9.0,"key":"PreservedInsect"},{"floor":10.0,"key":"Red Skull"},{"floor":12.0,"key":"Centennial Puzzle"},{"floor":24.0,"key":"MawBank"},{"floor":26.0,"key":"Tiny Chest"},{"floor":27.0,"key":"Dodecahedron"},{"floor":30,"key":"Smiling Mask"},{"floor":42,"key":"Shuriken"},{"floor":43,"key":"Art of War"},{"floor":45,"key":"Letter Opener"},{"floor":47,"key":"Potion Belt"}],"event_choices":[{"damage_healed":0.0,"max_hp_gain":0.0,"max_hp_loss":0.0,"gold_gain":0.0,"cards_transformed":["Strike_R"],"event_name":"Living Wall","player_choice":"Change","floor":3.0,"gold_loss":0.0,"damage_taken":0.0,"cards_obtained":["Bludgeon"]},{"damage_healed":0.0,"max_hp_gain":0.0,"max_hp_loss":0.0,"gold_gain":0.0,"event_name":"Upgrade Shrine","player_choice":"Upgraded","floor":20.0,"gold_loss":0.0,"damage_taken":0.0,"cards_upgraded":["Corruption"]},{"cards_removed":["Strike_R"],"damage_healed":0,"gold_gain":0,"player_choice":"Removed Attack","damage_taken":0,"max_hp_gain":0,"max_hp_loss":0,"event_name":"Falling","floor":37,"gold_loss":0},{"damage_healed":0,"gold_gain":0,"player_choice":"Ignored","damage_taken":0,"max_hp_gain":0,"max_hp_loss":0,"event_name":"Tomb of Lord Red Mask","floor":38,"gold_loss":0}],"is_beta":false,"boss_relics":[{"not_picked":["Pandora\u0027s Box","Fusion Hammer"],"picked":"Snecko Eye"},{"not_picked":["Lizard Tail","Orrery"],"picked":"Sozu"}],"items_purged_floors":[36,46],"is_endless":false,"potions_floor_spawned":[1,4,10,12,14,16,18,19,22,29,39,41],"ascension_level":20}