{"path_per_floor":["M","M","$","?","M","E","M","$","T","M","M","M","M","M","R","B",null,"M","$","M","M","$"],"character_chosen":"IRONCLAD","items_purchased":["Fire Breathing","Perfected Strike","Iron Wave","Jack Of All Trades","Inflame","Disarm","Sword Boomerang"],"gold_per_floor":[114,129,15,15,30,60,75,22,22,37,52,67,82,97,97,197,197,212,4,19,34,9,9],"floor_reached":23,"campfire_rested":0,"playtime":3837,"current_hp_per_floor":[78,77,76,85,84,83,82,81,80,79,78,61,62,68,68,59,72,54,54,38,34,34,0],"items_purged":[],"gold":9,"score":349,"play_id":"b99eba1d-ce53-4f74-b63a-7b99ba3923e9","local_time":"20180524163523","daily_mods":["Allstar","Terminal","Hoarder"],"is_prod":false,"is_daily":true,"chose_seed":false,"is_ascension_mode":false,"campfire_upgraded":1,"timestamp":1527194123,"campfire_choices":[{"data":"Perfected Strike","floor":15,"key":"SMITH"}],"path_taken":["M","?","$","?","M","E","M","$","T","M","M","M","?","M","R","BOSS","M","$","M","M","$","E"],"build_version":"2018-05-17","seed_source_timestamp":0,"purchased_purges":0,"victory":false,"master_deck":["Strike_R","Strike_R","Strike_R","Strike_R","Strike_R","Defend_R","Defend_R","Defend_R","Defend_R","Bash","Sadistic Nature","Sadistic Nature","Sadistic Nature","Thinking Ahead","Thinking Ahead","Thinking Ahead","Panache","Panache","Panache","Thinking Ahead","Thinking Ahead","Sadistic Nature","Sadistic Nature","Sadistic Nature","Metallicize","Metallicize","Metallicize","Shrug It Off","Shrug It Off","Shrug It Off","Fire Breathing","Fire Breathing","Fire Breathing","Perfected Strike","Perfected Strike","Perfected Strike+1","Wild Strike","Wild Strike","Wild Strike","Twin Strike","Twin Strike","Twin Strike","Entrench","Entrench","Entrench","Iron Wave","Iron Wave","Iron Wave","Flex","Flex","Flex","Uppercut","Uppercut","Uppercut","Twin Strike","Twin Strike","Twin Strike","Shrug It Off","Shrug It Off","Shrug It Off","Thunderclap","Thunderclap","Thunderclap","Barricade","Barricade","Barricade","Armaments+1","Armaments+1","Armaments+1","Jack Of All Trades","Jack Of All Trades","Jack Of All Trades","Inflame","Inflame","Inflame","Disarm","Disarm","Disarm","Headbutt","Headbutt","Headbutt","Cleave+1","Cleave+1","Cleave+1","Sword Boomerang","Sword Boomerang","Sword Boomerang"],"max_hp_per_floor":[78,77,76,85,84,83,82,81,80,79,78,77,76,75,74,73,72,71,70,69,68,67,67],"relics":["Burning Blood","Gambling Chip","Vajra","Eternal Feather"],"card_choices":[{"not_picked":["Wild Strike","Clash"],"picked":"Metallicize","floor":1},{"not_picked":["Anger","Twin Strike"],"picked":"Shrug It Off","floor":2},{"not_picked":["Rupture","Whirlwind"],"picked":"Wild Strike","floor":5},{"not_picked":["Shrug It Off","Clash"],"picked":"Twin Strike","floor":6},{"not_picked":["Clothesline","Warcry"],"picked":"Entrench","floor":7},{"not_picked":["Heavy Blade","Brutality"],"picked":"Flex","floor":10},{"not_picked":["Bloodletting","Heavy Blade"],"picked":"Uppercut","floor":11},{"not_picked":["Anger","True Grit"],"picked":"Twin Strike","floor":12},{"not_picked":["Flex","Brutality"],"picked":"Shrug It Off","floor":13},{"not_picked":["Hemokinesis","Pommel Strike"],"picked":"Thunderclap","floor":14},{"not_picked":["Offering","Reaper"],"picked":"Barricade","floor":16},{"not_picked":["Heavy Blade","Warcry+1"],"picked":"Armaments+1","floor":18},{"not_picked":["Flex+1","Bloodletting"],"picked":"Headbutt","floor":20},{"not_picked":["Sever Soul","Thunderclap"],"picked":"Cleave+1","floor":21}],"player_experience":73959,"potions_floor_usage":[6,16,16,16,21],"damage_taken":[{"damage":1,"enemies":"Cultist","floor":1,"turns":3},{"damage":1,"enemies":"Jaw Worm","floor":2,"turns":4},{"damage":0,"enemies":"Small Slimes","floor":5,"turns":2},{"damage":2,"enemies":"Gremlin Nob","floor":6,"turns":4},{"damage":4,"enemies":"Blue Slaver","floor":7,"turns":4},{"damage":0,"enemies":"Exordium Thugs","floor":10,"turns":4},{"damage":0,"enemies":"2 Fungi Beasts","floor":11,"turns":3},{"damage":23,"enemies":"Gremlin Gang","floor":12,"turns":5},{"damage":5,"enemies":"Red Slaver","floor":13,"turns":2},{"damage":0,"enemies":"2 Fungi Beasts","floor":14,"turns":4},{"damage":15,"enemies":"The Guardian","floor":16,"turns":7},{"damage":24,"enemies":"Spheric Guardian","floor":18,"turns":8},{"damage":22,"enemies":"3 Byrds","floor":20,"turns":4},{"damage":10,"enemies":"Snake Plant","floor":21,"turns":5},{"damage":35,"enemies":"Book of Stabbing","floor":23,"turns":5}],"relics_obtained":[{"floor":6,"key":"Gambling Chip"},{"floor":9,"key":"Vajra"}],"event_choices":[{"event_name":"Bonfire Elementals","player_choice":"RARE","floor":4,"damage_taken":0}],"boss_relics":[{"not_picked":["Black Star","Cursed Key"],"picked":"Eternal Feather"}],"potions_floor_spawned":[1,6,7,11,18],"seed_played":"-3551877995311688955","killed_by":"Book of Stabbing","ascension_level":0,"potions_obtained":[{"floor":1,"key":"FearPotion"},{"floor":6,"key":"Dexterity Potion"},{"floor":7,"key":"Weak Potion"},{"floor":11,"key":"Block Potion"},{"floor":18,"key":"Block Potion"}],"is_trial":false}