{"gold_per_floor":[112,112,112,53,53,53,87,120,170,206,229,8,26,50,50,148,148,169,189,189,34,34],"floor_reached":22,"playtime":754,"items_purged":[],"score":384,"play_id":"bb71c828-cbe4-4cfd-ada4-d9157ef75b3e","local_time":"20190921103929","is_ascension_mode":true,"campfire_choices":[{"floor":6,"key":"REST"},{"data":"Shockwave","floor":15,"key":"SMITH"}],"neow_cost":"PERCENT_DAMAGE","seed_source_timestamp":382808532497700,"circlet_count":0,"master_deck":["AscendersBane","Strike_R+1","Strike_R","Defend_R","Defend_R","Defend_R","Defend_R+1","Bash","Immolate+1","Headbutt","Shrug It Off","Flame Barrier","Feed","Discovery","Evolve","Shockwave+1","Shrug It Off","Demon Form","Second Wind+1","Ghostly Armor","Feel No Pain","Shrug It Off","True Grit"],"relics":["Burning Blood","Golden Idol","Odd Mushroom","PreservedInsect","Strawberry","Blue Candle","Empty Cage"],"potions_floor_usage":[16,19,22],"damage_taken":[{"damage":0,"enemies":"Small Slimes","floor":1,"turns":2},{"damage":0,"enemies":"The Mushroom Lair","floor":7,"turns":1},{"damage":10,"enemies":"3 Sentries","floor":8,"turns":3},{"damage":8,"enemies":"Gremlin Nob","floor":10,"turns":3},{"damage":2,"enemies":"Jaw Worm","floor":11,"turns":2},{"damage":0,"enemies":"2 Louse","floor":13,"turns":1},{"damage":12,"enemies":"Lots of Slimes","floor":14,"turns":4},{"damage":57,"enemies":"The Guardian","floor":16,"turns":15},{"damage":16,"enemies":"2 Thieves","floor":18,"turns":2},{"damage":20,"enemies":"Spheric Guardian","floor":19,"turns":7},{"damage":62,"enemies":"Centurion and Healer","floor":22,"turns":11}],"seed_played":"8881860409661068764","potions_obtained":[{"floor":8,"key":"Regen Potion"},{"floor":10,"key":"Energy Potion"},{"floor":11,"key":"LiquidBronze"},{"floor":18,"key":"SpeedPotion"}],"is_trial":false,"path_per_floor":["M","?","?","$","?","R","?","E","T","E","M","$","M","M","R","B",null,"M","M","?","$","M"],"character_chosen":"IRONCLAD","items_purchased":["Headbutt","Discovery","Evolve","Shockwave","Feel No Pain","Shrug It Off","True Grit"],"campfire_rested":1,"item_purchase_floors":[4,12,12,12,21,21,21],"current_hp_per_floor":[56,56,36,36,36,56,62,58,65,63,67,67,73,70,70,19,63,56,45,45,45,0],"gold":34,"neow_bonus":"THREE_RARE_CARDS","is_prod":false,"is_daily":false,"chose_seed":false,"campfire_upgraded":1,"win_rate":0,"timestamp":1569087569,"path_taken":["M","?","?","$","?","R","?","E","T","E","M","?","M","?","R","BOSS","M","?","?","$","M"],"build_version":"2019-09-20","purchased_purges":0,"victory":false,"max_hp_per_floor":[75,68,68,68,68,68,68,68,75,75,75,75,75,78,78,78,78,81,84,84,84,84],"card_choices":[{"not_picked":["Double Tap","Bludgeon"],"picked":"Immolate","floor":0},{"not_picked":["Iron Wave","Twin Strike","Warcry"],"picked":"SKIP","floor":1},{"not_picked":["Clash","Iron Wave"],"picked":"Shrug It Off","floor":8},{"not_picked":["Body Slam","Whirlwind"],"picked":"Flame Barrier","floor":10},{"not_picked":["Sentinel","Entrench"],"picked":"Feed","floor":11},{"not_picked":["Sever Soul","Rupture","Twin Strike"],"picked":"SKIP","floor":13},{"not_picked":["Hemokinesis","Sentinel"],"picked":"Shrug It Off","floor":14},{"not_picked":["Reaper","Dark Embrace"],"picked":"Demon Form","floor":16},{"not_picked":["Flex","Wild Strike"],"picked":"Second Wind+1","floor":18},{"not_picked":["Iron Wave","Spot Weakness"],"picked":"Ghostly Armor","floor":19}],"player_experience":910117,"relics_obtained":[{"floor":7,"key":"Odd Mushroom"},{"floor":8,"key":"PreservedInsect"},{"floor":9,"key":"Strawberry"},{"floor":10,"key":"Blue Candle"}],"event_choices":[{"damage_healed":0,"gold_gain":0,"player_choice":"Lose Max HP","damage_taken":0,"relics_obtained":["Golden Idol"],"max_hp_gain":0,"max_hp_loss":7,"event_name":"Golden Idol","floor":2,"gold_loss":0},{"damage_healed":0,"gold_gain":0,"player_choice":"Entered Light","damage_taken":20,"max_hp_gain":0,"max_hp_loss":0,"event_name":"Shining Light","floor":3,"gold_loss":0,"cards_upgraded":["Defend_R","Strike_R"]},{"damage_healed":0,"gold_gain":0,"player_choice":"Grow","damage_taken":0,"max_hp_gain":0,"max_hp_loss":0,"event_name":"Living Wall","floor":5,"gold_loss":0,"cards_upgraded":["Immolate"]},{"damage_healed":0,"gold_gain":0,"player_choice":"Fought Mushrooms","damage_taken":0,"max_hp_gain":0,"max_hp_loss":0,"event_name":"Mushrooms","floor":7,"gold_loss":0},{"cards_removed":["Strike_R"],"damage_healed":0,"gold_gain":0,"player_choice":"Card Removal","damage_taken":0,"max_hp_gain":0,"max_hp_loss":0,"event_name":"Wheel of Change","floor":20,"gold_loss":0}],"is_beta":true,"boss_relics":[{"not_picked":["Philosopher\u0027s Stone","SacredBark"],"picked":"Empty Cage"}],"items_purged_floors":[],"is_endless":false,"potions_floor_spawned":[8,10,11,13,18],"killed_by":"Centurion and Healer","ascension_level":20}