{"gold_per_floor":[114,129,144,5,5,55,55,70,70,85,260,335,15,45,45,45],"floor_reached":16,"playtime":1123,"items_purged":[],"score":175,"play_id":"a7db9676-379e-4d83-8dcd-a029e3ef45af","local_time":"20180703162057","daily_mods":["Specialized","Lethality","Hoarder"],"is_ascension_mode":false,"campfire_choices":[{"floor":15,"key":"REST"}],"neow_cost":"","seed_source_timestamp":1600012436013,"circlet_count":0,"master_deck":["Defend_G","Defend_G","Defend_G","Defend_G","Defend_G","Strike_G","Strike_G+1","Strike_G","Strike_G","Strike_G","Survivor","Neutralize","Phantasmal Killer","Phantasmal Killer","Phantasmal Killer","Phantasmal Killer","Phantasmal Killer","Phantasmal Killer","Phantasmal Killer","Phantasmal Killer","Phantasmal Killer","Phantasmal Killer","Phantasmal Killer","Phantasmal Killer","Phantasmal Killer","Phantasmal Killer","Slice","Slice","Slice","Dagger Spray","Dagger Spray","Dagger Spray","Terror","Terror","Terror","Caltrops","Caltrops","Caltrops","Dodge and Roll","Dodge and Roll","Dodge and Roll","Quick Slash+1","Quick Slash","Quick Slash","Distraction","Distraction","Distraction","Infinite Blades","Infinite Blades","Infinite Blades","Prepared","Prepared","Prepared","Doubt","Doubt","Doubt","Leg Sweep","Leg Sweep","Leg Sweep"],"special_seed":17715,"relics":["Ring of the Snake","Whetstone","Paper Crane","Tiny Chest","Strange Spoon","Snake Skull"],"potions_floor_usage":[8,8,14,16],"damage_taken":[{"damage":8,"enemies":"Small Slimes","floor":1,"turns":4},{"damage":1,"enemies":"Cultist","floor":2,"turns":3},{"damage":6,"enemies":"Jaw Worm","floor":3,"turns":2},{"damage":8,"enemies":"Large Slime","floor":8,"turns":4},{"damage":16,"enemies":"2 Fungi Beasts","floor":10,"turns":3},{"damage":16,"enemies":"Lagavulin","floor":14,"turns":5},{"damage":39,"enemies":"The Guardian","floor":16,"turns":8}],"seed_played":"-5295216616361332357","potions_obtained":[{"floor":2,"key":"Regen Potion"},{"floor":3,"key":"Block Potion"},{"floor":8,"key":"Poison Potion"},{"floor":10,"key":"SkillPotion"}],"is_trial":false,"path_per_floor":["M","M","M","$","?","T","?","M","T","M","?","?","$","E","R"],"character_chosen":"THE_SILENT","items_purchased":["Caltrops","Dodge and Roll","Quick Slash","Tiny Chest","Strange Spoon"],"campfire_rested":1,"item_purchase_floors":[4,4,4,13,13],"current_hp_per_floor":[62,61,55,55,55,55,55,59,59,43,43,32,32,16,37,0],"gold":45,"neow_bonus":"","is_prod":false,"is_daily":true,"chose_seed":true,"campfire_upgraded":0,"win_rate":0,"timestamp":1530649257,"path_taken":["M","M","M","$","?","?","?","?","T","M","?","?","$","E","R","BOSS"],"build_version":"2018-06-28","purchased_purges":0,"victory":false,"max_hp_per_floor":[70,70,70,70,70,70,70,70,70,70,70,70,70,70,70,70],"card_choices":[{"not_picked":["Endless Agony","Backflip"],"picked":"Slice","floor":1},{"not_picked":["Sucker Punch","Dash"],"picked":"Dagger Spray","floor":2},{"not_picked":["Grand Finale","Endless Agony"],"picked":"Terror","floor":3},{"not_picked":["Sucker Punch","Outmaneuver"],"picked":"Infinite Blades","floor":8},{"not_picked":["Deadly Poison","Dagger Spray"],"picked":"Prepared","floor":10},{"not_picked":["Flying Knee","Riddle With Holes"],"picked":"Leg Sweep","floor":14}],"player_experience":250008,"relics_obtained":[{"floor":6,"key":"Whetstone"},{"floor":9,"key":"Paper Crane"},{"floor":14,"key":"Snake Skull"}],"event_choices":[{"event_name":"The Cleric","player_choice":"Leave","floor":5,"damage_taken":0},{"event_name":"Living Wall","player_choice":"Change","floor":7,"damage_taken":0},{"event_name":"Liars Game","player_choice":"agreed","floor":11,"damage_taken":0},{"event_name":"World of Goop","player_choice":"Gather Gold","floor":12,"damage_taken":0}],"boss_relics":[],"items_purged_floors":[],"is_endless":false,"potions_floor_spawned":[2,3,8,10],"killed_by":"The Guardian","ascension_level":0}