{"path_per_floor":["M","M","M","M","?","R","?","R","T","M","E","M","$","?","R"],"character_chosen":"THE_SILENT","items_purchased":["Mercury Hourglass","Vajra"],"gold_per_floor":[114,129,144,159,159,159,334,334,359,378,416,435,35,35,35,35],"floor_reached":16,"campfire_rested":0,"playtime":5213,"current_hp_per_floor":[66,66,66,66,66,66,66,66,66,56,43,32,32,32,32,0],"items_purged":[],"gold":35,"score":126,"play_id":"5f31a1da-30d5-4367-8773-e38ec6616ce0","local_time":"20180521163501","daily_mods":["Specialized","Uncertain Future","Night Terrors"],"is_prod":false,"is_daily":true,"chose_seed":false,"is_ascension_mode":false,"campfire_upgraded":3,"timestamp":1526934901,"campfire_choices":[{"data":"Blur","floor":6,"key":"SMITH"},{"data":"Infinite Blades","floor":8,"key":"SMITH"},{"data":"Backstab","floor":15,"key":"SMITH"}],"path_taken":["M","M","M","M","?","R","?","R","T","M","E","M","$","?","R","BOSS"],"build_version":"2018-05-17","seed_source_timestamp":0,"purchased_purges":0,"victory":false,"master_deck":["Defend_G","Defend_G","Defend_G","Defend_G","Defend_G","Strike_G","Strike_G","Strike_G","Strike_G","Strike_G","Survivor","Neutralize","Bullet Time","Bullet Time","Bullet Time","Bullet Time","Bullet Time","Blur+1","Backstab+1","Expertise","Infinite Blades+1","Injury","Poisoned Stab","Outmaneuver","Dodge and Roll"],"max_hp_per_floor":[70,70,70,70,70,70,70,70,70,70,70,70,70,70,70,70],"relics":["Ring of the Snake","Golden Idol","Potion Belt","Tough Bandages","Mercury Hourglass","Vajra","Spirit Poop"],"card_choices":[{"not_picked":["Accuracy","Poisoned Stab"],"picked":"Blur","floor":1},{"not_picked":["Outmaneuver","Underhanded Strike"],"picked":"Backstab","floor":2},{"not_picked":["Acrobatics","Concentrate"],"picked":"Expertise","floor":3},{"not_picked":["Dagger Throw","PiercingWail"],"picked":"Infinite Blades","floor":4},{"not_picked":["Eviscerate","Heel Hook"],"picked":"Poisoned Stab","floor":10},{"not_picked":["PiercingWail","Well Laid Plans"],"picked":"Outmaneuver","floor":11},{"not_picked":["Deadly Poison","Flying Knee"],"picked":"Dodge and Roll","floor":12}],"player_experience":27964,"potions_floor_usage":[11],"damage_taken":[{"damage":4,"enemies":"Jaw Worm","floor":1,"turns":6},{"damage":0,"enemies":"2 Louse","floor":2,"turns":4},{"damage":0,"enemies":"Small Slimes","floor":3,"turns":4},{"damage":0,"enemies":"Blue Slaver","floor":4,"turns":5},{"damage":10,"enemies":"2 Fungi Beasts","floor":10,"turns":4},{"damage":13,"enemies":"Gremlin Nob","floor":11,"turns":4},{"damage":11,"enemies":"Gremlin Gang","floor":12,"turns":6},{"damage":39,"enemies":"Slime Boss","floor":16,"turns":12}],"relics_obtained":[{"floor":9,"key":"Potion Belt"},{"floor":11,"key":"Tough Bandages"}],"event_choices":[{"event_name":"Golden Idol","player_choice":"Take Wound","floor":5,"damage_taken":0},{"event_name":"Liars Game","player_choice":"agreed","floor":7,"damage_taken":0},{"event_name":"Bonfire Elementals","player_choice":"CURSE","floor":14,"damage_taken":0}],"boss_relics":[],"potions_floor_spawned":[1,3,11,12],"seed_played":"5168820765892798264","killed_by":"Slime Boss","ascension_level":0,"potions_obtained":[{"floor":1,"key":"Block Potion"},{"floor":3,"key":"Fire Potion"},{"floor":11,"key":"Dexterity Potion"},{"floor":12,"key":"AttackPotion"}],"is_trial":false}