{"gold_per_floor":[117,117,135,154,167,167,167,199,247,247,247,63,63,107,107,230,230,268,193,193,209,209,238,238,26,50,50,50,50,94,94,94,94],"floor_reached":33,"playtime":3099,"items_purged":["Strike_B"],"score":457,"play_id":"bad99607-d723-422f-9e1a-908b89e66d25","local_time":"20190924065940","is_ascension_mode":true,"campfire_choices":[{"data":"Conserve Battery","floor":7.0,"key":"SMITH"},{"floor":11.0,"key":"REST"},{"data":"HandOfGreed","floor":13.0,"key":"SMITH"},{"data":"Skim","floor":15.0,"key":"SMITH"},{"floor":24.0,"key":"REST"},{"data":"Genetic Algorithm","floor":27.0,"key":"SMITH"},{"data":"Recycle","floor":29.0,"key":"SMITH"},{"floor":32,"key":"REST"}],"neow_cost":"NONE","seed_source_timestamp":1324099351240869,"circlet_count":0,"master_deck":["AscendersBane","Strike_B","Strike_B","Defend_B","Defend_B+1","Defend_B","Zap","Dualcast","Gash","Skim+1","Conserve Battery+1","Rebound","Genetic Algorithm","HandOfGreed+1","Undo+1","Echo Form","Recycle+1","All For One","Genetic Algorithm+1","Steam","Ghostly","Ghostly","Ghostly"],"special_seed":0,"relics":["Cracked Core","Gremlin Horn","Boot","Orichalcum","Black Star","War Paint","Juzu Bracelet","Happy Flower"],"potions_floor_usage":[33],"damage_taken":[{"damage":2.0,"enemies":"Jaw Worm","floor":1.0,"turns":3.0},{"damage":4.0,"enemies":"Small Slimes","floor":3.0,"turns":3.0},{"damage":2.0,"enemies":"2 Louse","floor":4.0,"turns":2.0},{"damage":1.0,"enemies":"Exordium Wildlife","floor":5.0,"turns":4.0},{"damage":43.0,"enemies":"Gremlin Nob","floor":8.0,"turns":5.0},{"damage":1.0,"enemies":"Looter","floor":14.0,"turns":3.0},{"damage":35.0,"enemies":"Slime Boss","floor":16.0,"turns":12.0},{"damage":12.0,"enemies":"Shell Parasite","floor":18.0,"turns":9.0},{"damage":0.0,"enemies":"Chosen","floor":21.0,"turns":6.0},{"damage":29.0,"enemies":"Book of Stabbing","floor":23.0,"turns":7.0},{"damage":18,"enemies":"Snake Plant","floor":30,"turns":4},{"damage":47,"enemies":"Champ","floor":33,"turns":14}],"seed_played":"1797082674736599932","potions_obtained":[{"floor":4.0,"key":"Energy Potion"},{"floor":5.0,"key":"EntropicBrew"},{"floor":8.0,"key":"Regen Potion"},{"floor":18.0,"key":"Dexterity Potion"},{"floor":23.0,"key":"Explosive Potion"}],"is_trial":false,"path_per_floor":["M","?","M","M","M","?","R","E","T","?","R","$","R","M","R","B",null,"M","$","?","M","?","E","R","$","T","R","$","R","M","?","R","B"],"character_chosen":"DEFECT","items_purchased":["HandOfGreed","All For One","Genetic Algorithm"],"campfire_rested":3,"item_purchase_floors":[12,25,25],"current_hp_per_floor":[69,69,65,63,62,51,51,8,8,1,24,24,24,23,23,3,59,47,47,47,47,47,18,41,41,41,41,41,41,23,23,34,0],"gold":94,"neow_bonus":"TEN_PERCENT_HP_BONUS","is_prod":false,"is_daily":false,"chose_seed":false,"campfire_upgraded":5,"win_rate":0,"timestamp":1569322780,"path_taken":["M","?","M","M","M","?","R","E","T","?","R","?","R","?","R","BOSS","M","$","?","M","?","E","R","?","T","R","$","R","M","?","R","BOSS"],"build_version":"2019-07-17","purchased_purges":1,"victory":false,"max_hp_per_floor":[78,78,78,78,78,78,78,78,78,78,78,78,78,78,78,78,78,78,78,78,78,78,78,78,78,78,78,78,78,78,39,39,39],"card_choices":[{"not_picked":["Go for the Eyes","Rebound"],"picked":"Gash","floor":1.0},{"not_picked":["Ball Lightning","Tempest"],"picked":"Skim","floor":3.0},{"not_picked":["Stack","Reboot"],"picked":"Conserve Battery","floor":4.0},{"not_picked":["Glacier","Reinforced Body"],"picked":"Rebound","floor":5.0},{"not_picked":["Barrage","Skim"],"picked":"Genetic Algorithm","floor":8.0},{"not_picked":["Fusion","Turbo"],"picked":"Undo","floor":14.0},{"not_picked":["Creative AI","Multi-Cast"],"picked":"Echo Form","floor":16.0},{"not_picked":["Redo","Ball Lightning"],"picked":"Recycle","floor":18.0},{"not_picked":["Cold Snap","Sweeping Beam","Sunder"],"picked":"SKIP","floor":21.0},{"not_picked":["Stack","Blizzard","Barrage"],"picked":"SKIP","floor":23.0},{"not_picked":["Barrage","Chaos"],"picked":"Steam","floor":30}],"player_experience":379940,"relics_obtained":[{"floor":8.0,"key":"Boot"},{"floor":9.0,"key":"Orichalcum"},{"floor":23.0,"key":"War Paint"},{"floor":23.0,"key":"Juzu Bracelet"},{"floor":26.0,"key":"Happy Flower"}],"event_choices":[{"damage_healed":0.0,"max_hp_gain":0.0,"max_hp_loss":0.0,"gold_gain":0.0,"event_name":"Liars Game","player_choice":"Ignored","floor":2.0,"gold_loss":0.0,"damage_taken":0.0},{"damage_healed":0.0,"max_hp_gain":0.0,"max_hp_loss":0.0,"gold_gain":0.0,"event_name":"Scrap Ooze","player_choice":"Success","floor":6.0,"gold_loss":0.0,"damage_taken":11.0,"relics_obtained":["Gremlin Horn"]},{"cards_removed":["Strike_B"],"damage_healed":0.0,"max_hp_gain":0.0,"max_hp_loss":0.0,"gold_gain":0.0,"event_name":"Golden Wing","player_choice":"Card Removal","floor":10.0,"gold_loss":0.0,"damage_taken":7.0},{"cards_removed":["Defend_B"],"damage_healed":0.0,"max_hp_gain":0.0,"max_hp_loss":0.0,"gold_gain":0.0,"event_name":"Back to Basics","player_choice":"Elegance","floor":20.0,"gold_loss":0.0,"damage_taken":0.0},{"damage_healed":0.0,"max_hp_gain":0.0,"max_hp_loss":0.0,"gold_gain":0.0,"event_name":"The Mausoleum","player_choice":"Ignored","floor":22.0,"gold_loss":0.0,"damage_taken":0.0},{"damage_healed":0,"gold_gain":0,"player_choice":"Became a Ghost","damage_taken":0,"max_hp_gain":0,"max_hp_loss":39,"event_name":"Ghosts","floor":31,"gold_loss":0,"cards_obtained":["Ghostly","Ghostly","Ghostly"]}],"is_beta":false,"boss_relics":[{"not_picked":["Empty Cage","Runic Pyramid"],"picked":"Black Star"}],"items_purged_floors":[19],"is_endless":false,"potions_floor_spawned":[4,5,8,18,23],"killed_by":"Champ","ascension_level":15}