{"gold_per_floor":[119,130,145,1,1,28,40,59,134,134,149,163,163,163,163,259,259,225,244,273,284,299,299,299],"floor_reached":24,"playtime":1881,"items_purged":[],"score":227,"play_id":"2019b7ca-d528-4b87-9846-73f0654233bd","local_time":"20180704013925","daily_mods":["Diverse","Heirloom","Allstar","Shiny","Uncertain Future","Vintage","Hoarder"],"is_ascension_mode":false,"campfire_choices":[{"data":"Echo Form","floor":10,"key":"SMITH"},{"data":"Wraith Form v2","floor":13,"key":"SMITH"},{"data":"Demon Form","floor":15,"key":"SMITH"},{"floor":23,"key":"REST"}],"neow_cost":"","seed_source_timestamp":0,"circlet_count":0,"master_deck":["Demon Form+1","Wraith Form v2+1","Echo Form+1","Swift Strike","Swift Strike","Swift Strike","Bandage Up","Bandage Up","Bandage Up","Jack Of All Trades","Jack Of All Trades","Jack Of All Trades","Flash of Steel","Flash of Steel","Flash of Steel","Enlightenment","Enlightenment","Enlightenment+1","Ball Lightning","Ball Lightning","Ball Lightning","Redo+1","Redo+1","Redo+1","Dash","Dash","Dash","Underhanded Strike","Underhanded Strike","Underhanded Strike","Creative AI+1","Creative AI+1","Creative AI+1","Gash+1","Gash+1","Gash+1"],"special_seed":17716,"relics":["Cracked Core","Gambling Chip","Bag of Marbles","Emotion Chip","Oddly Smooth Stone","Shuriken","Frozen Egg 2","Question Card","The Courier","Strawberry","Pantograph","Darkstone Periapt","Pandora\u0027s Box","Anchor","Gremlin Horn","Red Mask","Bottled Tornado","War Paint"],"potions_floor_usage":[7,16,16,18,21,24],"damage_taken":[{"damage":1,"enemies":"Jaw Worm","floor":1,"turns":3},{"damage":1,"enemies":"2 Louse","floor":2,"turns":2},{"damage":1,"enemies":"Cultist","floor":3,"turns":4},{"damage":1,"enemies":"Gremlin Nob","floor":6,"turns":4},{"damage":6,"enemies":"2 Fungi Beasts","floor":7,"turns":2},{"damage":11,"enemies":"Looter","floor":8,"turns":3},{"damage":0,"enemies":"3 Louse","floor":11,"turns":2},{"damage":0,"enemies":"Red Slaver","floor":12,"turns":2},{"damage":45,"enemies":"Hexaghost","floor":16,"turns":8},{"damage":51,"enemies":"2 Thieves","floor":18,"turns":5},{"damage":0,"enemies":"Chosen","floor":19,"turns":5},{"damage":46,"floor":20,"turns":5},{"damage":10,"enemies":"Sentry and Sphere","floor":21,"turns":3},{"damage":18,"enemies":"Snake Plant","floor":22,"turns":4},{"damage":34,"enemies":"Gremlin Leader","floor":24,"turns":2}],"seed_played":"-71874081359169380","potions_obtained":[{"floor":2,"key":"FearPotion"},{"floor":6,"key":"AttackPotion"},{"floor":11,"key":"AttackPotion"},{"floor":16,"key":"Swift Potion"},{"floor":19,"key":"FocusPotion"},{"floor":21,"key":"Energy Potion"}],"is_trial":true,"path_per_floor":["M","M","M","$","?","E","M","M","T","R","M","M","R","?","R","B",null,"M","M","?","M","M","R"],"character_chosen":"DEFECT","items_purchased":["Ball Lightning","Redo","Dash"],"campfire_rested":1,"item_purchase_floors":[4,4,4],"current_hp_per_floor":[75,75,74,74,59,66,72,72,72,72,82,82,82,82,82,45,82,43,55,21,19,5,29,0],"gold":299,"neow_bonus":"","is_prod":false,"is_daily":false,"chose_seed":false,"campfire_upgraded":3,"win_rate":0.0,"timestamp":1530682765,"path_taken":["M","M","M","$","?","E","M","M","T","R","M","?","R","?","R","BOSS","M","M","?","M","M","R","E"],"build_version":"2018-06-28","purchased_purges":0,"victory":false,"max_hp_per_floor":[75,75,75,75,75,75,75,75,75,75,82,82,82,82,82,82,82,82,82,82,82,82,82,82],"card_choices":[{"not_picked":["Steam","Headbutt"],"picked":"Underhanded Strike","floor":6},{"not_picked":["All For One","Rainbow","Multi-Cast"],"picked":"Creative AI+1","floor":16},{"not_picked":["Bane","Deflect+1","Exhume"],"picked":"Gash+1","floor":20}],"player_experience":257296,"relics_obtained":[{"floor":1,"key":"Bag of Marbles"},{"floor":2,"key":"Emotion Chip"},{"floor":3,"key":"Oddly Smooth Stone"},{"floor":6,"key":"Shuriken"},{"floor":7,"key":"Frozen Egg 2"},{"floor":8,"key":"Question Card"},{"floor":9,"key":"The Courier"},{"floor":11,"key":"Strawberry"},{"floor":12,"key":"Pantograph"},{"floor":16,"key":"Darkstone Periapt"},{"floor":18,"key":"Anchor"},{"floor":19,"key":"Gremlin Horn"},{"floor":20,"key":"Red Mask"},{"floor":21,"key":"Bottled Tornado"},{"floor":22,"key":"War Paint"}],"event_choices":[{"event_name":"Shining Light","player_choice":"Entered Light","floor":5,"damage_taken":0},{"event_name":"The Cleric","player_choice":"Leave","floor":14,"damage_taken":0},{"event_name":"Masked Bandits","player_choice":"Fought over 244 gold","floor":20,"damage_taken":0}],"boss_relics":[{"not_picked":["Runic Pyramid","Empty Cage"],"picked":"Pandora\u0027s Box"}],"items_purged_floors":[],"is_endless":false,"potions_floor_spawned":[2,6,11,16,19,21],"killed_by":"Gremlin Leader","ascension_level":0}