{"gold_per_floor":[118,118,92,109,109,109,124,124,151,161,161,161,14,14,14,14],"floor_reached":16,"playtime":469,"items_purged":["Strike_R"],"score":88,"play_id":"8f38351c-6978-4de3-abcf-ea49bd4b3e8b","local_time":"20190902232018","is_ascension_mode":false,"campfire_choices":[{"data":"Armaments","floor":6,"key":"SMITH"},{"data":"Limit Break","floor":11,"key":"SMITH"},{"floor":15,"key":"REST"}],"neow_cost":"NONE","seed_source_timestamp":899042205342900,"circlet_count":0,"master_deck":["Strike_R+1","Defend_R","Defend_R","Defend_R","Defend_R","Bash","Limit Break+1","Armaments+1","Twin Strike+1","Cleave","Clothesline","Whirlwind"],"relics":["Burning Blood","Juzu Bracelet","Golden Idol"],"potions_floor_usage":[],"damage_taken":[{"damage":18,"enemies":"Jaw Worm","floor":1,"turns":6},{"damage":7,"enemies":"2 Louse","floor":4,"turns":5},{"damage":0,"enemies":"Small Slimes","floor":7,"turns":3},{"damage":11,"enemies":"3 Louse","floor":10,"turns":3},{"damage":53,"enemies":"The Guardian","floor":16,"turns":8}],"seed_played":"7306313317980212169","potions_obtained":[{"floor":10,"key":"Swift Potion"}],"is_trial":false,"path_per_floor":["M","?","?","M","?","R","M","?","T","M","R","?","$","?","R","B"],"character_chosen":"IRONCLAD","items_purchased":["Whirlwind"],"campfire_rested":1,"item_purchase_floors":[13],"current_hp_per_floor":[68,68,68,67,60,60,66,66,66,61,61,45,45,25,49,0],"gold":14,"neow_bonus":"TRANSFORM_CARD","is_prod":false,"is_daily":false,"chose_seed":false,"campfire_upgraded":2,"win_rate":0.0,"timestamp":1567480818,"path_taken":["M","?","?","M","?","R","M","?","T","M","R","?","$","?","R","BOSS"],"build_version":"2019-07-17","purchased_purges":1,"victory":false,"max_hp_per_floor":[80,80,80,80,80,80,80,80,80,80,80,80,80,80,80,80],"card_choices":[{"not_picked":["Iron Wave","Flex"],"picked":"Armaments","floor":1},{"not_picked":["Clash","Exhume"],"picked":"Twin Strike","floor":4},{"not_picked":["Wild Strike","Havoc"],"picked":"Cleave","floor":7},{"not_picked":["Pummel","Twin Strike"],"picked":"Clothesline","floor":10}],"player_experience":32292,"relics_obtained":[{"floor":9,"key":"Juzu Bracelet"}],"event_choices":[{"cards_removed":["Strike_R"],"damage_healed":0,"gold_gain":0,"player_choice":"Forget","damage_taken":0,"max_hp_gain":0,"max_hp_loss":0,"event_name":"Living Wall","floor":2,"gold_loss":0},{"damage_healed":0,"gold_gain":0,"player_choice":"Left Gold","damage_taken":0,"max_hp_gain":0,"max_hp_loss":0,"event_name":"World of Goop","floor":3,"gold_loss":26},{"cards_removed":["Strike_R"],"damage_healed":0,"gold_gain":0,"player_choice":"Card Removal","damage_taken":7,"max_hp_gain":0,"max_hp_loss":0,"event_name":"Golden Wing","floor":5,"gold_loss":0},{"damage_healed":0,"gold_gain":0,"player_choice":"Ignored","damage_taken":0,"max_hp_gain":0,"max_hp_loss":0,"event_name":"Liars Game","floor":8,"gold_loss":0},{"damage_healed":0,"gold_gain":0,"player_choice":"Entered Light","damage_taken":16,"max_hp_gain":0,"max_hp_loss":0,"event_name":"Shining Light","floor":12,"gold_loss":0,"cards_upgraded":["Twin Strike","Strike_R"]},{"damage_healed":0,"gold_gain":0,"player_choice":"Take Damage","damage_taken":20,"relics_obtained":["Golden Idol"],"max_hp_gain":0,"max_hp_loss":0,"event_name":"Golden Idol","floor":14,"gold_loss":0}],"is_beta":false,"boss_relics":[],"items_purged_floors":[13],"is_endless":false,"potions_floor_spawned":[10],"killed_by":"The Guardian","ascension_level":0}