{"path_per_floor":["M","?","M","M","M","E","R","?","T","R","M","$","M","E","R","B",null,"M","?","?","$","M","R","$","E","T","E","M","?","?","M","R","B",null,"M","M","?","$","?","R","M","E","T","R","M","?","R","M","R","B"],"character_chosen":"IRONCLAD","items_purchased":["Master of Strategy","Meat on the Bone","Master of Strategy","Seeing Red","Omamori","Strength Potion"],"gold_per_floor":[117,192,202,219,231,265,265,265,265,265,285,81,95,124,124,224,224,244,964,964,431,443,443,286,316,316,341,360,360,360,379,379,484,514,528,540,540,489,489,489,502,536,536,536,553,553,553,568,568,568],"floor_reached":51,"campfire_rested":2,"playtime":2429,"current_hp_per_floor":[80,69,75,80,76,45,45,45,45,45,44,44,44,40,40,8,80,79,7,7,7,21,21,21,25,25,29,44,44,44,59,59,31,89,69,58,58,58,58,58,54,50,50,50,59,59,91,81,91,28],"items_purged":[],"gold":568,"play_id":"9b374c60-9c27-4a3b-ae01-e65de3961953","is_prod":false,"is_daily":false,"campfire_rituals":0,"campfire_upgraded":7,"is_hardmode":false,"path_taken":["M","?","?","M","M","E","R","?","T","R","M","$","M","E","R","BOSS","M","?","?","$","?","R","?","E","T","E","M","?","?","M","R","BOSS","M","M","?","$","?","R","M","E","T","R","M","?","R","M","R","BOSS"],"build_version":"2018-01-11-PROD2","purchased_purges":0,"victory":true,"master_deck":["Bash","Heavy Blade","Ghostly Armor","Flame Barrier","Thunderclap","Offering","Pommel Strike","Master of Strategy","Double Tap","Flex","Dual Wield","Entrench","Dual Wield","Ghostly Armor","Flame Barrier","Rupture","Mind Blast","Master of Strategy","Seeing Red","Bloodletting","Headbutt","Inflame","Rupture","Offering","Inflame","Pommel Strike","Dual Wield","Uppercut","Battle Trance"],"max_hp_per_floor":[80,80,80,80,80,80,80,80,80,80,80,80,80,80,80,80,80,80,80,80,80,80,80,80,80,80,80,80,80,80,82,82,82,89,89,89,89,89,89,89,91,91,91,91,91,91,91,91,91,91],"relics":["Burning Blood","NeowsBlessing","Whetstone","Regal Pillow","Self Forming Clay","Pandora\u0027s Box","Meat on the Bone","Omamori","Singing Bowl","Bird Faced Urn","Calipers","Tiny House","Letter Opener","Unceasing Top"],"campfire_meditates":0,"card_choices":[{"not_picked":["Metallicize","Pummel"],"picked":"Heavy Blade"},{"not_picked":["Spot Weakness","Evolve"],"picked":"Ghostly Armor"},{"not_picked":["Juggernaut","Dual Wield"],"picked":"Flame Barrier"},{"not_picked":["Second Wind","Shrug It Off"],"picked":"Thunderclap"},{"not_picked":["Dropkick","Armaments"],"picked":"Offering"},{"not_picked":["True Grit","Power Through"],"picked":"Pommel Strike"},{"not_picked":["Juggernaut","Immolate"],"picked":"Double Tap"},{"not_picked":["Iron Wave","Sword Boomerang"],"picked":"Bloodletting"},{"not_picked":["Flame Barrier","Flex"],"picked":"Headbutt"},{"not_picked":["Iron Wave","Rage"],"picked":"Inflame"},{"not_picked":["True Grit","Rampage"],"picked":"Rupture"},{"not_picked":["Dark Embrace","Reaper"],"picked":"Offering"},{"not_picked":["Body Slam","Warcry"],"picked":"Inflame"},{"not_picked":["Inflame","True Grit"],"picked":"Pommel Strike"},{"not_picked":["Pummel","Heavy Blade"],"picked":"Dual Wield"},{"not_picked":["Heavy Blade","Inflame"],"picked":"Uppercut"},{"not_picked":["Berserk","Havoc"],"picked":"Battle Trance"}],"player_experience":202757,"potions_floor_usage":[3,6,16,16,33,33,35,35,42,50,50,50],"damage_taken":[{"damage":0,"enemies":"Jaw Worm","floor":1,"turns":1},{"damage":0,"enemies":"2 Louse","floor":3,"turns":1},{"damage":0,"enemies":"Blue Slaver","floor":4,"turns":1},{"damage":10,"enemies":"2 Fungi Beasts","floor":5,"turns":4},{"damage":37,"enemies":"3 Sentries","floor":6,"turns":9},{"damage":7,"enemies":"Red Slaver","floor":11,"turns":2},{"damage":6,"enemies":"3 Louse","floor":13,"turns":2},{"damage":10,"enemies":"Gremlin Nob","floor":14,"turns":3},{"damage":38,"enemies":"Slime Boss","floor":16,"turns":13},{"damage":7,"enemies":"2 Thieves","floor":18,"turns":3},{"damage":4,"enemies":"Chosen","floor":22,"turns":2},{"damage":14,"enemies":"Slavers","floor":25,"turns":4},{"damage":16,"enemies":"Gremlin Leader","floor":27,"turns":3},{"damage":7,"enemies":"Sentry and Sphere","floor":28,"turns":2},{"damage":7,"enemies":"Snecko","floor":31,"turns":2},{"damage":52,"enemies":"Automaton","floor":33,"turns":7},{"damage":41,"enemies":"3 Darklings","floor":35,"turns":6},{"damage":17,"enemies":"Orb Walker","floor":36,"turns":3},{"damage":20,"enemies":"Sphere and 2 Shapes","floor":41,"turns":3},{"damage":30,"enemies":"Nemesis","floor":42,"turns":4},{"damage":13,"enemies":"4 Shapes","floor":45,"turns":2},{"damage":22,"enemies":"Maw","floor":48,"turns":3},{"damage":87,"enemies":"Time Eater","floor":50,"turns":8}],"event_choices":[{"event_name":"World of Goop","player_choice":"Gather Gold","floor":2,"damage_taken":0},{"event_name":"Purifier","player_choice":"One Purge","floor":8,"damage_taken":0},{"event_name":"Knowing Skull","player_choice":"GOLD GOLD GOLD GOLD GOLD GOLD GOLD GOLD ","floor":19,"damage_taken":0},{"event_name":"Match and Keep!","player_choice":"1 cards matched","floor":20,"damage_taken":0},{"event_name":"Upgrade Shrine","player_choice":"Upgraded","floor":29,"damage_taken":0},{"event_name":"Cursed Tome","player_choice":"Ignored","floor":30,"damage_taken":0},{"event_name":"Tomb of Lord Red Mask","player_choice":"Ignored","floor":39,"damage_taken":0},{"event_name":"Mysterious Sphere","player_choice":"Ignore","floor":46,"damage_taken":0}],"boss_relics":[{"not_picked":["Question Card","Mark of Pain"],"picked":"Pandora\u0027s Box"},{"not_picked":["Philosopher\u0027s Stone","Black Blood"],"picked":"Tiny House"}],"potions_floor_spawned":[1,5,11,13,16,22,25,33,41,42,48],"seed_played":"-2497187114241616169","is_trial":false}