{"gold_per_floor":[117,117,127,59,69,97,97,97,121,137,162,181,191,191,191,288,288,298,317,317,330,346,381,0,0,0,0,11,11,11,11],"floor_reached":31,"playtime":6164,"items_purged":[],"score":267,"play_id":"436d5307-3931-49ef-ae8c-343cac161216","local_time":"20190905151828","is_ascension_mode":false,"campfire_choices":[{"floor":8,"key":"REST"},{"data":"Noxious Fumes","floor":15,"key":"SMITH"},{"floor":29,"key":"REST"}],"neow_cost":"NONE","seed_source_timestamp":1123644793664600,"circlet_count":0,"master_deck":["Strike_G","Strike_G","Strike_G","Strike_G","Strike_G","Defend_G","Defend_G","Defend_G","Defend_G","Defend_G","Survivor","Neutralize+1","Impatience","Backflip","Noxious Fumes+1","Backflip","Leg Sweep","Deflect","Dagger Throw","Footwork","Venomology","Dagger Spray","Deadly Poison","Dagger Throw","Flechettes+1","Bane","Decay","Catalyst"],"relics":["Ring of the Snake","FossilizedHelix","Shuriken","Lantern","Juzu Bracelet","Black Star","MutagenicStrength","Dream Catcher","Kunai","Ornamental Fan"],"potions_floor_usage":[16,16,18,19,21,22,23,23,28,28,31,31],"damage_taken":[{"damage":2,"enemies":"2 Louse","floor":1,"turns":3},{"damage":0,"enemies":"Cultist","floor":3,"turns":5},{"damage":0,"enemies":"Jaw Worm","floor":5,"turns":6},{"damage":24,"enemies":"3 Sentries","floor":6,"turns":10},{"damage":14,"enemies":"Gremlin Gang","floor":10,"turns":7},{"damage":12,"enemies":"Lagavulin","floor":11,"turns":10},{"damage":0,"enemies":"Large Slime","floor":12,"turns":10},{"damage":0,"enemies":"Exordium Thugs","floor":13,"turns":5},{"damage":1,"enemies":"The Guardian","floor":16,"turns":12},{"damage":0,"enemies":"Shell Parasite","floor":18,"turns":11},{"damage":0,"enemies":"3 Byrds","floor":19,"turns":5},{"damage":2,"enemies":"Snecko","floor":21,"turns":7},{"damage":20,"enemies":"Centurion and Healer","floor":22,"turns":10},{"damage":54,"enemies":"Book of Stabbing","floor":23,"turns":9},{"damage":5,"enemies":"Snake Plant","floor":28,"turns":5},{"damage":26,"enemies":"Sentry and Sphere","floor":31,"turns":5}],"seed_played":"8091972718986194598","potions_obtained":[{"floor":1,"key":"Explosive Potion"},{"floor":5,"key":"Block Potion"},{"floor":11,"key":"Energy Potion"},{"floor":13,"key":"Poison Potion"},{"floor":16,"key":"Regen Potion"},{"floor":18,"key":"AttackPotion"},{"floor":23,"key":"Strength Potion"},{"floor":28,"key":"AttackPotion"}],"is_trial":false,"path_per_floor":["M","?","M","$","M","E","T","R","T","M","E","M","M","?","R","B",null,"M","M","?","M","M","E","?","?","T","$","M","R","$","M"],"character_chosen":"THE_SILENT","items_purchased":["Noxious Fumes"],"campfire_rested":2,"item_purchase_floors":[4],"current_hp_per_floor":[68,68,68,68,68,44,44,65,65,51,39,39,39,62,62,61,70,70,70,70,68,48,9,9,9,9,9,4,25,25,0],"gold":11,"neow_bonus":"RANDOM_COLORLESS","is_prod":false,"is_daily":false,"chose_seed":false,"campfire_upgraded":1,"win_rate":0.0,"timestamp":1567711108,"path_taken":["M","?","?","?","M","E","?","R","T","?","E","M","M","?","R","BOSS","M","M","?","M","M","E","?","?","T","$","M","R","$","M"],"build_version":"2019-07-17","purchased_purges":0,"victory":false,"max_hp_per_floor":[70,70,70,70,70,70,70,70,70,70,70,70,70,70,70,70,70,70,70,70,70,70,70,70,70,70,70,70,70,70,70],"card_choices":[{"not_picked":["Infinite Blades","Terror"],"picked":"Backflip","floor":1},{"not_picked":["Riddle With Holes","PiercingWail","Prepared"],"picked":"SKIP","floor":3},{"not_picked":["Well Laid Plans","Riddle With Holes"],"picked":"Backflip","floor":5},{"not_picked":["Dodge and Roll","Unload"],"picked":"Leg Sweep","floor":6},{"not_picked":["PiercingWail","All Out Attack"],"picked":"Deflect","floor":10},{"not_picked":["Calculated Gamble","Underhanded Strike","Noxious Fumes"],"picked":"SKIP","floor":11},{"not_picked":["Dodge and Roll","Prepared"],"picked":"Dagger Throw","floor":12},{"not_picked":["Bouncing Flask","Quick Slash"],"picked":"Footwork","floor":13},{"not_picked":["Unload","Corpse Explosion"],"picked":"Venomology","floor":16},{"not_picked":["Slice","Leg Sweep"],"picked":"Dagger Spray","floor":18},{"not_picked":["Terror+1","Finisher"],"picked":"Deadly Poison","floor":19},{"not_picked":["Skewer","Flying Knee"],"picked":"Dagger Throw","floor":21},{"not_picked":["Quick Slash","Infinite Blades+1"],"picked":"Flechettes+1","floor":22},{"not_picked":["Heel Hook","Backstab+1"],"picked":"Bane","floor":23},{"not_picked":["PiercingWail","Acrobatics","Riddle With Holes"],"picked":"SKIP","floor":28},{"not_picked":["Poisoned Stab","Deflect"],"picked":"Catalyst","floor":29}],"player_experience":48596,"relics_obtained":[{"floor":6,"key":"FossilizedHelix"},{"floor":7,"key":"Shuriken"},{"floor":9,"key":"Lantern"},{"floor":11,"key":"Juzu Bracelet"},{"floor":23,"key":"Dream Catcher"},{"floor":23,"key":"Kunai"},{"floor":26,"key":"Ornamental Fan"}],"event_choices":[{"damage_healed":0,"gold_gain":0,"player_choice":"Upgraded","damage_taken":0,"max_hp_gain":0,"max_hp_loss":0,"event_name":"Upgrade Shrine","floor":2,"gold_loss":0,"cards_upgraded":["Neutralize"]},{"damage_healed":23,"gold_gain":0,"player_choice":"Banana","damage_taken":0,"max_hp_gain":0,"max_hp_loss":0,"event_name":"Big Fish","floor":14,"gold_loss":0},{"damage_healed":0,"gold_gain":0,"player_choice":"Inject Mutagens","damage_taken":0,"relics_obtained":["MutagenicStrength"],"max_hp_gain":0,"max_hp_loss":0,"event_name":"Drug Dealer","floor":20,"gold_loss":0},{"damage_healed":0,"gold_gain":0,"player_choice":"Paid Fearfully","damage_taken":0,"max_hp_gain":0,"max_hp_loss":0,"event_name":"Masked Bandits","floor":24,"gold_loss":381},{"damage_healed":0,"gold_gain":0,"player_choice":"Smashed Altar","damage_taken":0,"max_hp_gain":0,"max_hp_loss":0,"event_name":"Forgotten Altar","floor":25,"gold_loss":0,"cards_obtained":["Decay"]}],"is_beta":false,"boss_relics":[{"not_picked":["Empty Cage","Runic Dome"],"picked":"Black Star"}],"items_purged_floors":[],"is_endless":false,"potions_floor_spawned":[1,5,11,13,16,18,23,28],"killed_by":"Sentry and Sphere","ascension_level":0}