{"gold_per_floor":[119,119,134,134,147,147,172,172,172,154,154,167,167,184,184,282,282,300,300,33,48,60,60,94,94,118,118,118,130,155,167,179,296,308,340,366,395,425,450,462,474,519,558,570,628,657,695,146,146,146],"floor_reached":51,"playtime":2623,"items_purged":["Decay","Clumsy"],"score":1083,"play_id":"cf2d3cf4-b052-4273-a1f6-ce8d340a1305","local_time":"20190523210235","is_ascension_mode":true,"campfire_choices":[{"data":"Flame Barrier","floor":6.0,"key":"SMITH"},{"floor":8.0,"key":"REST"},{"data":"Bludgeon","floor":11.0,"key":"SMITH"},{"data":"Shrug It Off","floor":15.0,"key":"SMITH"},{"data":"Demon Form","floor":23.0,"key":"SMITH"},{"data":"Feed","floor":25.0,"key":"SMITH"},{"data":"Demon Form","floor":27.0,"key":"SMITH"},{"floor":32.0,"key":"REST"},{"data":"Double Tap","floor":40.0,"key":"SMITH"},{"data":"Shrug It Off","floor":44.0,"key":"SMITH"},{"data":"Bite","floor":49,"key":"SMITH"}],"neow_cost":"NONE","seed_source_timestamp":0,"circlet_count":0,"master_deck":["Defend_R","Defend_R+1","Defend_R","Defend_R+1","Flame Barrier+1","Shrug It Off+1","Double Tap+1","Shrug It Off+1","Bludgeon+1","Seeing Red+1","Feed+1","Spot Weakness+1","Demon Form+1","Demon Form+1","Seeing Red+1","Bite+1","Bite","Bite","Bite","Bite","Impervious+1","Flame Barrier+1","Double Tap+1","Shrug It Off+1","Uppercut+1"],"special_seed":0,"relics":["Burning Blood","Toxic Egg 2","Strawberry","Snecko Eye","Nloth\u0027s Gift","Centennial Puzzle","Vajra","MawBank","Cursed Key","Pear","War Paint","Ginger","FossilizedHelix","Lee\u0027s Waffle","Dodecahedron"],"potions_floor_usage":[50,50],"damage_taken":[{"damage":0.0,"enemies":"Small Slimes","floor":1.0,"turns":3.0},{"damage":0.0,"enemies":"Cultist","floor":3.0,"turns":4.0},{"damage":3.0,"enemies":"Jaw Worm","floor":5.0,"turns":6.0},{"damage":50.0,"enemies":"Lagavulin","floor":7.0,"turns":9.0},{"damage":7.0,"enemies":"Exordium Thugs","floor":10.0,"turns":4.0},{"damage":13.0,"enemies":"Looter","floor":12.0,"turns":2.0},{"damage":15.0,"enemies":"3 Louse","floor":14.0,"turns":6.0},{"damage":10.0,"enemies":"The Guardian","floor":16.0,"turns":10.0},{"damage":6.0,"enemies":"Spheric Guardian","floor":18.0,"turns":3.0},{"damage":0.0,"enemies":"Chosen","floor":21.0,"turns":2.0},{"damage":25.0,"enemies":"Centurion and Healer","floor":22.0,"turns":6.0},{"damage":16.0,"enemies":"Slavers","floor":24.0,"turns":8.0},{"damage":25.0,"enemies":"Snecko","floor":29.0,"turns":6.0},{"damage":8.0,"enemies":"Book of Stabbing","floor":30.0,"turns":3.0},{"damage":37.0,"enemies":"Automaton","floor":33.0,"turns":9.0},{"damage":3.0,"enemies":"3 Darklings","floor":35.0,"turns":4.0},{"damage":1.0,"enemies":"Orb Walker","floor":36.0,"turns":3.0},{"damage":16.0,"enemies":"Spire Growth","floor":37.0,"turns":6.0},{"damage":10.0,"enemies":"Maw","floor":38.0,"turns":6.0},{"damage":8.0,"enemies":"3 Darklings","floor":39.0,"turns":5.0},{"damage":35.0,"enemies":"Nemesis","floor":42.0,"turns":9.0},{"damage":34.0,"enemies":"2 Orb Walkers","floor":45.0,"turns":5.0},{"damage":4.0,"enemies":"Jaw Worm Horde","floor":46.0,"turns":4.0},{"damage":25,"enemies":"Reptomancer","floor":47,"turns":6},{"damage":0,"enemies":"Time Eater","floor":50,"turns":6}],"seed_played":"5117613833971150859","potions_obtained":[{"floor":3.0,"key":"Strength Potion"},{"floor":10.0,"key":"AttackPotion"},{"floor":12.0,"key":"Weak Potion"},{"floor":16.0,"key":"Dexterity Potion"},{"floor":22.0,"key":"Block Potion"},{"floor":24.0,"key":"LiquidBronze"},{"floor":29.0,"key":"SkillPotion"},{"floor":33.0,"key":"Dexterity Potion"},{"floor":35.0,"key":"EssenceOfSteel"},{"floor":37.0,"key":"FearPotion"},{"floor":45.0,"key":"SteroidPotion"}],"is_trial":false,"path_per_floor":["M","?","M","?","M","R","E","R","T","M","R","M","?","M","R","B",null,"M","?","$","M","M","R","E","R","T","R","$","M","E","?","R","B",null,"M","M","M","M","M","R","?","E","T","R","?","M","E","$","R","B",null],"character_chosen":"IRONCLAD","items_purchased":["Spot Weakness+1","Demon Form","Lee\u0027s Waffle","Dodecahedron"],"campfire_rested":2,"item_purchase_floors":[20,20,48,48],"current_hp_per_floor":[78,78,80,80,80,80,36,60,60,59,59,52,59,50,50,46,77,77,77,77,83,67,67,60,60,60,60,60,41,39,39,58,42,59,65,69,65,69,69,69,69,68,68,68,52,66,61,94,94,94],"gold":146,"neow_bonus":"TRANSFORM_CARD","is_prod":false,"is_daily":false,"chose_seed":false,"campfire_upgraded":9,"win_rate":0,"timestamp":1558659755,"path_taken":["M","?","?","?","M","R","E","R","T","M","R","?","?","M","R","BOSS","M","?","$","M","?","R","E","R","T","R","$","M","E","?","R","BOSS","M","M","M","M","M","R","?","E","T","R","?","M","E","$","R","BOSS"],"build_version":"2019-01-23","purchased_purges":2,"victory":true,"max_hp_per_floor":[80,80,80,80,80,80,80,80,80,80,80,80,87,87,87,87,87,87,87,87,87,90,90,93,93,93,93,93,93,93,65,65,65,65,65,69,69,69,69,69,69,79,79,79,83,87,87,94,94,94],"card_choices":[{"not_picked":["Power Through","True Grit"],"picked":"Shrug It Off","floor":1.0},{"not_picked":["Pommel Strike","Searing Blow","Combust"],"picked":"SKIP","floor":3.0},{"not_picked":["Flex","Blood for Blood"],"picked":"Shrug It Off","floor":5.0},{"not_picked":["Rage","Corruption","Twin Strike"],"picked":"SKIP","floor":7.0},{"not_picked":["Pommel Strike","Twin Strike"],"picked":"Bludgeon","floor":10.0},{"not_picked":["Thunderclap","Pummel"],"picked":"Shrug It Off+1","floor":12.0},{"not_picked":["Bloodletting+1","Body Slam"],"picked":"Seeing Red+1","floor":14.0},{"not_picked":["Immolate","Offering+1"],"picked":"Feed","floor":16.0},{"not_picked":["Twin Strike","Wild Strike","Anger"],"picked":"SKIP","floor":18.0},{"not_picked":["Anger","Rupture","Thunderclap"],"picked":"SKIP","floor":21.0},{"not_picked":["Body Slam","Rampage","Bloodletting+1"],"picked":"SKIP","floor":22.0},{"not_picked":["Wild Strike","Anger+1"],"picked":"Demon Form","floor":24.0},{"not_picked":["Warcry+1","Twin Strike"],"picked":"Seeing Red+1","floor":29.0},{"not_picked":["True Grit+1","Sword Boomerang","Fiend Fire"],"picked":"SKIP","floor":30.0},{"not_picked":["Berserk","Fiend Fire"],"picked":"Impervious+1","floor":33.0},{"not_picked":["Blood for Blood","Anger","True Grit+1"],"picked":"SKIP","floor":35.0},{"not_picked":["Rupture","Perfected Strike+1"],"picked":"Flame Barrier+1","floor":36.0},{"not_picked":["Clothesline","Sword Boomerang+1","Thunderclap+1"],"picked":"SKIP","floor":37.0},{"not_picked":["Rage+1","Entrench+1"],"picked":"Double Tap+1","floor":38.0},{"not_picked":["Headbutt+1","Whirlwind+1"],"picked":"Shrug It Off+1","floor":39.0},{"not_picked":["Iron Wave","Bludgeon","Clash"],"picked":"SKIP","floor":42.0},{"not_picked":["Anger+1","Wild Strike+1","Carnage"],"picked":"SKIP","floor":46.0},{"not_picked":["Body Slam+1","Sword Boomerang+1"],"picked":"Uppercut+1","floor":47}],"player_experience":231200,"relics_obtained":[{"floor":7.0,"key":"Toxic Egg 2"},{"floor":9.0,"key":"Omamori"},{"floor":24.0,"key":"Centennial Puzzle"},{"floor":26.0,"key":"Vajra"},{"floor":30.0,"key":"MawBank"},{"floor":42.0,"key":"Pear"},{"floor":43.0,"key":"War Paint"},{"floor":45.0,"key":"Ginger"},{"floor":47,"key":"FossilizedHelix"}],"event_choices":[{"damage_healed":0.0,"max_hp_gain":0.0,"max_hp_loss":0.0,"gold_gain":0.0,"event_name":"Wheel of Change","player_choice":"Cursed","floor":2.0,"gold_loss":0.0,"damage_taken":0.0,"cards_obtained":["Decay"]},{"damage_healed":0.0,"max_hp_gain":0.0,"max_hp_loss":0.0,"gold_gain":0.0,"event_name":"Match and Keep!","player_choice":"1 cards matched","floor":4.0,"gold_loss":0.0,"damage_taken":0.0,"cards_obtained":["Double Tap"]},{"damage_healed":0.0,"max_hp_gain":0.0,"max_hp_loss":0.0,"gold_gain":0.0,"event_name":"Dead Adventurer","player_choice":"Searched \u00272\u0027 times","floor":13.0,"gold_loss":0.0,"damage_taken":0.0,"relics_obtained":["Strawberry"]},{"damage_healed":0.0,"max_hp_gain":0.0,"max_hp_loss":0.0,"gold_gain":0.0,"event_name":"N\u0027loth","player_choice":"Traded Relic","floor":19.0,"relics_lost":["Omamori"],"gold_loss":0.0,"damage_taken":0.0,"relics_obtained":["Nloth\u0027s Gift"]},{"damage_healed":0.0,"max_hp_gain":0.0,"max_hp_loss":28.0,"gold_gain":0.0,"event_name":"Vampires","player_choice":"Became a vampire","floor":31.0,"gold_loss":0.0,"damage_taken":0.0,"cards_obtained":["Bite","Bite","Bite","Bite","Bite"]},{"cards_removed":["Shrug It Off"],"damage_healed":0.0,"max_hp_gain":0.0,"max_hp_loss":0.0,"gold_gain":0.0,"event_name":"Falling","player_choice":"Removed Skill","floor":41.0,"gold_loss":0.0,"damage_taken":0.0},{"damage_healed":0.0,"max_hp_gain":0.0,"max_hp_loss":0.0,"gold_gain":0.0,"event_name":"Mysterious Sphere","player_choice":"Fight","floor":45.0,"gold_loss":0.0,"damage_taken":0.0}],"is_beta":false,"boss_relics":[{"not_picked":["Coffee Dripper","Lizard Tail"],"picked":"Snecko Eye"},{"not_picked":["White Beast Statue","Runic Cube"],"picked":"Cursed Key"}],"items_purged_floors":[20,48],"is_endless":false,"potions_floor_spawned":[3,10,12,16,22,24,29,33,35,37,39,42,45],"ascension_level":7}