{"path_per_floor":["M","M","?","M","M","E","M","R","T","R","?","R","M","M","R","B",null,"M","?","?","?","M","R","M","M","T","R","E","M","R","$","R","B"],"character_chosen":"IRONCLAD","items_purchased":["Sadistic Nature","Seeing Red","Blind"],"gold_per_floor":[110,121,121,141,158,184,197,197,220,220,220,220,238,251,251,349,349,360,275,275,275,293,293,312,330,330,330,358,368,368,3,3,103],"floor_reached":34,"campfire_rested":6,"playtime":3106,"current_hp_per_floor":[80,80,73,73,39,18,19,43,43,67,51,75,71,57,57,44,80,66,66,66,66,62,62,61,47,47,71,46,45,69,69,80,37],"items_purged":[],"gold":103,"play_id":"afa4f85a-1abf-4c7e-b9b2-f012392f38e2","is_prod":false,"is_daily":false,"campfire_rituals":0,"campfire_upgraded":2,"is_hardmode":false,"path_taken":["M","M","?","?","M","E","M","R","T","R","?","R","?","M","R","BOSS","M","?","?","?","M","R","M","M","T","R","E","M","R","$","R","BOSS"],"build_version":"2018-01-11-PROD2","purchased_purges":0,"victory":false,"master_deck":["Strike_R","Strike_R","Strike_R","Strike_R","Defend_R","Defend_R","Defend_R","Defend_R","Bash","Berserk","Feel No Pain","Battle Trance","Pommel Strike","Metallicize","Combust","Pommel Strike","Demon Form","Pommel Strike","Fire Breathing","Warcry","Infernal Blade","Double Tap","Flex","Sadistic Nature","Seeing Red","Blind","Brutality"],"max_hp_per_floor":[80,80,80,80,80,80,80,80,80,80,80,80,80,80,80,80,80,80,80,80,80,80,80,80,80,80,80,80,80,80,80,80,80],"relics":["Burning Blood","Paper Frog","Toxic Egg","Sozu","Centennial Puzzle","Charon\u0027s Ashes","Magic Flower"],"campfire_meditates":0,"card_choices":[{"not_picked":["Perfected Strike","Warcry"],"picked":"Feel No Pain"},{"not_picked":["Power Through","Wild Strike"],"picked":"Battle Trance"},{"not_picked":["Corruption","Headbutt"],"picked":"Pommel Strike"},{"not_picked":["Dropkick","Shrug It Off"],"picked":"Metallicize"},{"not_picked":["Perfected Strike","Body Slam"],"picked":"Combust"},{"not_picked":["Power Through","Headbutt"],"picked":"Pommel Strike"},{"not_picked":["Immolate","Juggernaut"],"picked":"Demon Form"},{"not_picked":["Infernal Blade","Armaments"],"picked":"Pommel Strike"},{"not_picked":["True Grit","Pommel Strike"],"picked":"Warcry"},{"not_picked":["Metallicize","Bludgeon"],"picked":"Infernal Blade"},{"not_picked":["Sentinel","Second Wind"],"picked":"Double Tap"},{"not_picked":["Bloodletting","Wild Strike"],"picked":"Flex"},{"not_picked":["Demon Form","Juggernaut"],"picked":"Brutality"}],"player_experience":138408,"potions_floor_usage":[4,16,16],"damage_taken":[{"damage":5,"enemies":"Cultist","floor":1,"turns":4},{"damage":0,"enemies":"Small Slimes","floor":2,"turns":3},{"damage":6,"enemies":"Blue Slaver","floor":4,"turns":4},{"damage":40,"enemies":"Gremlin Gang","floor":5,"turns":13},{"damage":27,"enemies":"3 Sentries","floor":6,"turns":11},{"damage":5,"enemies":"2 Fungi Beasts","floor":7,"turns":4},{"damage":10,"enemies":"Looter","floor":13,"turns":2},{"damage":20,"enemies":"Large Slime","floor":14,"turns":7},{"damage":19,"enemies":"Slime Boss","floor":16,"turns":8},{"damage":20,"enemies":"Shell Parasite","floor":18,"turns":4},{"damage":10,"enemies":"3 Byrds","floor":22,"turns":7},{"damage":7,"enemies":"Snecko","floor":24,"turns":5},{"damage":20,"enemies":"Slaver and Parasite","floor":25,"turns":6},{"damage":31,"enemies":"Slavers","floor":28,"turns":6},{"damage":10,"enemies":"3 Cultists","floor":29,"turns":3},{"damage":52,"enemies":"Automaton","floor":33,"turns":8}],"event_choices":[{"event_name":"Golden Wing","player_choice":"Card Removal","floor":3,"damage_taken":0},{"event_name":"Shining Light","player_choice":"Entered Light","floor":11,"damage_taken":0},{"event_name":"Addict","player_choice":"Obtained Relic","floor":19,"damage_taken":0},{"event_name":"The Library","player_choice":"Read","floor":20,"damage_taken":0},{"event_name":"Back to Basics","player_choice":"Simplicity","floor":21,"damage_taken":0}],"boss_relics":[{"not_picked":["Eternal Feather","Ectoplasm"],"picked":"Sozu"}],"potions_floor_spawned":[1,7,14,16,22,25,28,33],"seed_played":"7499047916405892823","is_trial":false}