{"gold_per_floor":[110,122,197,55,70,70,104,104,130,62,62,95,80],"floor_reached":13,"playtime":487,"items_purged":["Strike_B"],"score":118,"play_id":"312e16c3-de7a-4fb1-8af5-a0e678c79a52","local_time":"20190512234556","is_ascension_mode":true,"campfire_choices":[{"data":"Zap","floor":6,"key":"SMITH"},{"data":"Coolheaded","floor":8,"key":"SMITH"}],"neow_cost":"NONE","seed_source_timestamp":2166646756425892,"circlet_count":0,"master_deck":["Strike_B","Strike_B","Strike_B","Defend_B","Defend_B","Defend_B","Defend_B","Zap+1","Dualcast","Gash","Conserve Battery","Capacitor","Static Discharge","Conserve Battery","Coolheaded+1","Recycle","Consume"],"relics":["Cracked Core","PreservedInsect","Bag of Preparation","Centennial Puzzle","Sundial"],"potions_floor_usage":[7],"damage_taken":[{"damage":3,"enemies":"Small Slimes","floor":1,"turns":3},{"damage":7,"enemies":"Jaw Worm","floor":2,"turns":2},{"damage":4,"enemies":"Cultist","floor":5,"turns":4},{"damage":17,"enemies":"Lagavulin","floor":7,"turns":7},{"damage":6,"enemies":"3 Sentries","floor":12,"turns":7},{"damage":11,"enemies":"Looter","floor":13,"turns":1}],"seed_played":"-529920726127208514","potions_obtained":[{"floor":1,"key":"Weak Potion"}],"is_trial":false,"path_per_floor":["M","M","?","$","M","R","E","R","T","$","?","E","M"],"character_chosen":"DEFECT","items_purchased":["Static Discharge","Recycle"],"campfire_rested":0,"item_purchase_floors":[4,10],"current_hp_per_floor":[65,58,47,47,43,43,26,26,26,26,14,8,0],"gold":80,"neow_bonus":"THREE_CARDS","is_prod":false,"is_daily":false,"chose_seed":false,"campfire_upgraded":2,"win_rate":0,"timestamp":1557719156,"path_taken":["M","M","?","$","M","R","E","R","T","$","?","E","M"],"build_version":"2019-01-23","purchased_purges":1,"victory":false,"max_hp_per_floor":[75,75,75,75,75,75,75,75,75,75,75,75,75],"card_choices":[{"not_picked":["Rebound","Redo"],"picked":"Gash","floor":0},{"not_picked":["Auto Shields","Reprogram"],"picked":"Conserve Battery","floor":1},{"not_picked":["Gash","Streamline"],"picked":"Capacitor","floor":2},{"not_picked":["Redo","Sunder"],"picked":"Conserve Battery","floor":5},{"not_picked":["Ball Lightning","Chill"],"picked":"Coolheaded","floor":7},{"not_picked":["Turbo","Sweeping Beam"],"picked":"Consume","floor":12}],"player_experience":294380,"relics_obtained":[{"floor":7,"key":"PreservedInsect"},{"floor":9,"key":"Bag of Preparation"},{"floor":12,"key":"Sundial"}],"event_choices":[{"damage_healed":0,"gold_gain":75,"player_choice":"Gather Gold","damage_taken":11,"max_hp_gain":0,"max_hp_loss":0,"event_name":"World of Goop","floor":3,"gold_loss":0},{"damage_healed":0,"gold_gain":0,"player_choice":"Success","damage_taken":12,"relics_obtained":["Centennial Puzzle"],"max_hp_gain":0,"max_hp_loss":0,"event_name":"Scrap Ooze","floor":11,"gold_loss":0}],"is_beta":false,"boss_relics":[],"items_purged_floors":[4],"is_endless":false,"potions_floor_spawned":[1],"killed_by":"Looter","ascension_level":6}