{"gold_per_floor":[112,187,199,214,214,214,245,245,245,256,271,289,289,60,60,163,163,180,279,294,209,225,225,85,85],"floor_reached":25,"playtime":1210,"items_purged":["Strike_R","Strike_R"],"score":279,"play_id":"acfa1f5c-70ca-4265-9418-b963204535cd","local_time":"20190513225357","is_ascension_mode":true,"campfire_choices":[{"data":"Bash","floor":6,"key":"SMITH"},{"data":"Clothesline","floor":8,"key":"SMITH"},{"data":"Thunderclap","floor":13,"key":"SMITH"},{"data":"Barricade","floor":15,"key":"SMITH"},{"floor":23,"key":"REST"}],"neow_cost":"NONE","seed_source_timestamp":2249200928102373,"circlet_count":0,"master_deck":["Strike_R","Strike_R","Strike_R","Defend_R","Defend_R","Defend_R","Defend_R","Bash+1","Headbutt","True Grit+1","Shrug It Off","Clothesline+1","Thunderclap+1","Ghostly Armor","Clothesline","Barricade+1","Juggernaut","Corruption+1","Body Slam","Feel No Pain"],"relics":["Burning Blood","Paper Frog","Pear","Sozu","Self Forming Clay"],"potions_floor_usage":[16,25],"damage_taken":[{"damage":6,"enemies":"Cultist","floor":1,"turns":3},{"damage":7,"enemies":"Jaw Worm","floor":3,"turns":3},{"damage":2,"enemies":"2 Louse","floor":4,"turns":4},{"damage":44,"enemies":"Lagavulin","floor":7,"turns":8},{"damage":27,"enemies":"Large Slime","floor":10,"turns":8},{"damage":8,"enemies":"Blue Slaver","floor":11,"turns":3},{"damage":4,"enemies":"2 Fungi Beasts","floor":12,"turns":4},{"damage":9,"enemies":"The Guardian","floor":16,"turns":19},{"damage":10,"enemies":"Shell Parasite","floor":18,"turns":5},{"damage":21,"enemies":"Spheric Guardian","floor":20,"turns":6},{"damage":42,"enemies":"Chosen and Byrds","floor":22,"turns":8},{"damage":58,"enemies":"Gremlin Leader","floor":25,"turns":4}],"seed_played":"-3037072760180696586","potions_obtained":[{"floor":3,"key":"Energy Potion"},{"floor":10,"key":"SkillPotion"},{"floor":12,"key":"Energy Potion"},{"floor":16,"key":"PowerPotion"}],"is_trial":false,"path_per_floor":["M","?","M","M","?","R","E","R","T","M","M","M","R","$","R","B",null,"M","?","M","?","M","R","$","E"],"character_chosen":"IRONCLAD","items_purchased":["Barricade","Feel No Pain"],"campfire_rested":1,"item_purchase_floors":[14,24],"current_hp_per_floor":[88,77,76,80,80,80,42,42,52,31,29,31,31,31,31,28,81,77,77,62,62,26,55,55,0],"gold":85,"neow_bonus":"TEN_PERCENT_HP_BONUS","is_prod":false,"is_daily":false,"chose_seed":false,"campfire_upgraded":4,"win_rate":0,"timestamp":1557802437,"path_taken":["M","?","M","M","?","R","E","R","T","M","M","M","R","?","R","BOSS","M","?","M","?","M","R","$","E"],"build_version":"2019-01-23","purchased_purges":2,"victory":false,"max_hp_per_floor":[88,88,88,88,88,88,88,88,98,98,98,98,98,98,98,98,98,98,98,98,98,98,98,98,98],"card_choices":[{"not_picked":["Corruption","Havoc"],"picked":"Headbutt","floor":1},{"not_picked":["Perfected Strike","Anger"],"picked":"True Grit","floor":3},{"not_picked":["Havoc","Headbutt"],"picked":"Shrug It Off","floor":4},{"not_picked":["Thunderclap","Brutality"],"picked":"Clothesline","floor":7},{"not_picked":["Body Slam","Evolve"],"picked":"Thunderclap","floor":10},{"not_picked":["Perfected Strike","Rupture"],"picked":"Ghostly Armor","floor":11},{"not_picked":["Power Through","Dropkick"],"picked":"Clothesline","floor":12},{"not_picked":["Limit Break","Fiend Fire"],"picked":"Juggernaut","floor":16},{"not_picked":["Hemokinesis","Havoc+1"],"picked":"Corruption+1","floor":18},{"not_picked":["Flex+1","Second Wind"],"picked":"Body Slam","floor":20},{"not_picked":["Havoc","Anger","Wild Strike"],"picked":"SKIP","floor":22}],"player_experience":295439,"relics_obtained":[{"floor":7,"key":"Paper Frog"},{"floor":9,"key":"Pear"}],"event_choices":[{"damage_healed":0,"gold_gain":75,"player_choice":"Gather Gold","damage_taken":11,"max_hp_gain":0,"max_hp_loss":0,"event_name":"World of Goop","floor":2,"gold_loss":0},{"damage_healed":0,"gold_gain":0,"player_choice":"Grow","damage_taken":0,"max_hp_gain":0,"max_hp_loss":0,"event_name":"Living Wall","floor":5,"gold_loss":0,"cards_upgraded":["True Grit"]},{"damage_healed":0,"gold_gain":99,"player_choice":"Stole From Cult","damage_taken":0,"max_hp_gain":0,"max_hp_loss":0,"event_name":"Nest","floor":19,"gold_loss":0},{"damage_healed":0,"gold_gain":0,"player_choice":"Obtained Relic","damage_taken":0,"relics_obtained":["Self Forming Clay"],"max_hp_gain":0,"max_hp_loss":0,"event_name":"Addict","floor":21,"gold_loss":85}],"is_beta":false,"boss_relics":[{"not_picked":["Velvet Choker","Ectoplasm"],"picked":"Sozu"}],"items_purged_floors":[14,24],"is_endless":false,"potions_floor_spawned":[3,10,12,16,18],"killed_by":"Gremlin Leader","ascension_level":5}