{"gold_per_floor":[116,73,38,51,62,62,78,78,78,78,78,78,30,30,30,127,127,145,145,125,138,138,138,23,23,23,33,33,33,45,45,45,144,144,160,175,175,175,125,125,125,125,125,141,141],"floor_reached":45,"playtime":2401,"items_purged":["Strike_B"],"score":422,"play_id":"05223ecd-5b9b-40ee-a2f6-138be53fcddc","local_time":"20190907234230","is_ascension_mode":false,"campfire_choices":[{"data":"Cold Snap","floor":6,"key":"SMITH"},{"floor":8,"key":"REST"},{"data":"Coolheaded","floor":10,"key":"SMITH"},{"data":"Loop","floor":15,"key":"SMITH"},{"floor":23,"key":"REST"},{"data":"Creative AI","floor":25,"key":"SMITH"},{"floor":32,"key":"REST"},{"floor":40,"key":"REST"},{"floor":42,"key":"REST"}],"neow_cost":"NONE","seed_source_timestamp":1330464007504900,"circlet_count":0,"master_deck":["Strike_B","Strike_B","Defend_B","Defend_B","Defend_B","Defend_B","Zap","Dualcast","Cold Snap+1","Coolheaded+1","Hello World","Loop+1","Redo","Creative AI+1","Leap+1","Compile Driver+1","Double Energy","Sweeping Beam","Biased Cognition","Beam Cell+1","Amplify","Conserve Battery+1","Genetic Algorithm+1","Writhe","Leap","Coolheaded+1"],"relics":["Cracked Core","Orichalcum","Cursed Key","Fusion Hammer"],"potions_floor_usage":[33,33,33],"damage_taken":[{"damage":4,"enemies":"Jaw Worm","floor":1,"turns":4},{"damage":2,"enemies":"2 Louse","floor":4,"turns":3},{"damage":0,"enemies":"Small Slimes","floor":5,"turns":3},{"damage":17,"enemies":"Exordium Wildlife","floor":7,"turns":4},{"damage":40,"enemies":"Hexaghost","floor":16,"turns":12},{"damage":12,"enemies":"Spheric Guardian","floor":18,"turns":7},{"damage":22,"enemies":"Chosen","floor":21,"turns":5},{"damage":18,"enemies":"3 Cultists","floor":27,"turns":5},{"damage":19,"enemies":"Centurion and Healer","floor":30,"turns":14},{"damage":58,"enemies":"Champ","floor":33,"turns":16},{"damage":21,"enemies":"3 Shapes","floor":35,"turns":5},{"damage":35,"enemies":"3 Darklings","floor":36,"turns":8},{"damage":67,"enemies":"4 Shapes","floor":44,"turns":7},{"damage":16,"enemies":"Transient","floor":45,"turns":1}],"seed_played":"-8204175921420463998","potions_obtained":[{"floor":4,"key":"Energy Potion"},{"floor":5,"key":"SkillPotion"},{"floor":20,"key":"FocusPotion"},{"floor":21,"key":"Block Potion"},{"floor":33,"key":"EssenceOfSteel"},{"floor":35,"key":"Dexterity Potion"}],"is_trial":false,"path_per_floor":["M","?","?","M","M","R","M","R","T","R","$","?","$","?","R","B",null,"M","?","?","M","T","R","$","R","T","M","?","$","M","$","R","B",null,"M","M","?","T","$","R","?","R","T","M","M"],"character_chosen":"DEFECT","items_purchased":["Redo","Double Energy","Leap"],"campfire_rested":5,"item_purchase_floors":[13,24,39],"current_hp_per_floor":[78,78,82,80,80,80,63,82,82,82,82,82,82,82,82,42,82,70,70,70,48,48,72,72,72,72,54,54,54,35,35,59,1,82,61,26,47,47,47,71,71,82,82,15,0],"gold":141,"neow_bonus":"TEN_PERCENT_HP_BONUS","is_prod":false,"is_daily":false,"chose_seed":false,"campfire_upgraded":4,"win_rate":0.0,"timestamp":1567914150,"path_taken":["M","?","?","M","M","R","M","R","T","R","$","?","$","?","R","BOSS","M","?","?","?","?","R","$","R","T","?","?","$","?","?","R","BOSS","M","M","?","?","$","R","?","R","T","M","M"],"build_version":"2019-07-17","purchased_purges":1,"victory":false,"max_hp_per_floor":[82,82,82,82,82,82,82,82,82,82,82,82,82,82,82,82,82,82,82,82,82,82,82,82,82,82,82,82,82,82,82,82,82,82,82,82,82,82,82,82,82,82,82,82,82],"card_choices":[{"not_picked":["Tempest","Heatsinks"],"picked":"Cold Snap","floor":1},{"not_picked":["Steam","Double Energy"],"picked":"Coolheaded","floor":4},{"not_picked":["Tempest","Hologram"],"picked":"Hello World","floor":5},{"not_picked":["Cold Snap","Coolheaded"],"picked":"Loop","floor":7},{"not_picked":["Machine Learning","Biased Cognition"],"picked":"Creative AI","floor":16},{"not_picked":["Static Discharge","Compile Driver"],"picked":"Leap+1","floor":18},{"not_picked":["Leap","Auto Shields"],"picked":"Compile Driver+1","floor":21},{"not_picked":["Go for the Eyes","Redo+1"],"picked":"Sweeping Beam","floor":27},{"not_picked":["Darkness","Hello World"],"picked":"Beam Cell+1","floor":30},{"not_picked":["Multi-Cast","Seek"],"picked":"Amplify","floor":33},{"not_picked":["Barrage+1","Sweeping Beam+1"],"picked":"Conserve Battery+1","floor":35},{"not_picked":["Aggregate","Rip and Tear"],"picked":"Genetic Algorithm+1","floor":36},{"not_picked":["Ball Lightning+1","Steam Power+1"],"picked":"Coolheaded+1","floor":44}],"player_experience":66187,"relics_obtained":[{"floor":9,"key":"Orichalcum"}],"event_choices":[{"damage_healed":0,"gold_gain":0,"player_choice":"Left Gold","damage_taken":0,"max_hp_gain":0,"max_hp_loss":0,"event_name":"World of Goop","floor":2,"gold_loss":43},{"damage_healed":20,"gold_gain":0,"player_choice":"Healed","damage_taken":0,"max_hp_gain":0,"max_hp_loss":0,"event_name":"The Cleric","floor":3,"gold_loss":35},{"damage_healed":0,"gold_gain":0,"player_choice":"Ignored","damage_taken":0,"max_hp_gain":0,"max_hp_loss":0,"event_name":"Liars Game","floor":12,"gold_loss":0},{"damage_healed":0,"gold_gain":0,"player_choice":"Ignored","damage_taken":0,"max_hp_gain":0,"max_hp_loss":0,"event_name":"Golden Wing","floor":14,"gold_loss":0},{"cards_removed":["Strike_B"],"damage_healed":0,"gold_gain":0,"player_choice":"Elegance","damage_taken":0,"max_hp_gain":0,"max_hp_loss":0,"event_name":"Back to Basics","floor":19,"gold_loss":0},{"damage_healed":0,"gold_gain":0,"player_choice":"Bought 1 Potion","damage_taken":0,"max_hp_gain":0,"max_hp_loss":0,"event_name":"The Woman in Blue","floor":20,"gold_loss":0},{"damage_healed":0,"gold_gain":0,"player_choice":"2 cards matched","damage_taken":0,"max_hp_gain":0,"max_hp_loss":0,"event_name":"Match and Keep!","floor":28,"gold_loss":0,"cards_obtained":["Biased Cognition","Chill"]},{"damage_healed":21,"gold_gain":0,"player_choice":"Writhe","damage_taken":0,"max_hp_gain":0,"max_hp_loss":0,"event_name":"Winding Halls","floor":37,"gold_loss":0,"cards_obtained":["Writhe"]},{"cards_removed":["Chill"],"damage_healed":0,"gold_gain":0,"player_choice":"Removed Skill","damage_taken":0,"max_hp_gain":0,"max_hp_loss":0,"event_name":"Falling","floor":41,"gold_loss":0}],"is_beta":false,"boss_relics":[{"not_picked":["Inserter","Black Star"],"picked":"Cursed Key"},{"not_picked":["Coffee Dripper","White Beast Statue"],"picked":"Fusion Hammer"}],"items_purged_floors":[24],"is_endless":false,"potions_floor_spawned":[4,5,21,27,33,35],"killed_by":"Transient","ascension_level":0}