{"gold_per_floor":[116,128,128,138,156,185,185,220,244,244,26,26,39,56,56,153,153,164,178,178,178,99,99,99],"floor_reached":24,"playtime":1359,"items_purged":["Strike_R"],"score":258,"play_id":"5b9c96cc-6d99-4930-9b17-748bda8ea203","local_time":"20190430161631","is_ascension_mode":true,"campfire_choices":[{"floor":7,"key":"REST"},{"floor":10,"key":"REST"},{"data":"Bash","floor":12,"key":"SMITH"},{"floor":15,"key":"REST"},{"floor":23,"key":"REST"}],"neow_cost":"NONE","seed_source_timestamp":1102016733631685,"circlet_count":0,"master_deck":["Strike_R","Strike_R","Strike_R","Strike_R","Defend_R","Defend_R","Defend_R","Defend_R","Bash+1","infinitespire:OneForAll","Pommel Strike","Thunderclap","Headbutt","Sword Boomerang","Wild Strike","Flame Barrier","Juggernaut","Impervious","Havoc","Armaments","Inflame"],"relics":["Burning Blood","Ancient Tea Set","FaceOfCleric","Turnip","Girya","infinitespire:Lucky Rock","Red Skull","Replay:Bronze Core"],"potions_floor_usage":[6,14,16,16,20],"damage_taken":[{"damage":14,"enemies":"2 Louse","floor":1,"turns":3},{"damage":16,"enemies":"Cultist","floor":2,"turns":4},{"damage":12,"enemies":"Jaw Worm","floor":4,"turns":2},{"damage":16,"enemies":"2 Fungi Beasts","floor":5,"turns":3},{"damage":34,"enemies":"Erikyupuro","floor":6,"turns":8},{"damage":40,"enemies":"Lagavulin","floor":8,"turns":5},{"damage":0,"enemies":"3 Louse","floor":13,"turns":1},{"damage":43,"enemies":"Exordium Thugs","floor":14,"turns":4},{"damage":24,"enemies":"Slime Boss","floor":16,"turns":9},{"damage":28,"enemies":"Spheric Guardian","floor":18,"turns":4},{"damage":27,"enemies":"2 Thieves","floor":19,"turns":3},{"damage":27,"enemies":"Colosseum Slavers","floor":20,"turns":4},{"damage":52,"enemies":"Gremlin Leader","floor":24,"turns":5}],"seed_played":"-9210893106253482323","potions_obtained":[{"floor":5,"key":"AttackPotion"},{"floor":6,"key":"Adrenaline Potion"},{"floor":13,"key":"Adrenaline Potion"},{"floor":14,"key":"SkillPotion"},{"floor":19,"key":"BloodPotion"}],"is_trial":false,"path_per_floor":["M","M","?","M","M","E","R","E","T","R","$","R","M","M","R","B",null,"M","M","?","?","$","R","E"],"character_chosen":"IRONCLAD","items_purchased":["Red Skull","Inflame"],"campfire_rested":4,"item_purchase_floors":[11,22],"current_hp_per_floor":[72,62,62,57,48,21,45,12,12,37,37,37,44,8,33,16,69,48,28,16,16,16,43,0],"gold":99,"neow_bonus":"RANDOM_COMMON_RELIC","is_prod":false,"is_daily":false,"chose_seed":false,"campfire_upgraded":1,"win_rate":0,"timestamp":1556655391,"path_taken":["M","M","?","M","M","E","R","E","T","R","$","R","M","?","R","BOSS","M","M","?","?","$","R","E"],"build_version":"2019-01-23","purchased_purges":1,"victory":false,"max_hp_per_floor":[80,80,80,81,82,83,83,84,84,84,84,84,85,86,86,87,87,88,89,90,90,90,90,90],"card_choices":[{"not_picked":["Ghostly Armor","True Grit"],"picked":"infinitespire:OneForAll","floor":1},{"not_picked":["Run Through","Dropkick"],"picked":"Pommel Strike","floor":2},{"not_picked":["Life Link","Infernal Blade"],"picked":"Thunderclap","floor":4},{"not_picked":["Life Link","Body Slam"],"picked":"Headbutt","floor":5},{"not_picked":["Reckless Charge","Wild Strike"],"picked":"Sword Boomerang","floor":6},{"not_picked":["ReplayTheSpireMod:Corrosion Curse","Perfected Strike"],"picked":"Wild Strike","floor":8},{"not_picked":["Run Through","Rage"],"picked":"Flame Barrier","floor":13},{"not_picked":["Massacre","Thunderclap"],"picked":"Juggernaut","floor":14},{"not_picked":["Juggernaut","Eclipse"],"picked":"Impervious","floor":16},{"not_picked":["Rampage","Replay:Undeath\u0027s Touch+1"],"picked":"Havoc","floor":18},{"not_picked":["Intimidate","ReplayTheSpireMod:Limb From Limb+1"],"picked":"Armaments","floor":19}],"player_experience":238384,"relics_obtained":[{"floor":6,"key":"Turnip"},{"floor":8,"key":"Girya"},{"floor":9,"key":"infinitespire:Lucky Rock"}],"event_choices":[{"damage_healed":0,"gold_gain":0,"player_choice":"Trade","damage_taken":0,"relics_obtained":["FaceOfCleric"],"max_hp_gain":0,"max_hp_loss":0,"event_name":"FaceTrader","floor":3,"gold_loss":0},{"damage_healed":0,"gold_gain":0,"player_choice":"Fight","damage_taken":0,"max_hp_gain":0,"max_hp_loss":0,"event_name":"Colosseum","floor":20,"gold_loss":0},{"damage_healed":0,"gold_gain":0,"player_choice":"Fled From Nobs","damage_taken":0,"max_hp_gain":0,"max_hp_loss":0,"event_name":"Colosseum","floor":20,"gold_loss":0}],"is_beta":false,"boss_relics":[{"not_picked":["ChewingGum","Electric Blood"],"picked":"Replay:Bronze Core"}],"items_purged_floors":[11],"is_endless":false,"potions_floor_spawned":[5,6,13,14,19,20],"killed_by":"Gremlin Leader","ascension_level":5}