{"gold_per_floor":[119,119,130,150,150,212,227,227],"floor_reached":8,"playtime":468,"items_purged":[],"score":70,"play_id":"2f7e3d8c-4628-45de-bfb3-c3f9be830e91","local_time":"20190418041714","is_ascension_mode":true,"campfire_choices":[],"neow_cost":"NONE","seed_source_timestamp":22946393930318,"circlet_count":0,"master_deck":["Strike_R","Strike_R","Strike_R","Strike_R","Strike_R","Defend_R","Defend_R","Defend_R","Defend_R","Bash","Headbutt","Warcry","Body Slam","Flame Barrier","Shockwave"],"relics":["Burning Blood","Ginger","Tiny Chest"],"potions_floor_usage":[8,8],"damage_taken":[{"damage":12,"enemies":"2 Louse","floor":1,"turns":4},{"damage":6,"enemies":"Cultist","floor":3,"turns":3},{"damage":0,"enemies":"Small Slimes","floor":4,"turns":3},{"damage":72,"enemies":"Gremlin Nob","floor":6,"turns":6},{"damage":21,"enemies":"Exordium Wildlife","floor":7,"turns":5},{"damage":20,"enemies":"3 Sentries","floor":8,"turns":6}],"seed_played":"-6809479926272927331","potions_obtained":[{"floor":6,"key":"Fire Potion"},{"floor":7,"key":"BloodPotion"}],"is_trial":false,"path_per_floor":["M","?","M","M","?","E","M","E"],"character_chosen":"IRONCLAD","items_purchased":[],"campfire_rested":0,"item_purchase_floors":[],"current_hp_per_floor":[82,79,79,85,90,24,9,0],"gold":227,"neow_bonus":"TEN_PERCENT_HP_BONUS","is_prod":false,"is_daily":false,"chose_seed":false,"campfire_upgraded":0,"win_rate":0,"timestamp":1555575434,"path_taken":["M","?","M","M","?","E","M","E"],"build_version":"2019-01-23","purchased_purges":0,"victory":false,"max_hp_per_floor":[88,88,88,88,93,93,93,93],"card_choices":[{"not_picked":["Havoc","Clash"],"picked":"Headbutt","floor":1},{"not_picked":["Intimidate","Double Tap"],"picked":"Warcry","floor":3},{"not_picked":["Twin Strike","Sever Soul"],"picked":"Body Slam","floor":4},{"not_picked":["Thunderclap","Cleave"],"picked":"Flame Barrier","floor":6},{"not_picked":["Evolve","Spot Weakness"],"picked":"Shockwave","floor":7}],"player_experience":204258,"relics_obtained":[{"floor":6,"key":"Tiny Chest"}],"event_choices":[{"damage_healed":0,"gold_gain":0,"player_choice":"Success","damage_taken":3,"relics_obtained":["Ginger"],"max_hp_gain":0,"max_hp_loss":0,"event_name":"Scrap Ooze","floor":2,"gold_loss":0},{"damage_healed":0,"gold_gain":0,"player_choice":"Donut","damage_taken":0,"max_hp_gain":5,"max_hp_loss":0,"event_name":"Big Fish","floor":5,"gold_loss":0}],"is_beta":false,"boss_relics":[],"items_purged_floors":[],"is_endless":false,"potions_floor_spawned":[6,7],"killed_by":"3 Sentries","ascension_level":4}