{"gold_per_floor":[112,112,112,112,1,1,32,57,82,123,123,123,142,156,156,285,285,304,130,130,0,0,0,15,15],"floor_reached":25,"playtime":1962,"items_purged":["Injury"],"score":207,"play_id":"06798e51-c03e-4b3f-bd30-c5db971f6d2f","local_time":"20190303195412","is_ascension_mode":false,"campfire_choices":[{"data":"Crippling Poison","floor":6,"key":"SMITH"},{"floor":12,"key":"REST"},{"floor":15,"key":"REST"},{"floor":23,"key":"REST"}],"neow_cost":"NONE","seed_source_timestamp":486220299019219,"circlet_count":0,"master_deck":["Defend_G","Defend_G","Defend_G","Defend_G","Strike_G","Strike_G","Strike_G","Strike_G","Survivor","Neutralize+1","A Thousand Cuts+1","Footwork","Crippling Poison+1","Caltrops","Underhanded Strike","Dash","PiercingWail","Deflect","All Out Attack","Phantasmal Killer","Infinite Blades+1","Backflip","Acrobatics","Dagger Throw+1"],"relics":["Ring of the Snake","Golden Idol","Frozen Egg 2","Pen Nib","Snake Skull","HoveringKite"],"potions_floor_usage":[7,18],"damage_taken":[{"damage":2,"enemies":"Small Slimes","floor":1,"turns":4},{"damage":16,"enemies":"Gremlin Nob","floor":7,"turns":5},{"damage":6,"enemies":"2 Louse","floor":8,"turns":3},{"damage":18,"enemies":"3 Sentries","floor":10,"turns":7},{"damage":7,"enemies":"Jaw Worm","floor":13,"turns":4},{"damage":8,"enemies":"Large Slime","floor":14,"turns":5},{"damage":32,"enemies":"Slime Boss","floor":16,"turns":11},{"damage":28,"enemies":"2 Thieves","floor":18,"turns":4},{"damage":16,"enemies":"Shell Parasite","floor":24,"turns":6},{"damage":50,"enemies":"Centurion and Healer","floor":25,"turns":7}],"seed_played":"-3826763703761090885","potions_obtained":[{"floor":1,"key":"Regen Potion"},{"floor":7,"key":"Fire Potion"},{"floor":10,"key":"Ancient Potion"},{"floor":16,"key":"FearPotion"}],"is_trial":false,"path_per_floor":["M","?","?","?","$","R","E","M","T","E","?","R","M","M","R","B",null,"M","$","?","?","?","R","M","M"],"character_chosen":"THE_SILENT","items_purchased":["Crippling Poison","Caltrops","Backflip","Acrobatics"],"campfire_rested":3,"item_purchase_floors":[5,5,19,19],"current_hp_per_floor":[68,54,54,47,47,47,45,39,39,21,44,65,58,50,70,38,70,42,42,42,42,42,63,47,0],"gold":15,"neow_bonus":"TRANSFORM_CARD","is_prod":false,"is_daily":false,"chose_seed":false,"campfire_upgraded":1,"win_rate":0.0,"timestamp":1551660852,"path_taken":["M","?","?","?","?","R","E","M","T","E","?","R","?","M","R","BOSS","M","$","?","?","?","R","M","M"],"build_version":"2019-01-23","purchased_purges":1,"victory":false,"max_hp_per_floor":[70,70,70,70,70,70,70,70,70,70,70,70,70,70,70,70,70,70,70,70,70,70,70,70,70],"card_choices":[{"not_picked":["Calculated Gamble","Heel Hook"],"picked":"Footwork","floor":1},{"not_picked":["Terror","Riddle With Holes"],"picked":"Underhanded Strike","floor":7},{"not_picked":["Finisher","Distraction"],"picked":"Dash","floor":8},{"not_picked":["Skewer","Tactician"],"picked":"PiercingWail","floor":10},{"not_picked":["Bouncing Flask","Quick Slash"],"picked":"Deflect","floor":13},{"not_picked":["Deadly Poison","PiercingWail"],"picked":"All Out Attack","floor":14},{"not_picked":["Venomology","Wraith Form v2+1"],"picked":"Phantasmal Killer","floor":16},{"not_picked":["Backstab","Poisoned Stab"],"picked":"Infinite Blades+1","floor":18},{"not_picked":["Backflip","Blade Dance"],"picked":"Dagger Throw+1","floor":24}],"player_experience":12833,"relics_obtained":[{"floor":7,"key":"Frozen Egg 2"},{"floor":9,"key":"Pen Nib"},{"floor":10,"key":"Snake Skull"}],"event_choices":[{"damage_healed":0,"gold_gain":0,"player_choice":"Entered Light","damage_taken":14,"max_hp_gain":0,"max_hp_loss":0,"event_name":"Shining Light","floor":2,"gold_loss":0,"cards_upgraded":["Neutralize","A Thousand Cuts"]},{"damage_healed":0,"gold_gain":0,"player_choice":"Take Wound","damage_taken":0,"relics_obtained":["Golden Idol"],"max_hp_gain":0,"max_hp_loss":0,"event_name":"Golden Idol","floor":3,"gold_loss":0,"cards_obtained":["Injury"]},{"cards_removed":["Strike_G"],"damage_healed":0,"gold_gain":0,"player_choice":"Card Removal","damage_taken":7,"max_hp_gain":0,"max_hp_loss":0,"event_name":"Golden Wing","floor":4,"gold_loss":0},{"damage_healed":23,"gold_gain":0,"player_choice":"Banana","damage_taken":0,"max_hp_gain":0,"max_hp_loss":0,"event_name":"Big Fish","floor":11,"gold_loss":0},{"damage_healed":0,"gold_gain":0,"player_choice":"Ignored","damage_taken":0,"max_hp_gain":0,"max_hp_loss":0,"event_name":"Ghosts","floor":20,"gold_loss":0},{"damage_healed":0,"gold_gain":0,"player_choice":"Paid Fearfully","damage_taken":0,"max_hp_gain":0,"max_hp_loss":0,"event_name":"Masked Bandits","floor":21,"gold_loss":130},{"damage_healed":0,"gold_gain":0,"player_choice":"Ignored","damage_taken":0,"max_hp_gain":0,"max_hp_loss":0,"event_name":"Beggar","floor":22,"gold_loss":0}],"is_beta":false,"boss_relics":[{"not_picked":["Philosopher\u0027s Stone","Calling Bell"],"picked":"HoveringKite"}],"items_purged_floors":[19],"is_endless":false,"potions_floor_spawned":[1,7,10,16],"killed_by":"Centurion and Healer","ascension_level":0}