{"gold_per_floor":[115,115,129,139,17,17,45,45,123,157,168,187,205,76,76,76],"floor_reached":16,"playtime":925,"items_purged":["Strike_G","Strike_G"],"score":134,"play_id":"2dcb1bad-b75d-4034-9c23-5120b163f5ca","local_time":"20190418045444","is_ascension_mode":true,"campfire_choices":[{"data":"Footwork","floor":6,"key":"SMITH"},{"data":"Malaise","floor":8,"key":"SMITH"},{"data":"Noxious Fumes","floor":15,"key":"SMITH"}],"neow_cost":"NONE","seed_source_timestamp":24740737163314,"circlet_count":0,"master_deck":["Defend_G","Defend_G","Defend_G","Defend_G","Defend_G","Strike_G","Strike_G","Strike_G","Survivor","Neutralize+1","Dodge and Roll","Noxious Fumes+1","Cloak And Dagger","Footwork+1","Malaise+1","Leg Sweep+1","Dagger Throw","Caltrops"],"relics":["Ring of the Snake","Smiling Mask","Vajra","Toxic Egg 2","Lantern"],"potions_floor_usage":[16,16],"damage_taken":[{"damage":7,"enemies":"Jaw Worm","floor":1,"turns":5},{"damage":0,"enemies":"Cultist","floor":3,"turns":4},{"damage":1,"enemies":"2 Louse","floor":4,"turns":4},{"damage":5,"enemies":"3 Sentries","floor":7,"turns":9},{"damage":22,"enemies":"Gremlin Nob","floor":10,"turns":7},{"damage":3,"enemies":"Red Slaver","floor":11,"turns":4},{"damage":5,"enemies":"Exordium Wildlife","floor":12,"turns":6},{"damage":1,"enemies":"Large Slime","floor":13,"turns":7},{"damage":32,"enemies":"Slime Boss","floor":16,"turns":9}],"seed_played":"8973920198613922219","potions_obtained":[{"floor":4,"key":"Dexterity Potion"},{"floor":10,"key":"EssenceOfSteel"},{"floor":11,"key":"FearPotion"}],"is_trial":false,"path_per_floor":["M","?","M","M","$","R","E","R","T","E","M","M","M","$","R","B"],"character_chosen":"THE_SILENT","items_purchased":["Footwork","Caltrops"],"campfire_rested":0,"item_purchase_floors":[5,14],"current_hp_per_floor":[63,63,63,62,62,62,57,57,57,35,32,27,26,26,26,0],"gold":76,"neow_bonus":"RANDOM_COMMON_RELIC","is_prod":false,"is_daily":false,"chose_seed":false,"campfire_upgraded":3,"win_rate":0,"timestamp":1555577684,"path_taken":["M","?","M","M","$","R","E","R","T","E","?","M","M","$","R","BOSS"],"build_version":"2019-01-23","purchased_purges":2,"victory":false,"max_hp_per_floor":[70,70,70,70,70,70,70,70,70,70,70,70,70,70,70,70],"card_choices":[{"not_picked":["Poisoned Stab","Finisher"],"picked":"Dodge and Roll","floor":1},{"not_picked":["Outmaneuver","Cloak And Dagger"],"picked":"Noxious Fumes","floor":3},{"not_picked":["Flying Knee","Acrobatics"],"picked":"Cloak And Dagger","floor":4},{"not_picked":["Cloak And Dagger","Masterful Stab"],"picked":"Malaise","floor":7},{"not_picked":["Tools of the Trade","Cloak And Dagger+1"],"picked":"Leg Sweep+1","floor":10},{"not_picked":["Finisher","Skewer","Poisoned Stab"],"picked":"SKIP","floor":11},{"not_picked":["Sucker Punch","Flying Knee"],"picked":"Dagger Throw","floor":12},{"not_picked":["Blade Dance+1","Masterful Stab","Bane"],"picked":"SKIP","floor":13}],"player_experience":206016,"relics_obtained":[{"floor":7,"key":"Vajra"},{"floor":9,"key":"Toxic Egg 2"},{"floor":10,"key":"Lantern"}],"event_choices":[{"damage_healed":0,"gold_gain":0,"player_choice":"Upgraded","damage_taken":0,"max_hp_gain":0,"max_hp_loss":0,"event_name":"Upgrade Shrine","floor":2,"gold_loss":0,"cards_upgraded":["Neutralize"]}],"is_beta":false,"boss_relics":[],"items_purged_floors":[5,14],"is_endless":false,"potions_floor_spawned":[4,10,11],"killed_by":"Slime Boss","ascension_level":4}