{"path_per_floor":["M","?","?","M","M","M","E","M","T","R","M","E","$","M","R","B",null,"M","M"],"character_chosen":"IRONCLAD","items_purchased":["Feed"],"gold_per_floor":[113,113,113,137,155,180,218,231,231,231,255,295,142,162,162,286,286,300,318],"floor_reached":20,"campfire_rested":0,"playtime":1386,"current_hp_per_floor":[74,71,51,47,53,54,46,46,46,46,36,39,39,48,48,60,86,64,32],"items_purged":[],"gold":318,"play_id":"0de8944c-8294-4e3b-b89b-a24b61e8ad44","is_prod":false,"is_daily":false,"campfire_rituals":0,"campfire_upgraded":2,"is_hardmode":false,"path_taken":["M","?","?","M","M","M","E","M","T","R","M","E","$","M","R","BOSS","M","M","M"],"build_version":"2018-01-11-PROD2","purchased_purges":1,"victory":false,"master_deck":["Strike_R","Strike_R","Strike_R","Strike_R","Strike_R","Defend_R","Defend_R","Defend_R","Defend_R","Bash","Bludgeon","True Grit","Iron Wave","Cleave","Blood for Blood","Iron Wave","Flex","Feed","Body Slam","Demon Form","Doubt","Normality","Pain"],"max_hp_per_floor":[80,80,80,80,80,80,80,80,80,80,80,80,80,83,83,86,86,89,89],"relics":["Burning Blood","Letter Opener","Golden Idol","Kunai","Pantograph","Pen Nib","Calling Bell","Gremlin Horn","Smiling Mask","Frozen Eye"],"campfire_meditates":0,"card_choices":[{"not_picked":["Twin Strike","Headbutt"],"picked":"True Grit"},{"not_picked":["Clash","Wild Strike"],"picked":"Iron Wave"},{"not_picked":["Flex","Second Wind"],"picked":"Cleave"},{"not_picked":["Anger","Headbutt"],"picked":"Blood for Blood"},{"not_picked":["Thunderclap","Dual Wield"],"picked":"Iron Wave"},{"not_picked":["Clothesline","Body Slam"],"picked":"Flex"},{"not_picked":["Shrug It Off","Thunderclap"],"picked":"Body Slam"},{"not_picked":["Immolate","Impervious"],"picked":"Demon Form"}],"player_experience":26312,"potions_floor_usage":[7,12,12,16,20],"damage_taken":[{"damage":12,"enemies":"Small Slimes","floor":1,"turns":3},{"damage":10,"enemies":"2 Louse","floor":4,"turns":3},{"damage":0,"enemies":"Cultist","floor":5,"turns":2},{"damage":5,"enemies":"Lots of Slimes","floor":6,"turns":2},{"damage":14,"enemies":"Gremlin Nob","floor":7,"turns":3},{"damage":6,"enemies":"2 Fungi Beasts","floor":8,"turns":3},{"damage":16,"enemies":"Exordium Thugs","floor":11,"turns":5},{"damage":18,"enemies":"3 Sentries","floor":12,"turns":7},{"damage":0,"enemies":"Large Slime","floor":14,"turns":5},{"damage":22,"enemies":"Slime Boss","floor":16,"turns":8},{"damage":31,"enemies":"3 Byrds","floor":18,"turns":9},{"damage":38,"enemies":"Spheric Guardian","floor":19,"turns":6},{"damage":38,"enemies":"Slaver and Parasite","floor":20,"turns":3}],"event_choices":[{"event_name":"Scrap Ooze","player_choice":"success","floor":2,"damage_taken":3},{"event_name":"Golden Idol","player_choice":"Take Damage","floor":3,"damage_taken":0}],"boss_relics":[{"not_picked":["Black Blood","Ectoplasm"],"picked":"Calling Bell"}],"potions_floor_spawned":[4,6,11,14,19],"seed_played":"-6021151873675002094","killed_by":"Slaver and Parasite","is_trial":false}