{"gold_per_floor":[116,116,81,92,109,142,142,153,153,153,153,169,169],"floor_reached":13,"playtime":360,"items_purged":[],"score":111,"play_id":"f9951f09-a24a-4478-be87-9935b51299a1","local_time":"20190427154115","is_ascension_mode":true,"campfire_choices":[{"floor":7,"key":"REST"},{"floor":10,"key":"REST"}],"neow_cost":"PERCENT_DAMAGE","seed_source_timestamp":252914216287500,"circlet_count":0,"master_deck":["Strike_B","Strike_B","Strike_B","Strike_B","Defend_B","Defend_B","Defend_B","Zap","Dualcast","Genetic Algorithm","Conserve Battery","Cold Snap","Capacitor","Coolheaded"],"relics":["Cracked Core","Prayer Wheel","Letter Opener"],"potions_floor_usage":[],"damage_taken":[{"damage":2,"enemies":"2 Louse","floor":1,"turns":2},{"damage":5,"enemies":"Jaw Worm","floor":4,"turns":4},{"damage":11,"enemies":"Small Slimes","floor":5,"turns":3},{"damage":49,"enemies":"3 Sentries","floor":6,"turns":11},{"damage":8,"enemies":"2 Fungi Beasts","floor":8,"turns":3},{"damage":20,"enemies":"Exordium Wildlife","floor":12,"turns":7},{"damage":0,"enemies":"3 Louse","floor":13,"turns":1}],"seed_played":"-4148366121938662735","potions_obtained":[{"floor":5,"key":"FearPotion"},{"floor":8,"key":"GamblersBrew"},{"floor":12,"key":"Weak Potion"}],"is_trial":false,"path_per_floor":["M","?","?","M","M","E","R","M","T","R","?","M","M"],"character_chosen":"DEFECT","items_purchased":[],"campfire_rested":2,"item_purchase_floors":[],"current_hp_per_floor":[62,55,77,72,61,12,38,30,30,56,31,11,11],"gold":169,"neow_bonus":"TWENTY_PERCENT_HP_BONUS","is_prod":false,"is_daily":false,"chose_seed":false,"campfire_upgraded":0,"win_rate":0,"timestamp":1556394075,"path_taken":["M","?","?","M","M","E","R","M","T","R","?","M","M"],"build_version":"2019-01-23","purchased_purges":0,"victory":false,"max_hp_per_floor":[89,89,89,89,89,89,89,89,89,89,89,89,89],"card_choices":[{"not_picked":["Compile Driver","Beam Cell"],"picked":"Genetic Algorithm","floor":1},{"not_picked":["Compile Driver","Rebound","Sweeping Beam"],"picked":"SKIP","floor":4},{"not_picked":["Barrage","Reprogram"],"picked":"Conserve Battery","floor":5},{"not_picked":["Hyperbeam","Barrage"],"picked":"Cold Snap","floor":6},{"not_picked":["Skim","Genetic Algorithm"],"picked":"Capacitor","floor":8},{"not_picked":["Redo","Hello World","Blizzard"],"picked":"SKIP","floor":8},{"not_picked":["Streamline","Go for the Eyes"],"picked":"Coolheaded","floor":12},{"not_picked":["Beam Cell","Ball Lightning","Storm"],"picked":"SKIP","floor":12}],"player_experience":201247,"relics_obtained":[{"floor":6,"key":"Prayer Wheel"}],"event_choices":[{"cards_removed":["Defend_B"],"damage_healed":0,"gold_gain":0,"player_choice":"Card Removal","damage_taken":7,"max_hp_gain":0,"max_hp_loss":0,"event_name":"Golden Wing","floor":2,"gold_loss":0},{"damage_healed":22,"gold_gain":0,"player_choice":"Healed","damage_taken":0,"max_hp_gain":0,"max_hp_loss":0,"event_name":"The Cleric","floor":3,"gold_loss":35},{"damage_healed":0,"gold_gain":0,"player_choice":"Success","damage_taken":25,"relics_obtained":["Letter Opener"],"max_hp_gain":0,"max_hp_loss":0,"event_name":"Scrap Ooze","floor":11,"gold_loss":0}],"is_beta":false,"boss_relics":[],"items_purged_floors":[],"is_endless":false,"potions_floor_spawned":[5,8,12],"killed_by":"3 Louse","ascension_level":6}