{"gold_per_floor":[112,130,130,130,16,16,116,128,200,200],"floor_reached":10,"playtime":434,"items_purged":["Regret"],"score":70,"play_id":"a671a743-7b46-4122-b1f5-dfb57ae8ce27","local_time":"20190425041226","is_ascension_mode":true,"campfire_choices":[{"data":"Go for the Eyes","floor":6,"key":"SMITH"}],"neow_cost":"NONE","seed_source_timestamp":627495998806721,"circlet_count":0,"master_deck":["Strike_B","Strike_B","Strike_B","Defend_B","Defend_B","Defend_B","Defend_B","Zap+1","Dualcast","Go for the Eyes+1","Redo","Capacitor","Self Repair"],"relics":["Cracked Core","Lantern","Cables"],"potions_floor_usage":[10],"damage_taken":[{"damage":3,"enemies":"Small Slimes","floor":1,"turns":3},{"damage":6,"enemies":"Cultist","floor":2,"turns":3},{"damage":5,"enemies":"2 Louse","floor":8,"turns":2},{"damage":55,"enemies":"3 Sentries","floor":10,"turns":9}],"seed_played":"489155601700556880","potions_obtained":[{"floor":1,"key":"Poison Potion"},{"floor":2,"key":"Swift Potion"}],"is_trial":false,"path_per_floor":["M","M","?","?","$","R","?","M","T","E"],"character_chosen":"DEFECT","items_purchased":["Capacitor"],"campfire_rested":0,"item_purchase_floors":[5],"current_hp_per_floor":[72,66,66,59,59,59,59,54,54,0],"gold":200,"neow_bonus":"UPGRADE_CARD","is_prod":false,"is_daily":false,"chose_seed":false,"campfire_upgraded":1,"win_rate":0,"timestamp":1556179946,"path_taken":["M","M","?","?","$","R","?","M","T","E"],"build_version":"2019-01-23","purchased_purges":1,"victory":false,"max_hp_per_floor":[75,75,75,75,75,75,75,75,75,75],"card_choices":[{"not_picked":["Auto Shields","Rip and Tear"],"picked":"Go for the Eyes","floor":1},{"not_picked":["Rebound","Turbo"],"picked":"Redo","floor":2},{"not_picked":["Aggregate","Redo"],"picked":"Self Repair","floor":8}],"player_experience":226467,"relics_obtained":[{"floor":9,"key":"Cables"}],"event_choices":[{"damage_healed":0,"gold_gain":0,"player_choice":"Box","damage_taken":0,"relics_obtained":["Lantern"],"max_hp_gain":0,"max_hp_loss":0,"event_name":"Big Fish","floor":3,"gold_loss":0,"cards_obtained":["Regret"]},{"cards_removed":["Strike_B"],"damage_healed":0,"gold_gain":0,"player_choice":"Card Removal","damage_taken":7,"max_hp_gain":0,"max_hp_loss":0,"event_name":"Golden Wing","floor":4,"gold_loss":0},{"damage_healed":0,"gold_gain":100,"player_choice":"Pray","damage_taken":0,"max_hp_gain":0,"max_hp_loss":0,"event_name":"Golden Shrine","floor":7,"gold_loss":0}],"is_beta":false,"boss_relics":[],"items_purged_floors":[5],"is_endless":false,"potions_floor_spawned":[1,2],"killed_by":"3 Sentries","ascension_level":5}