{"gold_per_floor":[111,122,13,32,32,32,32,53,53,87,104,118,152,172,172,269,269,257,277,277,304,31,43,78,78,78,78,78,111,111],"floor_reached":30,"playtime":1198,"items_purged":["Strike_R"],"score":303,"play_id":"dc804b29-7a76-4c4d-a12e-0ba592bc9100","local_time":"20190909024158","is_ascension_mode":false,"campfire_choices":[{"data":"Bash","floor":7,"key":"SMITH"},{"floor":15,"key":"REST"},{"floor":27,"key":"REST"}],"neow_cost":"","seed_source_timestamp":478379200569600,"circlet_count":0,"master_deck":["Strike_R","Strike_R","Defend_R","Defend_R","Defend_R+1","Defend_R","Bash+1","True Grit","Impervious","Inflame","Disarm+1","Cleave","Sword Boomerang","Clothesline","True Grit","Feed","Uppercut","Intimidate","Apotheosis","Shockwave","Fiend Fire","Offering","Decay","Writhe","Battle Trance"],"relics":["Burning Blood","Odd Mushroom","Darkstone Periapt","Shuriken","Potion Belt","Philosopher\u0027s Stone","Pen Nib","Bronze Scales","Mercury Hourglass","Anchor","Boot"],"potions_floor_usage":[12,13,24],"damage_taken":[{"damage":9,"enemies":"2 Louse","floor":1,"turns":3},{"damage":3,"enemies":"Small Slimes","floor":2,"turns":3},{"damage":17,"enemies":"Jaw Worm","floor":4,"turns":4},{"damage":10,"enemies":"The Mushroom Lair","floor":8,"turns":4},{"damage":10,"enemies":"Lagavulin","floor":10,"turns":7},{"damage":15,"enemies":"Large Slime","floor":11,"turns":5},{"damage":6,"enemies":"3 Louse","floor":12,"turns":4},{"damage":12,"enemies":"Gremlin Nob","floor":13,"turns":4},{"damage":12,"enemies":"2 Fungi Beasts","floor":14,"turns":3},{"damage":32,"enemies":"The Guardian","floor":16,"turns":14},{"damage":32,"enemies":"2 Thieves","floor":18,"turns":4},{"damage":29,"enemies":"3 Byrds","floor":19,"turns":7},{"damage":17,"enemies":"Snake Plant","floor":23,"turns":5},{"damage":25,"enemies":"Gremlin Leader","floor":24,"turns":6},{"damage":33,"enemies":"Slavers","floor":29,"turns":5},{"damage":32,"enemies":"Masked Bandits","floor":30,"turns":3}],"seed_played":"8312945193990751898","potions_obtained":[{"floor":4,"key":"AttackPotion"},{"floor":8,"key":"Ancient Potion"},{"floor":10,"key":"EssenceOfSteel"},{"floor":16,"key":"Poison Potion"},{"floor":18,"key":"Poison Potion"},{"floor":29,"key":"LiquidBronze"}],"is_trial":false,"path_per_floor":["M","M","$","M","?","?","R","?","T","E","M","M","E","M","R","B",null,"M","M","?","T","$","M","E","?","T","R","?","E","?"],"character_chosen":"IRONCLAD","items_purchased":["Inflame","Disarm","Apotheosis","Shockwave"],"campfire_rested":2,"item_purchase_floors":[3,3,22,22],"current_hp_per_floor":[77,80,80,69,69,53,53,49,49,45,36,36,30,24,48,22,80,54,34,34,34,34,27,12,18,18,47,53,26,0],"gold":111,"neow_bonus":"","is_prod":false,"is_daily":false,"chose_seed":false,"campfire_upgraded":1,"win_rate":0.0,"timestamp":1568011318,"path_taken":["M","M","$","M","?","?","R","?","T","E","M","M","E","M","R","BOSS","M","M","?","?","$","M","E","?","T","R","?","E","?"],"build_version":"2019-08-26","purchased_purges":1,"victory":false,"max_hp_per_floor":[80,80,80,80,80,80,80,80,80,80,80,80,80,80,80,80,80,80,83,83,83,83,87,91,97,97,97,103,103,103],"card_choices":[{"not_picked":["Flex","Armaments"],"picked":"True Grit","floor":1},{"not_picked":["Armaments","Perfected Strike"],"picked":"Impervious","floor":2},{"not_picked":["Pommel Strike","Warcry"],"picked":"Cleave","floor":4},{"not_picked":["Anger","Armaments"],"picked":"Sword Boomerang","floor":8},{"not_picked":["Rupture","Perfected Strike","Body Slam"],"picked":"SKIP","floor":10},{"not_picked":["Headbutt","Iron Wave","Cleave"],"picked":"SKIP","floor":11},{"not_picked":["Seeing Red","Second Wind"],"picked":"Clothesline","floor":12},{"not_picked":["Clothesline","Whirlwind","Cleave"],"picked":"SKIP","floor":13},{"not_picked":["Bloodletting","Twin Strike"],"picked":"True Grit","floor":14},{"not_picked":["Dark Embrace","Juggernaut"],"picked":"Feed","floor":16},{"not_picked":["Anger","True Grit","Warcry"],"picked":"SKIP","floor":18},{"not_picked":["True Grit","Searing Blow","Pummel"],"picked":"SKIP","floor":19},{"not_picked":["Cleave","Bloodletting"],"picked":"Fiend Fire","floor":23},{"not_picked":["Dropkick","Flex+1"],"picked":"Offering","floor":24},{"not_picked":["Berserk","Twin Strike"],"picked":"Battle Trance","floor":29}],"player_experience":0,"relics_obtained":[{"floor":8,"key":"Odd Mushroom"},{"floor":9,"key":"Darkstone Periapt"},{"floor":10,"key":"Shuriken"},{"floor":13,"key":"Potion Belt"},{"floor":21,"key":"Pen Nib"},{"floor":24,"key":"Bronze Scales"},{"floor":26,"key":"Mercury Hourglass"},{"floor":29,"key":"Boot"}],"event_choices":[{"damage_healed":0,"gold_gain":0,"player_choice":"Ignored","damage_taken":0,"max_hp_gain":0,"max_hp_loss":0,"event_name":"Liars Game","floor":5,"gold_loss":0},{"damage_healed":0,"gold_gain":0,"player_choice":"Entered Light","damage_taken":16,"max_hp_gain":0,"max_hp_loss":0,"event_name":"Shining Light","floor":6,"gold_loss":0,"cards_upgraded":["Disarm","Defend_R"]},{"damage_healed":0,"gold_gain":0,"player_choice":"Fought Mushrooms","damage_taken":0,"max_hp_gain":0,"max_hp_loss":0,"event_name":"Mushrooms","floor":8,"gold_loss":0},{"damage_healed":0,"gold_gain":0,"cards_transformed":["Strike_R","Strike_R"],"player_choice":"Became Test Subject","damage_taken":0,"max_hp_gain":0,"max_hp_loss":0,"event_name":"Drug Dealer","floor":20,"gold_loss":0,"cards_obtained":["Uppercut","Intimidate"]},{"damage_healed":0,"gold_gain":0,"player_choice":"Smashed Altar","damage_taken":0,"max_hp_gain":0,"max_hp_loss":0,"event_name":"Forgotten Altar","floor":25,"gold_loss":0,"cards_obtained":["Decay"]},{"damage_healed":0,"gold_gain":0,"player_choice":"Opened","damage_taken":0,"relics_obtained":["Anchor"],"max_hp_gain":0,"max_hp_loss":0,"event_name":"The Mausoleum","floor":28,"gold_loss":0,"cards_obtained":["Writhe"]},{"damage_healed":0,"gold_gain":0,"player_choice":"Fought Bandits","damage_taken":0,"max_hp_gain":0,"max_hp_loss":0,"event_name":"Masked Bandits","floor":30,"gold_loss":0}],"is_beta":true,"boss_relics":[{"not_picked":["Black Star","Empty Cage"],"picked":"Philosopher\u0027s Stone"}],"items_purged_floors":[22],"is_endless":false,"potions_floor_spawned":[4,8,10,16,18,29],"killed_by":"Masked Bandits","ascension_level":0}