{"gold_per_floor":[109,159,173,191,205,205,233,233,259,259,259,106,122,163,163,256,256,256,256,256,171,221,221,261,261,308,308,325,40,54,65,65,142,142,160,160,176,190,201,201,216,230,230,10,10,10,23,34,34,34],"floor_reached":50,"playtime":2659,"items_purged":["Strike_G"],"score":948,"play_id":"e93f11b2-e3ab-47ed-a9bf-b6fbd2bdc933","local_time":"20190912221859","is_ascension_mode":true,"campfire_choices":[{"data":"Crippling Poison","floor":6,"key":"SMITH"},{"floor":8,"key":"REST"},{"floor":11,"key":"REST"},{"floor":15,"key":"REST"},{"data":"Glass Knife","floor":23,"key":"SMITH"},{"data":"Neutralize","floor":25,"key":"SMITH"},{"data":"The Bomb","floor":32,"key":"SMITH"},{"data":"Blur","floor":40,"key":"SMITH"},{"data":"Normality","floor":49,"key":"PURGE"}],"neow_cost":"NONE","seed_source_timestamp":197548394160300,"circlet_count":0,"master_deck":["AscendersBane","Strike_G+1","Defend_G+1","Defend_G+1","Defend_G+1","Defend_G+1","Defend_G+1","Survivor","Neutralize+1","PiercingWail","Leg Sweep+1","Poisoned Stab","Crippling Poison+1","Leg Sweep+1","Unload","Well Laid Plans","Flying Knee","Glass Knife+1","Finisher","Unload","Cloak And Dagger","Backflip","The Bomb+1","Blur+1","Poisoned Stab","Dash","Die Die Die","Sucker Punch","The Bomb+1"],"relics":["Ring of the Snake","Snake Skull","Orichalcum","Bloody Idol","Smiling Mask","Coffee Dripper","War Paint","Peace Pipe","Vajra","Cursed Key","Meat on the Bone","DollysMirror"],"potions_floor_usage":[7,16,18,31,33,41,50],"damage_taken":[{"damage":18,"enemies":"Jaw Worm","floor":1,"turns":7},{"damage":0,"enemies":"Cultist","floor":3,"turns":4},{"damage":0,"enemies":"2 Louse","floor":4,"turns":5},{"damage":0,"enemies":"Blue Slaver","floor":5,"turns":6},{"damage":31,"enemies":"3 Sentries","floor":7,"turns":18},{"damage":0,"enemies":"Looter","floor":13,"turns":4},{"damage":26,"enemies":"Gremlin Nob","floor":14,"turns":5},{"damage":26,"enemies":"Slime Boss","floor":16,"turns":9},{"damage":0,"enemies":"Spheric Guardian","floor":18,"turns":5},{"damage":6,"enemies":"Slavers","floor":24,"turns":6},{"damage":0,"enemies":"Shell Parasite","floor":28,"turns":5},{"damage":1,"enemies":"Snake Plant","floor":30,"turns":3},{"damage":4,"enemies":"Cultist and Chosen","floor":31,"turns":5},{"damage":54,"enemies":"Automaton","floor":33,"turns":11},{"damage":0,"enemies":"3 Shapes","floor":35,"turns":4},{"damage":0,"enemies":"Orb Walker","floor":37,"turns":3},{"damage":1,"enemies":"Writhing Mass","floor":38,"turns":7},{"damage":0,"enemies":"4 Shapes","floor":39,"turns":3},{"damage":1,"enemies":"Jaw Worm Horde","floor":41,"turns":5},{"damage":16,"enemies":"Maw","floor":42,"turns":9},{"damage":3,"enemies":"Sphere and 2 Shapes","floor":47,"turns":6},{"damage":1,"enemies":"4 Shapes","floor":48,"turns":3},{"damage":82,"enemies":"Awakened One","floor":50,"turns":21}],"seed_played":"1412158817545889422","potions_obtained":[{"floor":1,"key":"EssenceOfSteel"},{"floor":7,"key":"Fire Potion"},{"floor":13,"key":"SmokeBomb"},{"floor":24,"key":"Strength Potion"},{"floor":28,"key":"Ancient Potion"},{"floor":37,"key":"LiquidBronze"},{"floor":39,"key":"Energy Potion"},{"floor":47,"key":"Regen Potion"}],"is_trial":false,"path_per_floor":["M","?","M","M","M","R","E","R","T","?","R","$","M","E","R","B",null,"M","?","?","?","?","R","E","R","T","?","M","$","M","M","R","B",null,"M","?","M","M","M","R","M","M","T","$","T","?","M","M","R","B"],"character_chosen":"THE_SILENT","items_purchased":["Unload","The Bomb","Blur","DollysMirror"],"campfire_rested":3,"item_purchase_floors":[12,29,29,44],"current_hp_per_floor":[47,40,40,40,40,40,9,30,30,30,49,49,49,23,42,16,53,53,53,53,53,53,53,47,47,47,47,52,52,56,57,57,8,51,56,56,61,65,65,65,65,54,54,54,54,54,56,60,60,0],"gold":34,"neow_bonus":"TEN_PERCENT_HP_BONUS","is_prod":false,"is_daily":false,"chose_seed":false,"campfire_upgraded":5,"win_rate":0,"timestamp":1568341139,"path_taken":["M","?","?","M","M","R","E","R","T","?","R","$","M","E","R","BOSS","M","?","?","?","?","R","E","R","T","?","M","$","?","M","R","BOSS","M","?","M","M","M","R","M","M","T","?","?","?","M","?","R","BOSS"],"build_version":"2019-07-17","purchased_purges":1,"victory":false,"max_hp_per_floor":[72,72,72,72,72,72,72,72,72,65,65,65,65,65,65,65,65,65,65,65,65,65,65,65,65,65,65,65,65,65,65,65,65,65,65,65,65,65,65,65,65,65,65,65,65,65,65,65,65,65],"card_choices":[{"not_picked":["Flechettes","Bane"],"picked":"PiercingWail","floor":1},{"not_picked":["PiercingWail","Catalyst"],"picked":"Leg Sweep","floor":3},{"not_picked":["Accuracy","Well Laid Plans"],"picked":"Poisoned Stab","floor":4},{"not_picked":["Underhanded Strike","Choke"],"picked":"Crippling Poison","floor":5},{"not_picked":["Deadly Poison","Terror"],"picked":"Leg Sweep","floor":7},{"not_picked":["Setup","Flechettes"],"picked":"Well Laid Plans","floor":13},{"not_picked":["Backflip","Underhanded Strike"],"picked":"Flying Knee","floor":14},{"not_picked":["A Thousand Cuts","Storm of Steel"],"picked":"Glass Knife","floor":16},{"not_picked":["Acrobatics+1","Sucker Punch"],"picked":"Cloak And Dagger","floor":24},{"not_picked":["Cloak And Dagger","Blade Dance"],"picked":"Backflip","floor":28},{"not_picked":["Finisher","Dagger Spray"],"picked":"Poisoned Stab","floor":30},{"not_picked":["Dagger Throw","Prepared+1"],"picked":"Dash","floor":31},{"not_picked":["Night Terror","Venomology"],"picked":"Die Die Die","floor":33},{"not_picked":["Slice+1","Prepared","Bouncing Flask"],"picked":"SKIP","floor":35},{"not_picked":["Blade Dance","Grand Finale","Dodge and Roll"],"picked":"SKIP","floor":37},{"not_picked":["Riddle With Holes","Escape Plan"],"picked":"Sucker Punch","floor":38},{"not_picked":["Outmaneuver","Quick Slash","Cloak And Dagger"],"picked":"SKIP","floor":39},{"not_picked":["Terror","Deadly Poison","Flying Knee"],"picked":"SKIP","floor":41},{"not_picked":["Quick Slash+1","Underhanded Strike","Accuracy"],"picked":"SKIP","floor":42},{"not_picked":["Catalyst","Acrobatics","Prepared+1"],"picked":"SKIP","floor":47},{"not_picked":["Dagger Spray","Dodge and Roll","Catalyst+1"],"picked":"SKIP","floor":48}],"player_experience":884325,"relics_obtained":[{"floor":7,"key":"Snake Skull"},{"floor":9,"key":"Orichalcum"},{"floor":14,"key":"Smiling Mask"},{"floor":24,"key":"Peace Pipe"},{"floor":26,"key":"Vajra"},{"floor":43,"key":"Meat on the Bone"}],"event_choices":[{"damage_healed":0,"gold_gain":50,"player_choice":"Touch","damage_taken":7,"max_hp_gain":0,"max_hp_loss":0,"event_name":"FaceTrader","floor":2,"gold_loss":0},{"damage_healed":0,"gold_gain":0,"player_choice":"Lose Max HP","damage_taken":0,"relics_obtained":["Golden Idol"],"max_hp_gain":0,"max_hp_loss":7,"event_name":"Golden Idol","floor":10,"gold_loss":0},{"damage_healed":0,"gold_gain":0,"player_choice":"Simplicity","damage_taken":0,"max_hp_gain":0,"max_hp_loss":0,"event_name":"Back to Basics","floor":19,"gold_loss":0,"cards_upgraded":["Strike_G","Strike_G","Strike_G","Strike_G","Defend_G","Defend_G","Defend_G","Defend_G","Defend_G"]},{"damage_healed":0,"gold_gain":0,"cards_transformed":["Strike_G","Strike_G"],"player_choice":"Became Test Subject","damage_taken":0,"max_hp_gain":0,"max_hp_loss":0,"event_name":"Drug Dealer","floor":20,"gold_loss":0,"cards_obtained":["Finisher","Unload"]},{"damage_healed":0,"gold_gain":0,"player_choice":"Obtained Relic","damage_taken":0,"relics_obtained":["War Paint"],"max_hp_gain":0,"max_hp_loss":0,"event_name":"Addict","floor":21,"gold_loss":85},{"damage_healed":0,"gold_gain":50,"player_choice":"Stole From Cult","damage_taken":0,"max_hp_gain":0,"max_hp_loss":0,"event_name":"Nest","floor":22,"gold_loss":0},{"damage_healed":0,"gold_gain":0,"player_choice":"Gave Idol","damage_taken":0,"relics_obtained":["Bloody Idol"],"max_hp_gain":0,"max_hp_loss":0,"event_name":"Forgotten Altar","floor":27,"relics_lost":["Golden Idol"],"gold_loss":0},{"cards_removed":["Strike_G"],"damage_healed":0,"gold_gain":0,"player_choice":"Removed Attack","damage_taken":0,"max_hp_gain":0,"max_hp_loss":0,"event_name":"Falling","floor":36,"gold_loss":0},{"damage_healed":0,"gold_gain":0,"player_choice":"Ignored","damage_taken":0,"max_hp_gain":0,"max_hp_loss":0,"event_name":"Mysterious Sphere","floor":46,"gold_loss":0}],"is_beta":false,"boss_relics":[{"not_picked":["WristBlade","White Beast Statue"],"picked":"Coffee Dripper"},{"not_picked":["Black Star","Pandora\u0027s Box"],"picked":"Cursed Key"}],"items_purged_floors":[12],"is_endless":false,"potions_floor_spawned":[1,7,13,14,24,28,37,39,47,48],"killed_by":"Awakened One","ascension_level":20}