{"gold_per_floor":[109,126,4,15,15,15,30,59,86,86,104,104,119,99,99,196,196,216,235,235,245,258,258,274,274,274,274,301,330,342,367,379,486,498,528,540,552,577,188,188,206,222,222,222,222,241,258,273,273,273],"floor_reached":50,"playtime":4484,"items_purged":["Defend_G"],"score":522,"play_id":"13a36875-90bd-49ac-8077-a2d7f98e7110","local_time":"20190910233814","is_ascension_mode":false,"campfire_choices":[{"data":"Noxious Fumes","floor":6,"key":"SMITH"},{"floor":10,"key":"REST"},{"floor":15,"key":"REST"},{"floor":23,"key":"REST"},{"floor":25,"key":"REST"},{"floor":27,"key":"REST"},{"floor":30,"key":"REST"},{"floor":32,"key":"REST"},{"floor":40,"key":"REST"},{"floor":49,"key":"REST"}],"neow_cost":"NONE","seed_source_timestamp":1587336043477000,"circlet_count":0,"master_deck":["Strike_G","Strike_G","Strike_G","Defend_G","Defend_G","Defend_G","Survivor","Neutralize","Outmaneuver","Cloak And Dagger","Backflip","Noxious Fumes+1","Bouncing Flask","Backflip","Slice","Well Laid Plans","Iron Wave","Distraction","Dagger Spray","Tools of the Trade","Blur","Acrobatics+1","Dagger Spray","Dagger Spray+1","Slice+1","Deflect","Footwork+1","Blade Dance+1","Venomology","Deadly Poison+1","Flash of Steel","Escape Plan","Backflip+1","Underhanded Strike+1","Sucker Punch+1","Crippling Poison","Catalyst+1","Backflip+1"],"relics":["Ring of the Snake","Smiling Mask","Strawberry","Fusion Hammer","Frozen Egg 2","MawBank","WristBlade","Boot","TwistedFunnel","Bottled Lightning"],"potions_floor_usage":[28,33,38,41,42,47,47,47,48,50,50,50],"damage_taken":[{"damage":6,"enemies":"2 Louse","floor":1,"turns":3},{"damage":0,"enemies":"Cultist","floor":2,"turns":4},{"damage":3,"enemies":"Jaw Worm","floor":4,"turns":4},{"damage":3,"enemies":"Blue Slaver","floor":7,"turns":5},{"damage":25,"enemies":"Lagavulin","floor":8,"turns":7},{"damage":15,"enemies":"Lots of Slimes","floor":11,"turns":4},{"damage":8,"enemies":"2 Fungi Beasts","floor":13,"turns":4},{"damage":1,"enemies":"Exordium Thugs","floor":14,"turns":4},{"damage":27,"enemies":"Slime Boss","floor":16,"turns":11},{"damage":17,"enemies":"2 Thieves","floor":18,"turns":4},{"damage":6,"enemies":"Shell Parasite","floor":19,"turns":8},{"damage":18,"enemies":"Centurion and Healer","floor":21,"turns":12},{"damage":16,"enemies":"Chosen and Byrds","floor":22,"turns":7},{"damage":19,"enemies":"3 Cultists","floor":24,"turns":5},{"damage":31,"enemies":"Book of Stabbing","floor":28,"turns":7},{"damage":23,"enemies":"Snake Plant","floor":29,"turns":7},{"damage":6,"enemies":"Centurion and Healer","floor":31,"turns":9},{"damage":40,"enemies":"Collector","floor":33,"turns":9},{"damage":19,"enemies":"3 Darklings","floor":35,"turns":6},{"damage":7,"enemies":"3 Shapes","floor":38,"turns":5},{"damage":21,"enemies":"Writhing Mass","floor":41,"turns":6},{"damage":17,"enemies":"3 Darklings","floor":42,"turns":3},{"damage":22,"enemies":"Jaw Worm Horde","floor":46,"turns":4},{"damage":17,"enemies":"Sphere and 2 Shapes","floor":47,"turns":6},{"damage":11,"enemies":"3 Darklings","floor":48,"turns":5},{"damage":33,"enemies":"Donu and Deca","floor":50,"turns":8}],"seed_played":"-2980433861018656143","potions_obtained":[{"floor":4,"key":"SteroidPotion"},{"floor":7,"key":"Explosive Potion"},{"floor":19,"key":"Block Potion"},{"floor":28,"key":"Poison Potion"},{"floor":33,"key":"Energy Potion"},{"floor":47,"key":"Energy Potion"},{"floor":48,"key":"EssenceOfSteel"}],"is_trial":false,"path_per_floor":["M","M","$","M","?","R","M","E","T","R","M","?","M","M","R","B",null,"M","M","?","M","M","R","M","R","T","R","E","M","R","M","R","B",null,"M","?","?","M","$","R","M","M","T","?","?","M","M","M","R","B"],"character_chosen":"THE_SILENT","items_purchased":["Noxious Fumes","Fire Potion","Boot","TwistedFunnel"],"campfire_rested":9,"item_purchase_floors":[3,3,39,39],"current_hp_per_floor":[64,64,64,61,61,61,58,33,40,63,48,48,40,39,62,35,77,60,54,54,36,20,43,24,47,47,70,39,16,39,33,56,16,77,58,58,58,51,51,74,53,36,36,36,36,14,12,1,24,0],"gold":273,"neow_bonus":"THREE_CARDS","is_prod":false,"is_daily":false,"chose_seed":false,"campfire_upgraded":1,"win_rate":0.0,"timestamp":1568173094,"path_taken":["M","M","$","M","?","R","M","E","T","R","M","?","?","M","R","BOSS","M","M","?","M","M","R","M","R","T","R","E","M","R","M","R","BOSS","M","?","?","M","$","R","?","M","T","?","?","?","M","M","R","BOSS"],"build_version":"2019-07-17","purchased_purges":1,"victory":false,"max_hp_per_floor":[70,70,70,70,70,70,70,70,77,77,77,77,77,77,77,77,77,77,77,77,77,77,77,77,77,77,77,77,77,77,77,77,77,77,77,77,77,77,77,77,77,77,77,77,77,77,77,77,77,77],"card_choices":[{"not_picked":["Blade Dance","Dash"],"picked":"Outmaneuver","floor":0},{"not_picked":["PiercingWail","Sucker Punch"],"picked":"Cloak And Dagger","floor":1},{"not_picked":["Dash","Infinite Blades"],"picked":"Backflip","floor":2},{"not_picked":["Bane","Tactician"],"picked":"Bouncing Flask","floor":4},{"not_picked":["Predator","Crippling Poison"],"picked":"Backflip","floor":7},{"not_picked":["Terror","Bouncing Flask"],"picked":"Slice","floor":8},{"not_picked":["Underhanded Strike","Noxious Fumes"],"picked":"Well Laid Plans","floor":11},{"not_picked":["Wraith Form v2","Terror"],"picked":"Distraction","floor":13},{"not_picked":["Expertise","Eviscerate"],"picked":"Dagger Spray","floor":14},{"not_picked":["Phantasmal Killer","Malaise"],"picked":"Tools of the Trade","floor":16},{"not_picked":["Terror","Dodge and Roll"],"picked":"Blur","floor":18},{"not_picked":["Underhanded Strike","Slice"],"picked":"Acrobatics+1","floor":19},{"not_picked":["Poisoned Stab","Prepared"],"picked":"Dagger Spray","floor":21},{"not_picked":["Night Terror","Escape Plan+1"],"picked":"Dagger Spray+1","floor":22},{"not_picked":["Dagger Throw","Riddle With Holes"],"picked":"Slice+1","floor":24},{"not_picked":["Eviscerate","Finisher"],"picked":"Deflect","floor":28},{"not_picked":["Acrobatics","Sucker Punch"],"picked":"Footwork+1","floor":29},{"not_picked":["Poisoned Stab","Reflex"],"picked":"Blade Dance+1","floor":31},{"not_picked":["Wraith Form v2+1","Night Terror"],"picked":"Venomology","floor":33},{"not_picked":["Poisoned Stab","Underhanded Strike+1"],"picked":"Deadly Poison+1","floor":35},{"not_picked":["Madness","Transmutation"],"picked":"Flash of Steel","floor":36},{"not_picked":["Masterful Stab+1","Blade Dance+1"],"picked":"Backflip","floor":38},{"not_picked":["Slice","Terror+1"],"picked":"Underhanded Strike+1","floor":41},{"not_picked":["Tactician","Acrobatics"],"picked":"Sucker Punch+1","floor":42},{"not_picked":["Choke+1","Finisher"],"picked":"Crippling Poison","floor":46},{"not_picked":["Dagger Spray+1","Prepared"],"picked":"Catalyst+1","floor":47},{"not_picked":["PiercingWail+1","Phantasmal Killer"],"picked":"Backflip+1","floor":48}],"player_experience":77740,"relics_obtained":[{"floor":8,"key":"Smiling Mask"},{"floor":9,"key":"Strawberry"},{"floor":26,"key":"Frozen Egg 2"},{"floor":28,"key":"MawBank"},{"floor":43,"key":"Bottled Lightning"}],"event_choices":[{"damage_healed":0,"gold_gain":0,"player_choice":"Ignored","damage_taken":0,"max_hp_gain":0,"max_hp_loss":0,"event_name":"Golden Wing","floor":5,"gold_loss":0},{"cards_removed":["Strike_G"],"damage_healed":0,"gold_gain":0,"player_choice":"Took Card","damage_taken":0,"max_hp_gain":0,"max_hp_loss":0,"event_name":"NoteForYourself","floor":12,"gold_loss":0,"cards_obtained":["Iron Wave"]},{"cards_removed":["Strike_G"],"damage_healed":0,"gold_gain":0,"player_choice":"Elegance","damage_taken":0,"max_hp_gain":0,"max_hp_loss":0,"event_name":"Back to Basics","floor":20,"gold_loss":0},{"damage_healed":0,"gold_gain":0,"player_choice":"Memory 1","damage_taken":0,"max_hp_gain":0,"max_hp_loss":0,"event_name":"SensoryStone","floor":36,"gold_loss":0},{"damage_healed":0,"gold_gain":0,"cards_transformed":["Defend_G"],"player_choice":"Transformed","damage_taken":0,"max_hp_gain":0,"max_hp_loss":0,"event_name":"Transmorgrifier","floor":37,"gold_loss":0,"cards_obtained":["Escape Plan"]},{"damage_healed":0,"gold_gain":0,"player_choice":"Ignored","damage_taken":0,"max_hp_gain":0,"max_hp_loss":0,"event_name":"The Moai Head","floor":44,"gold_loss":0},{"damage_healed":0,"gold_gain":0,"player_choice":"Forge","damage_taken":0,"max_hp_gain":0,"max_hp_loss":0,"event_name":"Accursed Blacksmith","floor":45,"gold_loss":0,"cards_upgraded":["Backflip"]}],"is_beta":false,"boss_relics":[{"not_picked":["Sozu","Calling Bell"],"picked":"Fusion Hammer"},{"not_picked":["Ring of the Serpent","Lizard Tail"],"picked":"WristBlade"}],"items_purged_floors":[39],"is_endless":false,"potions_floor_spawned":[4,7,11,16,18,19,28,33,46,47,48],"killed_by":"Donu and Deca","ascension_level":0}