{"gold_per_floor":[10,20,37,57,57,92,92,128,153,153,153,153,153,171,171,291,291,310,310,225,75,118,158,158,196,266,266,266,307,330,343,343,463,463,482,92,217,217,232,232,266,266,266,285,325,325,350,375,375,375,375,375,83,124,124],"floor_reached":56,"playtime":3484,"items_purged":["Strike_R","Strike_R"],"score":1626,"play_id":"025db3d8-4f01-4303-81b6-c0e8c8983283","local_time":"20190818225704","is_ascension_mode":true,"campfire_choices":[{"data":"Armaments","floor":7,"key":"SMITH"},{"data":"True Grit","floor":10,"key":"SMITH"},{"floor":12,"key":"REST"},{"data":"Strike_R","floor":15,"key":"PURGE"},{"data":"Inflame","floor":24,"key":"SMITH"},{"floor":28,"key":"REST"},{"data":"Limit Break","floor":32,"key":"SMITH"},{"data":"Strike_R","floor":40,"key":"PURGE"},{"floor":46,"key":"RECALL"},{"data":"Strike_R+1","floor":49,"key":"PURGE"},{"data":"Cleave","floor":52,"key":"PURGE"}],"neow_cost":"NO_GOLD","seed_source_timestamp":5628043856836592,"circlet_count":0,"master_deck":["Defend_R","Defend_R","Defend_R","Bash","True Grit+1","Pommel Strike","Clothesline","Anger+1","Corruption+1","Feel No Pain+1","Armaments+1","Reaper+1","Uppercut","Feed","Shrug It Off+1","Sentinel","Rampage+1","Shrug It Off","Inflame+1","Impervious","Necronomicurse","Barricade","Limit Break+1","Evolve","Dark Embrace","Flame Barrier+1","Entrench","Sword Boomerang","Battle Trance+1","Heavy Blade","Feel No Pain","Rage+1","Clothesline+1","Body Slam+1","Shockwave+1","Spot Weakness+1"],"relics":["Burning Blood","Prayer Wheel","Golden Idol","Peace Pipe","Bag of Preparation","Strawberry","Snecko Eye","Pen Nib","Red Mask","Oddly Smooth Stone","Orichalcum","Matryoshka","Necronomicon","Centennial Puzzle","Fusion Hammer","Turnip","Thread and Needle","Question Card","Whetstone","Ice Cream","Du-Vu Doll","Lantern"],"potions_floor_usage":[8,16,16,55,55,55],"damage_taken":[{"damage":9,"enemies":"Jaw Worm","floor":1,"turns":4},{"damage":8,"enemies":"2 Louse","floor":2,"turns":2},{"damage":12,"enemies":"Small Slimes","floor":3,"turns":3},{"damage":12,"enemies":"Exordium Wildlife","floor":4,"turns":2},{"damage":31,"enemies":"Gremlin Nob","floor":6,"turns":5},{"damage":24,"enemies":"Lagavulin","floor":8,"turns":6},{"damage":11,"enemies":"3 Louse","floor":14,"turns":4},{"damage":30,"enemies":"Slime Boss","floor":16,"turns":11},{"damage":4,"enemies":"Spheric Guardian","floor":18,"turns":5},{"damage":17,"enemies":"Masked Bandits","floor":22,"turns":5},{"damage":52,"enemies":"Slavers","floor":23,"turns":8},{"damage":21,"enemies":"Book of Stabbing","floor":25,"turns":5},{"damage":4,"enemies":"Slavers","floor":29,"turns":4},{"damage":0,"enemies":"Chosen","floor":30,"turns":8},{"damage":10,"enemies":"Centurion and Healer","floor":31,"turns":3},{"damage":23,"enemies":"Collector","floor":33,"turns":10},{"damage":38,"enemies":"3 Darklings","floor":35,"turns":4},{"damage":4,"enemies":"Mind Bloom Boss Battle","floor":37,"turns":4},{"damage":0,"enemies":"Orb Walker","floor":39,"turns":3},{"damage":0,"enemies":"Reptomancer","floor":41,"turns":3},{"damage":2,"enemies":"Writhing Mass","floor":44,"turns":4},{"damage":14,"enemies":"Nemesis","floor":45,"turns":7},{"damage":0,"enemies":"Sphere and 2 Shapes","floor":47,"turns":2},{"damage":14,"enemies":"4 Shapes","floor":48,"turns":4},{"damage":16,"enemies":"Donu and Deca","floor":50,"turns":5},{"damage":25,"enemies":"Shield and Spear","floor":54,"turns":4},{"damage":35,"enemies":"The Heart","floor":55,"turns":7}],"seed_played":"-8046893591784196505","potions_obtained":[{"floor":3,"key":"AttackPotion"},{"floor":6,"key":"AttackPotion"},{"floor":8,"key":"FearPotion"},{"floor":30,"key":"LiquidBronze"},{"floor":31,"key":"FearPotion"},{"floor":44,"key":"GamblersBrew"},{"floor":45,"key":"EssenceOfSteel"}],"is_trial":false,"path_per_floor":["M","M","M","M","?","E","R","E","T","R","?","R","?","M","R","B",null,"M","?","?","$","?","E","R","E","T","?","R","E","M","M","R","B",null,"M","$","?","?","M","R","E","?","T","M","E","R","M","M","R","B",null,"R","$","E","B",null],"character_chosen":"IRONCLAD","items_purchased":["Rampage","Turnip","Du-Vu Doll"],"campfire_rested":2,"item_purchase_floors":[21,36,53],"current_hp_per_floor":[77,75,69,63,63,38,38,24,31,31,15,39,39,49,49,37,70,72,72,72,72,71,39,39,31,31,15,41,91,95,94,94,88,96,95,95,97,97,98,98,102,102,102,102,105,105,105,105,105,105,105,105,105,91,62],"gold":124,"neow_bonus":"ONE_RARE_RELIC","is_prod":false,"is_daily":false,"chose_seed":false,"campfire_upgraded":4,"win_rate":0,"timestamp":1566183424,"path_taken":["M","M","M","M","?","E","R","E","T","R","?","R","?","M","R","BOSS","M","?","?","?","?","E","R","E","T","?","R","E","M","M","R","BOSS","M","$","?","?","?","R","E","?","T","M","E","R","M","?","R","BOSS","R","$","E","BOSS"],"build_version":"2019-07-17","purchased_purges":2,"victory":true,"max_hp_per_floor":[80,80,80,80,74,74,74,74,81,81,81,81,81,81,81,81,81,81,81,81,81,85,89,89,89,89,89,89,92,95,98,98,98,98,98,98,98,98,98,98,102,102,102,102,105,105,105,105,105,105,105,105,105,105,105],"card_choices":[{"not_picked":["Perfected Strike","Dropkick"],"picked":"True Grit","floor":1},{"not_picked":["Iron Wave","Headbutt"],"picked":"Cleave","floor":1},{"not_picked":["Whirlwind","Perfected Strike"],"picked":"Pommel Strike","floor":2},{"not_picked":["Shrug It Off","Armaments"],"picked":"Clothesline","floor":2},{"not_picked":["Perfected Strike","Flex"],"picked":"Anger","floor":3},{"not_picked":["Rupture","Heavy Blade"],"picked":"Corruption","floor":3},{"not_picked":["Flex","Clothesline"],"picked":"Feel No Pain","floor":4},{"not_picked":["Reckless Charge","Carnage"],"picked":"Armaments","floor":4},{"not_picked":["Intimidate","Clothesline"],"picked":"Reaper","floor":6},{"not_picked":["Pommel Strike","Armaments"],"picked":"Uppercut","floor":8},{"not_picked":["Warcry","Pommel Strike","Perfected Strike"],"picked":"SKIP","floor":14},{"not_picked":["Heavy Blade","Pommel Strike","Iron Wave"],"picked":"SKIP","floor":14},{"not_picked":["Exhume","Impervious"],"picked":"Feed","floor":16},{"not_picked":["Wild Strike+1","Searing Blow"],"picked":"Shrug It Off+1","floor":18},{"not_picked":["Armaments+1","Evolve"],"picked":"Sentinel","floor":18},{"not_picked":["Cleave","Thunderclap"],"picked":"Shrug It Off","floor":22},{"not_picked":["Disarm+1","Power Through"],"picked":"Inflame","floor":23},{"not_picked":["Sword Boomerang","Shrug It Off+1"],"picked":"Impervious","floor":25},{"not_picked":["Disarm","Bloodletting"],"picked":"Barricade","floor":29},{"not_picked":["Wild Strike+1","Pommel Strike","Clash"],"picked":"SKIP","floor":30},{"not_picked":["Havoc","Armaments+1","Twin Strike"],"picked":"SKIP","floor":30},{"not_picked":["Sword Boomerang","True Grit"],"picked":"Limit Break","floor":31},{"not_picked":["Reckless Charge","Searing Blow"],"picked":"Evolve","floor":31},{"not_picked":["Fiend Fire","Feed"],"picked":"Dark Embrace","floor":33},{"not_picked":["Iron Wave+1","Uppercut"],"picked":"Flame Barrier+1","floor":35},{"not_picked":["Sever Soul+1","Clash","Havoc+1"],"picked":"SKIP","floor":35},{"not_picked":["Thunderclap","Seeing Red"],"picked":"Entrench","floor":37},{"not_picked":["Anger+1","Burning Pact"],"picked":"Sword Boomerang","floor":39},{"not_picked":["Flex","Clothesline+1"],"picked":"Battle Trance+1","floor":39},{"not_picked":["Whirlwind","Flex"],"picked":"Heavy Blade","floor":41},{"not_picked":["Wild Strike+1","Feed","Headbutt","Armaments"],"picked":"SKIP","floor":44},{"not_picked":["Headbutt","Fire Breathing+1","Reckless Charge+1","Havoc+1"],"picked":"SKIP","floor":44},{"not_picked":["Second Wind","Rampage+1","Sever Soul+1"],"picked":"Rage+1","floor":45},{"not_picked":["Twin Strike+1","Cleave+1","Perfected Strike"],"picked":"Clothesline+1","floor":47},{"not_picked":["Barricade","Burning Pact+1","Shrug It Off+1"],"picked":"Body Slam+1","floor":47},{"not_picked":["Headbutt+1","Twin Strike+1","Clothesline"],"picked":"Shockwave+1","floor":48},{"not_picked":["Iron Wave+1","Combust","Body Slam+1","Warcry+1"],"picked":"SKIP","floor":48},{"not_picked":["Feed","Sword Boomerang+1","Bloodletting"],"picked":"Spot Weakness+1","floor":54}],"player_experience":367056,"relics_obtained":[{"floor":6,"key":"Peace Pipe"},{"floor":8,"key":"Bag of Preparation"},{"floor":9,"key":"Strawberry"},{"floor":22,"key":"Red Mask"},{"floor":23,"key":"Oddly Smooth Stone"},{"floor":25,"key":"Orichalcum"},{"floor":26,"key":"Matryoshka"},{"floor":27,"key":"Necronomicon"},{"floor":29,"key":"Centennial Puzzle"},{"floor":37,"key":"Thread and Needle"},{"floor":41,"key":"Question Card"},{"floor":43,"key":"Whetstone"},{"floor":45,"key":"Ice Cream"},{"floor":54,"key":"Lantern"}],"event_choices":[{"damage_healed":0,"gold_gain":0,"player_choice":"Lose Max HP","damage_taken":0,"relics_obtained":["Golden Idol"],"max_hp_gain":0,"max_hp_loss":6,"event_name":"Golden Idol","floor":5,"gold_loss":0},{"damage_healed":0,"gold_gain":0,"player_choice":"Entered Light","damage_taken":16,"max_hp_gain":0,"max_hp_loss":0,"event_name":"Shining Light","floor":11,"gold_loss":0,"cards_upgraded":["Strike_R","Reaper"]},{"damage_healed":0,"gold_gain":0,"player_choice":"Grow","damage_taken":0,"max_hp_gain":0,"max_hp_loss":0,"event_name":"Living Wall","floor":13,"gold_loss":0,"cards_upgraded":["Corruption"]},{"damage_healed":0,"gold_gain":0,"player_choice":"Ignored","damage_taken":0,"max_hp_gain":0,"max_hp_loss":0,"event_name":"Ghosts","floor":19,"gold_loss":0},{"damage_healed":0,"gold_gain":0,"player_choice":"Obtained Relic","damage_taken":0,"relics_obtained":["Pen Nib"],"max_hp_gain":0,"max_hp_loss":0,"event_name":"Addict","floor":20,"gold_loss":85},{"damage_healed":0,"gold_gain":0,"player_choice":"Fought Bandits","damage_taken":0,"max_hp_gain":0,"max_hp_loss":0,"event_name":"Masked Bandits","floor":22,"gold_loss":0},{"damage_healed":0,"gold_gain":0,"player_choice":"Obtained Book","damage_taken":16,"max_hp_gain":0,"max_hp_loss":0,"event_name":"Cursed Tome","floor":27,"gold_loss":0},{"damage_healed":0,"gold_gain":0,"player_choice":"Fight","damage_taken":0,"max_hp_gain":0,"max_hp_loss":0,"event_name":"MindBloom","floor":37,"gold_loss":0},{"damage_healed":0,"gold_gain":0,"player_choice":"Upgraded","damage_taken":0,"max_hp_gain":0,"max_hp_loss":0,"event_name":"Upgrade Shrine","floor":38,"gold_loss":0,"cards_upgraded":["Feel No Pain"]},{"damage_healed":0,"gold_gain":0,"cards_transformed":["Defend_R"],"player_choice":"Transformed","damage_taken":0,"max_hp_gain":0,"max_hp_loss":0,"event_name":"Transmorgrifier","floor":42,"gold_loss":0,"cards_obtained":["Feel No Pain"]}],"is_beta":false,"boss_relics":[{"not_picked":["Runic Cube","Ectoplasm"],"picked":"Snecko Eye"},{"not_picked":["Coffee Dripper","Black Blood"],"picked":"Fusion Hammer"}],"items_purged_floors":[21,36],"is_endless":false,"potions_floor_spawned":[3,6,8,30,31,44,45,47],"ascension_level":5}