{"gold_per_floor":[111,286,302,32,47,47,65,65,65,65,76,138,206,223,223,223],"floor_reached":16,"playtime":762,"items_purged":["Doubt"],"score":143,"play_id":"f68541b3-c32a-43aa-bdb9-8cfa040f31e2","local_time":"20190729162129","is_ascension_mode":true,"campfire_choices":[{"data":"Neutralize","floor":6.0,"key":"SMITH"},{"data":"Dodge and Roll","floor":8.0,"key":"SMITH"},{"data":"Survivor","floor":10.0,"key":"SMITH"},{"floor":15.0,"key":"REST"}],"neow_cost":"NONE","seed_source_timestamp":185714219304500,"circlet_count":0,"master_deck":["Strike_G","Strike_G","Strike_G","Strike_G","Defend_G","Defend_G","Defend_G","Defend_G","Defend_G","Survivor+1","Neutralize+1","Predator","Dodge and Roll+1","Poisoned Stab","Noxious Fumes","Flechettes","After Image","Blur"],"special_seed":0,"relics":["Ring of the Snake","Toolbox","Letter Opener","Nunchaku","Bird Faced Urn"],"potions_floor_usage":[16],"damage_taken":[{"damage":0.0,"enemies":"Cultist","floor":1.0,"turns":4.0},{"damage":0.0,"enemies":"2 Louse","floor":3.0,"turns":3.0},{"damage":7.0,"enemies":"Jaw Worm","floor":5.0,"turns":5.0},{"damage":2.0,"enemies":"Blue Slaver","floor":7.0,"turns":4.0},{"damage":0.0,"enemies":"3 Louse","floor":11.0,"turns":3.0},{"damage":7.0,"enemies":"Gremlin Nob","floor":12.0,"turns":4.0},{"damage":35.0,"enemies":"3 Sentries","floor":13.0,"turns":9.0},{"damage":1.0,"enemies":"2 Fungi Beasts","floor":14.0,"turns":4.0},{"damage":47,"enemies":"Slime Boss","floor":16,"turns":11}],"seed_played":"805041451376174506","potions_obtained":[{"floor":1.0,"key":"Fire Potion"},{"floor":5.0,"key":"SneckoOil"},{"floor":12.0,"key":"SpeedPotion"},{"floor":14.0,"key":"Energy Potion"}],"is_trial":false,"path_per_floor":["M","?","M","$","M","R","M","R","T","R","M","?","E","M","R","B"],"character_chosen":"THE_SILENT","items_purchased":["Toolbox"],"campfire_rested":1,"item_purchase_floors":[4],"current_hp_per_floor":[63,63,63,63,56,56,54,54,54,54,54,47,12,13,34,0],"gold":223,"neow_bonus":"REMOVE_CARD","is_prod":false,"is_daily":false,"chose_seed":false,"campfire_upgraded":3,"win_rate":0,"timestamp":1564431689,"path_taken":["M","?","M","$","M","R","M","R","T","R","M","?","E","M","R","BOSS"],"build_version":"2019-07-17","purchased_purges":1,"victory":false,"max_hp_per_floor":[70,70,70,70,70,70,70,70,70,70,70,70,70,70,70,70],"card_choices":[{"not_picked":["Prepared","Distraction"],"picked":"Predator","floor":1.0},{"not_picked":["Choke","Terror","Dagger Throw"],"picked":"SKIP","floor":3.0},{"not_picked":["Concentrate","Reflex"],"picked":"Dodge and Roll","floor":5.0},{"not_picked":["Flying Knee","Dagger Throw"],"picked":"Poisoned Stab","floor":7.0},{"not_picked":["Outmaneuver","Catalyst"],"picked":"Noxious Fumes","floor":11.0},{"not_picked":["Dagger Spray","Dagger Throw"],"picked":"Flechettes","floor":12.0},{"not_picked":["Sucker Punch","Deflect"],"picked":"After Image","floor":13.0},{"not_picked":["Bouncing Flask","Eviscerate"],"picked":"Blur","floor":14.0}],"player_experience":241653,"relics_obtained":[{"floor":9.0,"key":"Letter Opener"},{"floor":13.0,"key":"Bird Faced Urn"}],"event_choices":[{"damage_healed":0.0,"max_hp_gain":0.0,"max_hp_loss":0.0,"gold_gain":175.0,"event_name":"Liars Game","player_choice":"AGREE","floor":2.0,"gold_loss":0.0,"damage_taken":0.0,"cards_obtained":["Doubt"]},{"damage_healed":0.0,"max_hp_gain":0.0,"max_hp_loss":0.0,"gold_gain":0.0,"event_name":"Dead Adventurer","player_choice":"Searched \u00272\u0027 times","floor":12.0,"gold_loss":0.0,"damage_taken":0.0,"relics_obtained":["Nunchaku"]}],"is_beta":false,"boss_relics":[],"items_purged_floors":[4],"is_endless":false,"potions_floor_spawned":[1,5,12,14],"killed_by":"Slime Boss","ascension_level":8}