{"gold_per_floor":[111,131,141,1,14,48,48,59,59,74,74],"floor_reached":11,"playtime":631,"items_purged":[],"score":104,"play_id":"d5cf8d96-888b-429d-92b5-1a36feed10d2","local_time":"20190907202014","is_ascension_mode":true,"campfire_choices":[{"data":"Deadly Poison","floor":7,"key":"SMITH"}],"neow_cost":"NONE","seed_source_timestamp":369642948713500,"circlet_count":0,"master_deck":["Strike_G","Strike_G","Strike_G","Strike_G","Strike_G","Defend_G","Defend_G","Defend_G","Defend_G","Defend_G","Survivor","Neutralize","Deflect","Backflip","Quick Slash","Deadly Poison+1","Predator","Caltrops","Cloak And Dagger","Poisoned Stab"],"relics":["Ring of the Snake","Happy Flower","The Courier"],"potions_floor_usage":[4,6,11],"damage_taken":[{"damage":0,"enemies":"Small Slimes","floor":1,"turns":3},{"damage":5,"enemies":"Cultist","floor":2,"turns":4},{"damage":11,"enemies":"Jaw Worm","floor":3,"turns":5},{"damage":9,"enemies":"3 Louse","floor":5,"turns":4},{"damage":16,"enemies":"3 Sentries","floor":6,"turns":9},{"damage":6,"enemies":"Red Slaver","floor":8,"turns":3},{"damage":8,"enemies":"Looter","floor":10,"turns":3},{"damage":17,"enemies":"Gremlin Nob","floor":11,"turns":3}],"seed_played":"2095019996295558957","potions_obtained":[{"floor":3,"key":"EssenceOfSteel"},{"floor":5,"key":"EssenceOfSteel"},{"floor":6,"key":"Energy Potion"}],"is_trial":false,"path_per_floor":["M","M","M","$","M","E","R","M","T","M","E"],"character_chosen":"THE_SILENT","items_purchased":["Predator","Fruit Juice"],"campfire_rested":0,"item_purchase_floors":[4,4],"current_hp_per_floor":[63,58,47,52,43,27,27,21,21,13,0],"gold":74,"neow_bonus":"THREE_CARDS","is_prod":false,"is_daily":false,"chose_seed":false,"campfire_upgraded":1,"win_rate":0,"timestamp":1567902014,"path_taken":["M","M","M","$","M","E","R","M","T","M","E"],"build_version":"2019-07-17","purchased_purges":0,"victory":false,"max_hp_per_floor":[70,70,70,75,75,75,75,75,75,75,75],"card_choices":[{"not_picked":["Concentrate","Prepared"],"picked":"Deflect","floor":0},{"not_picked":["Finisher","Dodge and Roll"],"picked":"Backflip","floor":1},{"not_picked":["Prepared","Backflip"],"picked":"Quick Slash","floor":2},{"not_picked":["Outmaneuver","All Out Attack"],"picked":"Deadly Poison","floor":3},{"not_picked":["Dodge and Roll","Bane"],"picked":"Caltrops","floor":5},{"not_picked":["Predator","A Thousand Cuts"],"picked":"Cloak And Dagger","floor":6},{"not_picked":["Sucker Punch","Predator"],"picked":"Poisoned Stab","floor":8},{"not_picked":["Blade Dance","Slice","Escape Plan"],"picked":"SKIP","floor":10}],"player_experience":392150,"relics_obtained":[{"floor":6,"key":"Happy Flower"},{"floor":9,"key":"The Courier"}],"event_choices":[],"is_beta":false,"boss_relics":[],"items_purged_floors":[],"is_endless":false,"potions_floor_spawned":[3,5,6],"killed_by":"Gremlin Nob","ascension_level":7}