{"gold_per_floor":[111,131,145,164,239,268,281,296,320,320,320,349,361,377,377,478,478,489,509,158,175,193,218,218,233,301,301,316,17,17,33,33,136,136,151,151,199,1,0,0,34,34,34,11,111,122,122,134,134,134,134,134,8,40,40],"floor_reached":56,"playtime":2527,"items_purged":["Strike_R","Strike_R+1"],"score":1286,"play_id":"fb0d9fca-2a53-44e7-a281-b7ec3120dd89","local_time":"20190706042105","is_ascension_mode":false,"campfire_choices":[{"data":"Metallicize","floor":10,"key":"SMITH"},{"floor":15,"key":"REST"},{"data":"Inflame","floor":24,"key":"SMITH"},{"floor":32,"key":"REST"},{"floor":40,"key":"REST"},{"floor":47,"key":"RECALL"},{"floor":49,"key":"REST"},{"floor":52,"key":"REST"}],"neow_cost":"NONE","seed_source_timestamp":264393304782399,"circlet_count":0,"master_deck":["Strike_R+1","Strike_R+1","Strike_R+1","Defend_R+1","Defend_R+1","Defend_R+1","Bash+1","Ghostly Armor","Headbutt","Disarm","Feel No Pain","Metallicize+1","Feel No Pain","Warcry","Metallicize","Fiend Fire+1","Heavy Blade+1","Inflame+1","Shrug It Off","Thinking Ahead","Uppercut+1","Metallicize+1","Intimidate","Double Tap","Anger","Offering","Barricade+1","Pommel Strike+1","Rage+1","Juggernaut+1","True Grit","Warcry","Iron Wave+1","Pommel Strike+1","Demon Form+1","Metallicize+1","Entrench"],"relics":["Burning Blood","Ancient Tea Set","Bag of Marbles","Dodecahedron","Runic Dome","Smiling Mask","Frozen Egg 2","Whetstone","Fusion Hammer","Champion Belt","Red Mask","Bronze Scales","Paper Frog","Gambling Chip","Torii","Bird Faced Urn"],"potions_floor_usage":[6,6,13,14,23,23,23,23,25,37,37,50,54],"damage_taken":[{"damage":5,"enemies":"Small Slimes","floor":1,"turns":3},{"damage":1,"enemies":"Jaw Worm","floor":2,"turns":4},{"damage":0,"enemies":"2 Louse","floor":3,"turns":4},{"damage":21,"enemies":"Exordium Wildlife","floor":4,"turns":4},{"damage":12,"enemies":"Lagavulin","floor":6,"turns":6},{"damage":3,"enemies":"Gremlin Gang","floor":7,"turns":8},{"damage":5,"enemies":"Looter","floor":8,"turns":3},{"damage":32,"enemies":"Gremlin Nob","floor":12,"turns":6},{"damage":4,"enemies":"Large Slime","floor":13,"turns":8},{"damage":7,"enemies":"Gremlin Gang","floor":14,"turns":5},{"damage":21,"enemies":"Hexaghost","floor":16,"turns":10},{"damage":0,"enemies":"Chosen","floor":18,"turns":4},{"damage":4,"enemies":"3 Byrds","floor":19,"turns":7},{"damage":2,"enemies":"Cultist and Chosen","floor":21,"turns":9},{"damage":23,"enemies":"Snake Plant","floor":22,"turns":3},{"damage":43,"enemies":"Slavers","floor":23,"turns":8},{"damage":9,"enemies":"Centurion and Healer","floor":25,"turns":6},{"damage":8,"enemies":"Cultist and Chosen","floor":28,"turns":9},{"damage":10,"enemies":"Snake Plant","floor":31,"turns":6},{"damage":14,"enemies":"Automaton","floor":33,"turns":11},{"damage":0,"enemies":"3 Shapes","floor":35,"turns":8},{"damage":50,"enemies":"2 Orb Walkers","floor":37,"turns":8},{"damage":6,"enemies":"Giant Head","floor":41,"turns":6},{"damage":0,"enemies":"Mind Bloom Boss Battle","floor":45,"turns":6},{"damage":7,"enemies":"Orb Walker","floor":46,"turns":2},{"damage":0,"enemies":"Transient","floor":48,"turns":5},{"damage":17,"enemies":"Donu and Deca","floor":50,"turns":7},{"damage":59,"enemies":"Shield and Spear","floor":54,"turns":6},{"damage":46,"enemies":"The Heart","floor":55,"turns":8}],"seed_played":"-459814443692524749","potions_obtained":[{"floor":1,"key":"Poison Potion"},{"floor":2,"key":"Ancient Potion"},{"floor":4,"key":"Fire Potion"},{"floor":8,"key":"BloodPotion"},{"floor":12,"key":"Explosive Potion"},{"floor":22,"key":"EntropicBrew"},{"floor":23,"key":"Dexterity Potion"},{"floor":31,"key":"Swift Potion"},{"floor":33,"key":"Weak Potion"},{"floor":41,"key":"SmokeBomb"}],"is_trial":false,"path_per_floor":["M","M","M","M","?","E","M","M","T","R","T","E","M","M","R","B",null,"M","M","$","M","M","E","R","M","T","?","M","$","?","M","R","B",null,"M","?","?","$","?","R","E","T","T","$","?","M","R","M","R","B",null,"R","$","E","B",null],"character_chosen":"IRONCLAD","items_purchased":["Shrug It Off","Thinking Ahead","Uppercut","Double Tap","Whetstone","Juggernaut+1","SkillPotion","Warcry","Metallicize+1"],"campfire_rested":5,"item_purchase_floors":[20,20,20,29,29,38,38,44,53],"current_hp_per_floor":[80,80,80,65,54,48,51,52,52,52,52,26,28,27,51,36,80,80,80,80,80,63,61,61,58,58,58,56,56,56,52,76,68,80,80,76,32,32,32,54,54,54,54,54,60,59,59,65,76,65,76,76,76,42,18],"gold":40,"neow_bonus":"UPGRADE_CARD","is_prod":false,"is_daily":false,"chose_seed":false,"campfire_upgraded":2,"win_rate":0,"timestamp":1562354465,"path_taken":["M","M","M","M","?","E","M","M","T","R","?","E","M","M","R","BOSS","M","M","$","M","M","E","R","M","T","?","M","$","?","M","R","BOSS","M","?","?","$","?","R","E","?","T","$","?","?","R","M","R","BOSS","R","$","E","BOSS"],"build_version":"2019-07-01","purchased_purges":2,"victory":true,"max_hp_per_floor":[80,80,80,80,80,80,80,80,80,80,80,80,80,80,80,80,80,80,80,80,80,80,80,80,80,80,80,80,80,80,80,80,80,80,80,76,76,76,76,76,76,76,76,76,76,76,76,76,76,76,76,76,76,76,76],"card_choices":[{"not_picked":["Reckless Charge","Cleave"],"picked":"Ghostly Armor","floor":1},{"not_picked":["Thunderclap","Wild Strike"],"picked":"Headbutt","floor":2},{"not_picked":["Flex","Reckless Charge"],"picked":"Disarm","floor":3},{"not_picked":["Body Slam","Headbutt","Sword Boomerang"],"picked":"SKIP","floor":4},{"not_picked":["Anger","Shrug It Off"],"picked":"Feel No Pain","floor":6},{"not_picked":["Inflame","Blood for Blood"],"picked":"Metallicize","floor":7},{"not_picked":["Shrug It Off","Exhume"],"picked":"Feel No Pain","floor":8},{"not_picked":["Sword Boomerang","Dropkick"],"picked":"Spot Weakness","floor":12},{"not_picked":["Second Wind","Perfected Strike"],"picked":"Warcry","floor":13},{"not_picked":["Cleave","Immolate"],"picked":"Metallicize","floor":14},{"not_picked":["Immolate","Exhume"],"picked":"Fiend Fire","floor":16},{"not_picked":["Armaments","Warcry"],"picked":"Heavy Blade+1","floor":18},{"not_picked":["Anger+1","Rampage"],"picked":"Inflame","floor":19},{"not_picked":["Cleave","Iron Wave","Wild Strike"],"picked":"SKIP","floor":21},{"not_picked":["Sword Boomerang","Rage","Fire Breathing"],"picked":"SKIP","floor":22},{"not_picked":["Armaments","Seeing Red","Havoc+1"],"picked":"SKIP","floor":23},{"not_picked":["Headbutt","Cleave"],"picked":"Metallicize+1","floor":25},{"not_picked":["Armaments+1","Rupture+1"],"picked":"Intimidate","floor":28},{"not_picked":["Heavy Blade","Clothesline","Armaments"],"picked":"SKIP","floor":31},{"not_picked":["Limit Break","Berserk+1"],"picked":"Barricade+1","floor":33},{"not_picked":["Ghostly Armor+1","Clash"],"picked":"Pommel Strike+1","floor":35},{"not_picked":["Perfected Strike","Clothesline"],"picked":"Rage+1","floor":37},{"not_picked":["Infernal Blade","Clash+1"],"picked":"True Grit","floor":41},{"not_picked":["Clash+1","Thunderclap"],"picked":"Iron Wave+1","floor":45},{"not_picked":["Shrug It Off+1","Thunderclap+1"],"picked":"Pommel Strike+1","floor":46},{"not_picked":["Sentinel","Reckless Charge+1"],"picked":"Demon Form+1","floor":48},{"not_picked":["Combust+1","True Grit"],"picked":"Entrench","floor":54}],"player_experience":684799,"relics_obtained":[{"floor":6,"key":"Ancient Tea Set"},{"floor":9,"key":"Bag of Marbles"},{"floor":12,"key":"Dodecahedron"},{"floor":23,"key":"Smiling Mask"},{"floor":26,"key":"Frozen Egg 2"},{"floor":37,"key":"Champion Belt"},{"floor":41,"key":"Bronze Scales"},{"floor":42,"key":"Paper Frog"},{"floor":43,"key":"Gambling Chip"},{"floor":45,"key":"Torii"},{"floor":54,"key":"Bird Faced Urn"}],"event_choices":[{"damage_healed":0,"gold_gain":75,"player_choice":"Gather Gold","damage_taken":11,"max_hp_gain":0,"max_hp_loss":0,"event_name":"World of Goop","floor":5,"gold_loss":0},{"damage_healed":0,"gold_gain":0,"player_choice":"Simplicity","damage_taken":0,"max_hp_gain":0,"max_hp_loss":0,"event_name":"Back to Basics","floor":27,"gold_loss":0,"cards_upgraded":["Strike_R","Strike_R","Strike_R","Strike_R","Defend_R","Defend_R","Defend_R","Defend_R"]},{"damage_healed":0,"gold_gain":0,"cards_transformed":["Spot Weakness","Defend_R"],"player_choice":"Became Test Subject","damage_taken":0,"max_hp_gain":0,"max_hp_loss":0,"event_name":"Drug Dealer","floor":30,"gold_loss":0,"cards_obtained":["Anger","Offering"]},{"damage_healed":0,"gold_gain":0,"player_choice":"Max HP","damage_taken":0,"max_hp_gain":0,"max_hp_loss":4,"event_name":"Winding Halls","floor":36,"gold_loss":0},{"damage_healed":0,"gold_gain":0,"player_choice":"Fight","damage_taken":0,"max_hp_gain":0,"max_hp_loss":0,"event_name":"Mysterious Sphere","floor":37,"gold_loss":0},{"damage_healed":0,"gold_gain":0,"player_choice":"Paid","damage_taken":0,"relics_obtained":["Red Mask"],"max_hp_gain":0,"max_hp_loss":0,"event_name":"Tomb of Lord Red Mask","floor":39,"gold_loss":1},{"damage_healed":0,"gold_gain":0,"player_choice":"Fight","damage_taken":0,"max_hp_gain":0,"max_hp_loss":0,"event_name":"MindBloom","floor":45,"gold_loss":0}],"is_beta":false,"boss_relics":[{"not_picked":["Velvet Choker","Snecko Eye"],"picked":"Runic Dome"},{"not_picked":["Runic Pyramid","Eternal Feather"],"picked":"Fusion Hammer"}],"items_purged_floors":[20,53],"is_endless":false,"potions_floor_spawned":[1,2,4,8,12,22,23,31,33,35,41],"ascension_level":0}