{"path_per_floor":["M","M","M","?","?","E","R","E","T","R","E","?","?","M","R","B",null,"M","M","?","$","M","E","R","M","T","M","R","E","?","E","R","B",null,"M","?","M","M","$","R","M","E","T","T","R","E","?","M","R","B"],"character_chosen":"IRONCLAD","items_purchased":["Jack Of All Trades","Mummified Hand"],"gold_per_floor":[117,137,149,99,79,113,113,142,168,168,195,195,195,210,210,308,308,321,337,337,160,170,200,200,213,213,232,232,261,261,294,294,390,390,403,403,421,441,153,153,171,205,205,283,283,338,338,355,355,355],"floor_reached":51,"campfire_rested":1,"playtime":3107,"current_hp_per_floor":[80,80,80,80,80,75,75,75,75,75,60,80,80,80,80,51,80,75,77,77,77,54,34,34,36,36,43,43,49,41,64,64,24,90,90,90,90,85,85,85,83,90,90,90,90,65,65,55,90,46],"items_purged":["Writhe","Strike_R"],"gold":355,"score":739,"play_id":"4c1c7672-48e6-472a-bdc0-51f98fc409e4","is_prod":false,"is_daily":false,"is_ascension_mode":true,"campfire_upgraded":8,"path_taken":["M","M","M","?","?","E","R","E","T","R","E","?","?","M","R","BOSS","M","M","?","?","M","E","R","M","T","?","R","E","?","E","R","BOSS","M","?","M","?","$","R","M","E","T","?","R","E","?","M","R","BOSS"],"build_version":"2018-02-08-PROD1","purchased_purges":2,"victory":true,"master_deck":["Strike_R","Strike_R","Strike_R","Defend_R","Defend_R","Defend_R","Defend_R+1","Pommel Strike","Cleave+1","Inflame+1","Battle Trance+1","Iron Wave","Battle Trance","Demon Form+1","Berserk+1","Metallicize+1","Armaments+1","Jack Of All Trades+1","Shrug It Off+1","Flex+1","Thunderclap+1","Shrug It Off+1","Demon Form+1","Headbutt+1","Inflame+1","Limit Break+1","Twin Strike+1","Headbutt"],"max_hp_per_floor":[80,80,80,80,80,80,80,80,80,80,80,80,80,80,80,80,80,80,80,80,80,80,80,80,80,80,80,80,80,80,90,90,90,90,90,90,90,90,90,90,90,90,90,90,90,90,90,90,90,90],"relics":["Burning Blood","Anchor","Ginger","Happy Flower","Blood Vial","Black Star","Meat on the Bone","Letter Opener","Mercury Hourglass","Ancient Tea Set","Omamori","Vajra","Smiling Mask","Pear","Calling Bell","Regal Pillow","Toolbox","Kunai","Spirit Poop","Mummified Hand","Shuriken","Ornamental Fan","Dodecahedron","Centennial Puzzle","Tiny Chest","War Paint"],"card_choices":[{"not_picked":["True Grit","Flex"],"picked":"Cleave"},{"not_picked":["Cleave","Rampage"],"picked":"Inflame"},{"not_picked":["Sentinel","Sword Boomerang"],"picked":"Battle Trance"},{"not_picked":["Sword Boomerang","Spot Weakness"],"picked":"Iron Wave"},{"not_picked":["Rampage","Warcry"],"picked":"Battle Trance"},{"not_picked":["Combust","Feel No Pain"],"picked":"Demon Form"},{"not_picked":["Brutality","Impervious"],"picked":"Berserk"},{"not_picked":["Perfected Strike","Warcry"],"picked":"Metallicize"},{"not_picked":["Warcry","Clothesline"],"picked":"Armaments"},{"not_picked":["Clash","Anger"],"picked":"Shrug It Off"},{"not_picked":["Anger","Fiend Fire"],"picked":"Flex"},{"not_picked":["Anger","Flex"],"picked":"Thunderclap"},{"not_picked":["Inflame","Twin Strike"],"picked":"Shrug It Off"},{"not_picked":["Sword Boomerang","Whirlwind"],"picked":"Demon Form"},{"not_picked":["Perfected Strike","Pommel Strike"],"picked":"Headbutt"},{"not_picked":["Iron Wave","Twin Strike"],"picked":"Inflame"},{"not_picked":["Wild Strike","Cleave"],"picked":"Limit Break"},{"not_picked":["Combust","Searing Blow"],"picked":"Twin Strike"},{"not_picked":["Fire Breathing","Intimidate"],"picked":"Headbutt"}],"player_experience":226758,"potions_floor_usage":[6,6,8,22,23,23,29,46,50,50,50],"damage_taken":[{"damage":1,"enemies":"Jaw Worm","floor":1,"turns":4},{"damage":0,"enemies":"Small Slimes","floor":2,"turns":3},{"damage":1,"enemies":"Cultist","floor":3,"turns":3},{"damage":11,"enemies":"Gremlin Nob","floor":6,"turns":3},{"damage":6,"enemies":"3 Sentries","floor":8,"turns":6},{"damage":21,"enemies":"Lagavulin","floor":11,"turns":7},{"damage":0,"enemies":"2 Fungi Beasts","floor":14,"turns":2},{"damage":35,"enemies":"The Guardian","floor":16,"turns":7},{"damage":11,"enemies":"Chosen","floor":18,"turns":5},{"damage":6,"enemies":"Shell Parasite","floor":19,"turns":5},{"damage":31,"enemies":"Chosen and Byrds","floor":22,"turns":7},{"damage":40,"enemies":"Slavers","floor":23,"turns":7},{"damage":18,"enemies":"Sentry and Sphere","floor":25,"turns":4},{"damage":13,"enemies":"Slaver and Parasite","floor":27,"turns":6},{"damage":14,"enemies":"Book of Stabbing","floor":29,"turns":7},{"damage":7,"enemies":"Gremlin Leader","floor":31,"turns":6},{"damage":60,"enemies":"Automaton","floor":33,"turns":8},{"damage":6,"enemies":"3 Darklings","floor":35,"turns":2},{"damage":0,"enemies":"Orb Walker","floor":37,"turns":3},{"damage":11,"enemies":"4 Shapes","floor":38,"turns":4},{"damage":10,"enemies":"Sphere and 2 Shapes","floor":41,"turns":3},{"damage":0,"enemies":"Giant Head","floor":42,"turns":5},{"damage":31,"enemies":"Nemesis","floor":46,"turns":4},{"damage":22,"enemies":"Maw","floor":48,"turns":5},{"damage":71,"enemies":"Awakened One","floor":50,"turns":8}],"event_choices":[{"event_name":"The Cleric","player_choice":"Card Removal","floor":4,"damage_taken":0},{"event_name":"The Woman in Blue","player_choice":"Bought 1 Potion","floor":5,"damage_taken":0},{"event_name":"Big Fish","player_choice":"Banana","floor":12,"damage_taken":0},{"event_name":"Liars Game","player_choice":"disagreed","floor":13,"damage_taken":0},{"event_name":"The Mausoleum","player_choice":"Yes","floor":20,"damage_taken":0},{"event_name":"Knowing Skull","player_choice":"","floor":30,"damage_taken":0},{"event_name":"Bonfire Elementals","player_choice":"CURSE","floor":36,"damage_taken":0},{"event_name":"The Lab","player_choice":"Got Potions","floor":47,"damage_taken":0}],"boss_relics":[{"not_picked":["Runic Dome","Runic Cube"],"picked":"Black Star"},{"not_picked":["Eternal Feather","Lizard Tail"],"picked":"Calling Bell"}],"potions_floor_spawned":[1,2,16,18,22,27,33,37,46,48],"seed_played":"4871728089424090907","ascension_level":1,"is_trial":false}