{"gold_per_floor":[109,8,8,28,44,44,70,70,70,80,80,90,21,50,50,146,146,160,160,210,222,105,133,133,161,161,16,36,50,50,50,50,147,147,160,174,174,185,204,239,239,265,265,265,265,591,604,615,615,615,615,615,59,92,92],"floor_reached":55,"playtime":4442,"items_purged":["Strike_G","Writhe"],"score":976,"play_id":"f3c7065b-6497-44e7-a4fe-371b67292f77","local_time":"20190401021545","is_ascension_mode":true,"campfire_choices":[{"data":"Backstab","floor":6,"key":"SMITH"},{"data":"1","floor":8,"key":"LIFT"},{"floor":11,"key":"REST"},{"floor":15,"key":"REST"},{"floor":24,"key":"REST"},{"floor":30,"key":"REST"},{"data":"2","floor":32,"key":"LIFT"},{"data":"3","floor":41,"key":"LIFT"},{"floor":44,"key":"RECALL"},{"floor":49,"key":"REST"},{"data":"Caltrops","floor":52,"key":"SMITH"}],"neow_cost":"NONE","seed_source_timestamp":1449968965330247,"circlet_count":0,"master_deck":["Defend_G","Defend_G+1","Defend_G","Defend_G","Defend_G","Strike_G","Strike_G","Strike_G","Strike_G","Survivor","Neutralize+1","Backstab+1","Dagger Throw","Backflip","PiercingWail","Deflect","Blur","Caltrops+1","Infinite Blades","Bouncing Flask","Die Die Die","Choke+1","Dash+1","Leg Sweep","Dodge and Roll","Dodge and Roll","PiercingWail+1","Wraith Form v2+1","Leg Sweep+1","Underhanded Strike+1","Doppelganger","Dagger Spray","Tactician","Caltrops+1","Dodge and Roll+1","Caltrops+1","Terror"],"relics":["Ring of the Snake","Girya","Calipers","Mummified Hand","Snecko Eye","Enchiridion","Bag of Preparation","Frozen Egg 2","Bronze Scales","Dead Branch","Runic Dome","Kunai","Dream Catcher","Old Coin","OrangePellets","Art of War","Vajra"],"potions_floor_usage":[7,12,14,23,25,46,54,54,55,55],"damage_taken":[{"damage":10,"enemies":"Cultist","floor":1,"turns":4},{"damage":0,"enemies":"2 Louse","floor":4,"turns":1},{"damage":1,"enemies":"Jaw Worm","floor":5,"turns":2},{"damage":31,"enemies":"Lagavulin","floor":7,"turns":7},{"damage":3,"enemies":"Blue Slaver","floor":10,"turns":3},{"damage":11,"enemies":"Gremlin Gang","floor":12,"turns":6},{"damage":14,"enemies":"Gremlin Nob","floor":14,"turns":3},{"damage":2,"enemies":"Hexaghost","floor":16,"turns":9},{"damage":44,"enemies":"3 Byrds","floor":18,"turns":5},{"damage":5,"enemies":"Shell Parasite","floor":21,"turns":4},{"damage":6,"enemies":"Book of Stabbing","floor":23,"turns":6},{"damage":21,"enemies":"Gremlin Leader","floor":25,"turns":6},{"damage":0,"enemies":"3 Cultists","floor":28,"turns":4},{"damage":0,"enemies":"Centurion and Healer","floor":29,"turns":5},{"damage":9,"enemies":"Collector","floor":33,"turns":8},{"damage":1,"enemies":"3 Shapes","floor":35,"turns":4},{"damage":18,"enemies":"3 Darklings","floor":36,"turns":3},{"damage":0,"enemies":"Sphere and 2 Shapes","floor":38,"turns":3},{"damage":6,"enemies":"Jaw Worm Horde","floor":39,"turns":3},{"damage":9,"enemies":"Nemesis","floor":40,"turns":5},{"damage":0,"enemies":"Reptomancer","floor":42,"turns":6},{"damage":0,"enemies":"Giant Head","floor":46,"turns":9},{"damage":17,"enemies":"3 Darklings","floor":47,"turns":3},{"damage":0,"enemies":"Sphere and 2 Shapes","floor":48,"turns":4},{"damage":15,"enemies":"Awakened One","floor":50,"turns":10},{"damage":67,"enemies":"Shield and Spear","floor":54,"turns":6},{"damage":10,"enemies":"The Heart","floor":55,"turns":3}],"seed_played":"-3742793830603307584","potions_obtained":[{"floor":1,"key":"AttackPotion"},{"floor":10,"key":"Weak Potion"},{"floor":12,"key":"Poison Potion"},{"floor":16,"key":"SpeedPotion"},{"floor":21,"key":"EssenceOfSteel"},{"floor":29,"key":"LiquidBronze"},{"floor":33,"key":"Regen Potion"},{"floor":38,"key":"Ancient Potion"},{"floor":46,"key":"SkillPotion"},{"floor":54,"key":"AttackPotion"}],"is_trial":false,"path_per_floor":["M","$","?","M","M","R","E","R","T","M","R","M","$","E","R","B",null,"M","?","?","M","$","E","R","E","T","$","M","M","R","?","R","B",null,"M","M","?","M","M","E","R","E","T","R","?","E","M","M","R","B",null,"R","$","E","B"],"character_chosen":"THE_SILENT","items_purchased":["Dagger Throw","Infinite Blades","Leg Sweep","Dodge and Roll","Wraith Form v2+1","OrangePellets","Caltrops+1","Art of War","Terror"],"campfire_rested":5,"item_purchase_floors":[2,13,22,22,27,53,53,53,53],"current_hp_per_floor":[67,67,52,52,51,51,20,20,20,17,40,29,29,15,38,36,77,33,17,17,12,12,6,29,8,8,8,8,8,31,31,31,22,77,76,58,58,58,52,43,43,43,43,43,36,51,34,34,57,42,77,77,77,10,0],"gold":92,"neow_bonus":"TEN_PERCENT_HP_BONUS","is_prod":false,"is_daily":false,"chose_seed":false,"campfire_upgraded":2,"win_rate":0,"timestamp":1554099345,"path_taken":["M","?","?","M","M","R","E","R","T","M","R","M","$","E","R","BOSS","M","?","?","?","$","E","R","E","T","$","M","M","R","?","R","BOSS","M","M","?","?","M","E","R","E","T","R","?","E","?","?","R","BOSS","R","$","E","BOSS"],"build_version":"2019-01-23","purchased_purges":2,"victory":false,"max_hp_per_floor":[77,77,77,77,77,77,77,77,77,77,77,77,77,77,77,77,77,77,77,77,77,77,77,77,77,77,77,77,77,77,77,77,77,77,77,77,77,77,77,77,77,77,77,77,77,77,77,77,77,77,77,77,77,77,77],"card_choices":[{"not_picked":["Predator","Bane"],"picked":"Backstab","floor":1},{"not_picked":["Dagger Spray","Finisher"],"picked":"Backflip","floor":4},{"not_picked":["Dodge and Roll","Dagger Spray"],"picked":"PiercingWail","floor":5},{"not_picked":["Setup","Heel Hook"],"picked":"Deflect","floor":7},{"not_picked":["Dagger Spray","Deadly Poison"],"picked":"Blur","floor":10},{"not_picked":["Expertise","Flying Knee"],"picked":"Caltrops","floor":12},{"not_picked":["Burst","Outmaneuver"],"picked":"Bouncing Flask","floor":14},{"not_picked":["Unload","Night Terror"],"picked":"Die Die Die","floor":16},{"not_picked":["Acrobatics","Dagger Throw"],"picked":"Choke+1","floor":18},{"not_picked":["Sucker Punch","Cloak And Dagger"],"picked":"Dash+1","floor":21},{"not_picked":["Heel Hook","Dash"],"picked":"Dodge and Roll","floor":23},{"not_picked":["Underhanded Strike","Deflect"],"picked":"PiercingWail+1","floor":25},{"not_picked":["Setup","Concentrate"],"picked":"Leg Sweep+1","floor":28},{"not_picked":["Slice","Bane"],"picked":"Underhanded Strike+1","floor":29},{"not_picked":["Unload","Venomology"],"picked":"Doppelganger","floor":33},{"not_picked":["Dagger Throw","Deadly Poison"],"picked":"Dagger Spray","floor":35},{"not_picked":["Underhanded Strike","Dagger Spray+1"],"picked":"Tactician","floor":36},{"not_picked":["Die Die Die","Riddle With Holes","Prepared"],"picked":"SKIP","floor":38},{"not_picked":["Sucker Punch+1","Deadly Poison","Choke+1"],"picked":"SKIP","floor":39},{"not_picked":["Deadly Poison+1","Outmaneuver+1"],"picked":"Caltrops+1","floor":40},{"not_picked":["Endless Agony+1","Bane+1","Well Laid Plans+1"],"picked":"SKIP","floor":42},{"not_picked":["Endless Agony","Calculated Gamble","Outmaneuver"],"picked":"SKIP","floor":46},{"not_picked":["Escape Plan","Blur","Infinite Blades+1"],"picked":"SKIP","floor":47},{"not_picked":["Dagger Throw+1","Tactician","Expertise+1"],"picked":"SKIP","floor":48},{"not_picked":["Cloak And Dagger","Burst"],"picked":"Dodge and Roll+1","floor":49},{"not_picked":["Sucker Punch","Blade Dance+1","Backstab"],"picked":"SKIP","floor":54}],"player_experience":190847,"relics_obtained":[{"floor":7,"key":"Girya"},{"floor":9,"key":"Calipers"},{"floor":14,"key":"Mummified Hand"},{"floor":19,"key":"Enchiridion"},{"floor":23,"key":"Bag of Preparation"},{"floor":25,"key":"Frozen Egg 2"},{"floor":26,"key":"Bronze Scales"},{"floor":40,"key":"Kunai"},{"floor":42,"key":"Dream Catcher"},{"floor":46,"key":"Old Coin"},{"floor":54,"key":"Vajra"}],"event_choices":[{"damage_healed":0,"gold_gain":0,"player_choice":"Entered Light","damage_taken":15,"max_hp_gain":0,"max_hp_loss":0,"event_name":"Shining Light","floor":3,"gold_loss":0,"cards_upgraded":["Neutralize","Defend_G"]},{"damage_healed":0,"gold_gain":0,"player_choice":"Obtained Book","damage_taken":16,"max_hp_gain":0,"max_hp_loss":0,"event_name":"Cursed Tome","floor":19,"gold_loss":0},{"damage_healed":0,"gold_gain":100,"player_choice":"Bet on Murderer","damage_taken":0,"max_hp_gain":0,"max_hp_loss":0,"event_name":"The Joust","floor":20,"gold_loss":50},{"damage_healed":0,"gold_gain":0,"player_choice":"Opened","damage_taken":0,"relics_obtained":["Dead Branch"],"max_hp_gain":0,"max_hp_loss":0,"event_name":"The Mausoleum","floor":31,"gold_loss":0,"cards_obtained":["Writhe"]},{"damage_healed":0,"gold_gain":0,"player_choice":"0 cards matched","damage_taken":0,"max_hp_gain":0,"max_hp_loss":0,"event_name":"Match and Keep!","floor":37,"gold_loss":0,"cards_obtained":[]},{"damage_healed":0,"gold_gain":0,"player_choice":"Damaged","damage_taken":7,"max_hp_gain":0,"max_hp_loss":0,"event_name":"Wheel of Change","floor":45,"gold_loss":0}],"is_beta":false,"boss_relics":[{"not_picked":["Busted Crown","Pandora\u0027s Box"],"picked":"Snecko Eye"},{"not_picked":["Empty Cage","HoveringKite"],"picked":"Runic Dome"}],"items_purged_floors":[2,53],"is_endless":false,"potions_floor_spawned":[1,10,12,16,21,29,33,38,40,42,46,47,48,54],"killed_by":"The Heart","ascension_level":3}