{"gold_per_floor":[114,114,130,141,141,156,196,67,93,193,193,208,247,263,263,388,388,406,382,382,398,72,72,72],"floor_reached":24,"playtime":1044,"items_purged":["Strike_R"],"score":260,"play_id":"c3ed6dc5-85df-4fa8-853c-3eb8bffb5ee4","local_time":"20190802175529","is_ascension_mode":true,"campfire_choices":[{"data":"Bash","floor":11,"key":"SMITH"},{"floor":15,"key":"REST"},{"floor":23,"key":"REST"}],"neow_cost":"NONE","seed_source_timestamp":4230019612468793,"circlet_count":0,"master_deck":["Strike_R","Strike_R","Strike_R","Strike_R","Defend_R","Defend_R","Defend_R","Defend_R","Bash+1","Pommel Strike","Carnage","Twin Strike","Reaper","True Grit","Inflame","Anger","Sword Boomerang","Feel No Pain","Barricade","Metallicize","Armaments"],"relics":["Burning Blood","Golden Idol","Bag of Marbles","Regal Pillow","Boot","Snecko Eye","MealTicket"],"potions_floor_usage":[16,16,21],"damage_taken":[{"damage":5,"enemies":"2 Louse","floor":1,"turns":4},{"damage":6,"enemies":"Cultist","floor":3,"turns":3},{"damage":15,"enemies":"Small Slimes","floor":4,"turns":3},{"damage":10,"enemies":"Exordium Wildlife","floor":6,"turns":3},{"damage":20,"enemies":"Gremlin Nob","floor":7,"turns":4},{"damage":6,"enemies":"Exordium Thugs","floor":12,"turns":3},{"damage":48,"enemies":"3 Sentries","floor":13,"turns":7},{"damage":11,"enemies":"Looter","floor":14,"turns":2},{"damage":60,"enemies":"Hexaghost","floor":16,"turns":9},{"damage":0,"enemies":"Shell Parasite","floor":18,"turns":1},{"damage":38,"enemies":"2 Thieves","floor":19,"turns":5},{"damage":40,"enemies":"Shelled Parasite and Fungi","floor":21,"turns":6},{"damage":52,"enemies":"Book of Stabbing","floor":24,"turns":4}],"seed_played":"-7685357230354836620","potions_obtained":[{"floor":3,"key":"PowerPotion"},{"floor":4,"key":"Poison Potion"},{"floor":13,"key":"SkillPotion"},{"floor":16,"key":"EssenceOfSteel"},{"floor":18,"key":"Weak Potion"},{"floor":19,"key":"Ancient Potion"}],"is_trial":false,"path_per_floor":["M","?","M","M","?","M","E","$","T","?","R","M","E","M","R","B",null,"M","M","?","M","$","R","E"],"character_chosen":"IRONCLAD","items_purchased":["True Grit","Inflame","MealTicket","Armaments"],"campfire_rested":2,"item_purchase_floors":[8,8,22,22],"current_hp_per_floor":[88,93,93,84,84,80,66,66,66,66,66,74,44,39,79,31,72,84,52,44,12,12,52,0],"gold":72,"neow_bonus":"TEN_PERCENT_HP_BONUS","is_prod":false,"is_daily":false,"chose_seed":false,"campfire_upgraded":1,"win_rate":0,"timestamp":1564782929,"path_taken":["M","?","M","M","?","M","E","$","T","?","R","?","E","M","R","BOSS","M","M","?","M","?","R","E"],"build_version":"2019-07-17","purchased_purges":1,"victory":false,"max_hp_per_floor":[88,93,93,93,86,86,86,86,86,86,86,86,86,86,86,86,86,86,86,86,86,86,86,86],"card_choices":[{"not_picked":["Bloodletting","Wild Strike"],"picked":"Pommel Strike","floor":1},{"not_picked":["Havoc","Clash","Sentinel"],"picked":"SKIP","floor":3},{"not_picked":["Hemokinesis","Flex"],"picked":"Carnage","floor":4},{"not_picked":["Flex","Entrench"],"picked":"Twin Strike","floor":6},{"not_picked":["Fiend Fire","True Grit"],"picked":"Reaper","floor":7},{"not_picked":["Combust","Perfected Strike"],"picked":"Anger","floor":12},{"not_picked":["Body Slam","Blood for Blood"],"picked":"Sword Boomerang","floor":13},{"not_picked":["Flame Barrier","Clothesline"],"picked":"Feel No Pain","floor":14},{"not_picked":["Limit Break","Double Tap"],"picked":"Barricade","floor":16},{"not_picked":["Wild Strike+1","Iron Wave"],"picked":"Metallicize","floor":18},{"not_picked":["Wild Strike","Havoc","Warcry"],"picked":"SKIP","floor":19},{"not_picked":["Combust+1","Cleave+1","Havoc+1"],"picked":"SKIP","floor":21}],"player_experience":357371,"relics_obtained":[{"floor":7,"key":"Bag of Marbles"},{"floor":9,"key":"Regal Pillow"},{"floor":13,"key":"Boot"}],"event_choices":[{"damage_healed":0,"gold_gain":0,"player_choice":"Donut","damage_taken":0,"max_hp_gain":5,"max_hp_loss":0,"event_name":"Big Fish","floor":2,"gold_loss":0},{"damage_healed":0,"gold_gain":0,"player_choice":"Lose Max HP","damage_taken":0,"relics_obtained":["Golden Idol"],"max_hp_gain":0,"max_hp_loss":7,"event_name":"Golden Idol","floor":5,"gold_loss":0},{"damage_healed":0,"gold_gain":100,"player_choice":"Gold","damage_taken":0,"max_hp_gain":0,"max_hp_loss":0,"event_name":"Wheel of Change","floor":10,"gold_loss":0},{"damage_healed":0,"gold_gain":0,"player_choice":"","damage_taken":8,"max_hp_gain":0,"max_hp_loss":0,"event_name":"Knowing Skull","floor":20,"potions_obtained":[],"gold_loss":0,"cards_obtained":[]}],"is_beta":false,"boss_relics":[{"not_picked":["Velvet Choker","Astrolabe"],"picked":"Snecko Eye"}],"items_purged_floors":[22],"is_endless":false,"potions_floor_spawned":[3,4,13,14,16,18,19],"killed_by":"Book of Stabbing","ascension_level":5}