{"gold_per_floor":[109,28,103,114,132,132,159,159,185,201,211,242,242,269,269,370,370,384,384,384,402,65,94,94,119,119,129,142,154,188,206,206,310,310,324,324,0,0,0,28,28,60,113,113,143,61,75,102,102,102],"floor_reached":51,"playtime":6734,"items_purged":[],"score":1063,"play_id":"fb2f8957-03ef-41eb-ad5b-c6a99945826a","local_time":"20190308231321","daily_mods":["Draft","Allstar","Diverse","Heirloom","Time Dilation"],"is_ascension_mode":true,"campfire_choices":[{"data":"Armaments","floor":6.0,"key":"SMITH"},{"data":"Body Slam","floor":15.0,"key":"SMITH"},{"data":"After Image","floor":24.0,"key":"SMITH"},{"floor":32.0,"key":"DIG"},{"floor":41,"key":"DIG"},{"floor":44,"key":"DIG"},{"floor":49,"key":"DIG"}],"neow_cost":"","seed_source_timestamp":0,"circlet_count":0,"master_deck":["Cold Snap","Steam","Acrobatics","Leap","Shrug It Off","Capacitor","Headbutt","Go for the Eyes","Cold Snap","Dodge and Roll","Barrage","Armaments+1","Backflip","Body Slam+1","Dash","Infinite Blades","PiercingWail","Coolheaded+1","Footwork","Flame Barrier","Shrug It Off+1","Ball Lightning","After Image+1","Turbo","Well Laid Plans","Dagger Spray","Biased Cognition","BootSequence+1","Seeing Red","Heavy Blade","Undo+1","Reinforced Body","Adrenaline","Metallicize+1","Apotheosis","Panacea","Panache","Footwork+1","Loop","Defragment+1","Fire Breathing+1"],"special_seed":0,"relics":["Cracked Core","Incense Burner","Shuriken","Sundial","Dream Catcher","Juzu Bracelet","Vajra","Bronze Scales","Black Star","Lee\u0027s Waffle","Dead Branch","Bottled Lightning","Mercury Hourglass","PreservedInsect","Shovel","Smiling Mask","Gambling Chip","Peace Pipe","Coffee Dripper","Red Mask","Pantograph","Pocketwatch","Du-Vu Doll","Ornamental Fan","Pen Nib","Letter Opener","War Paint","Omamori","Lantern","Bottled Flame","Orichalcum","Meat on the Bone","Dodecahedron"],"potions_floor_usage":[42,50],"damage_taken":[{"damage":0.0,"enemies":"Cultist","floor":1.0,"turns":3.0},{"damage":0.0,"enemies":"Small Slimes","floor":4.0,"turns":3.0},{"damage":0.0,"enemies":"Jaw Worm","floor":5.0,"turns":3.0},{"damage":5.0,"enemies":"Lagavulin","floor":7.0,"turns":6.0},{"damage":0.0,"enemies":"Exordium Thugs","floor":10.0,"turns":5.0},{"damage":14.0,"enemies":"2 Fungi Beasts","floor":11.0,"turns":4.0},{"damage":4.0,"enemies":"3 Sentries","floor":12.0,"turns":9.0},{"damage":2.0,"enemies":"Lagavulin","floor":14.0,"turns":5.0},{"damage":13.0,"enemies":"The Guardian","floor":16.0,"turns":7.0},{"damage":0.0,"enemies":"3 Byrds","floor":18.0,"turns":3.0},{"damage":4.0,"enemies":"Spheric Guardian","floor":21.0,"turns":4.0},{"damage":14.0,"enemies":"Gremlin Leader","floor":23.0,"turns":6.0},{"damage":6.0,"enemies":"Book of Stabbing","floor":25.0,"turns":3.0},{"damage":0.0,"enemies":"Shelled Parasite and Fungi","floor":27.0,"turns":2.0},{"damage":0.0,"enemies":"Cultist and Chosen","floor":28.0,"turns":4.0},{"damage":10.0,"enemies":"Sentry and Sphere","floor":29.0,"turns":5.0},{"damage":0.0,"enemies":"Gremlin Leader","floor":30.0,"turns":5.0},{"damage":0.0,"enemies":"Centurion and Healer","floor":31.0,"turns":5.0},{"damage":9.0,"enemies":"Champ","floor":33.0,"turns":7.0},{"damage":0,"enemies":"Orb Walker","floor":35,"turns":3},{"damage":0,"enemies":"Giant Head","floor":40,"turns":7},{"damage":9,"enemies":"Nemesis","floor":42,"turns":7},{"damage":0,"enemies":"Giant Head","floor":45,"turns":5},{"damage":3,"enemies":"3 Shapes","floor":47,"turns":3},{"damage":22,"enemies":"Nemesis","floor":48,"turns":5},{"damage":15,"enemies":"Awakened One","floor":50,"turns":7}],"seed_played":"5618474008200566097","potions_obtained":[{"floor":1.0,"key":"PowerPotion"},{"floor":5.0,"key":"LiquidBronze"},{"floor":11.0,"key":"SteroidPotion"},{"floor":16.0,"key":"GamblersBrew"},{"floor":23.0,"key":"Weak Potion"},{"floor":25.0,"key":"FairyPotion"},{"floor":47,"key":"Ancient Potion"}],"is_trial":true,"path_per_floor":["M","$","?","M","M","R","E","T","T","M","M","E","?","E","R","B",null,"M","?","?","M","$","E","R","E","T","M","M","M","E","M","R","B",null,"M","?","?","T","?","E","R","E","T","R","E","$","M","E","R","B",null],"character_chosen":"DEFECT","items_purchased":["Infinite Blades","Biased Cognition","Lee\u0027s Waffle","Loop"],"campfire_rested":0,"item_purchase_floors":[2,22,22,46],"current_hp_per_floor":[75,75,75,75,75,75,70,70,70,70,56,52,52,50,50,37,75,75,75,61,57,87,73,73,67,67,67,67,57,57,57,57,48,87,87,77,77,77,77,77,77,68,68,68,68,68,65,43,43,53],"gold":102,"neow_bonus":"","is_prod":false,"is_daily":false,"chose_seed":false,"campfire_upgraded":3,"win_rate":0,"timestamp":1552104801,"path_taken":["M","?","?","M","M","R","E","?","T","M","?","E","?","E","R","BOSS","M","?","?","M","$","E","R","E","T","M","M","M","E","M","R","BOSS","M","?","?","?","?","E","R","E","T","R","E","?","M","E","R","BOSS"],"build_version":"2019-01-23","purchased_purges":0,"victory":true,"max_hp_per_floor":[75,75,75,75,75,75,75,75,75,75,75,75,75,75,75,75,75,75,75,80,80,87,87,87,87,87,87,87,87,87,87,87,87,87,87,87,87,87,87,87,87,87,87,87,87,87,87,87,87,87],"card_choices":[{"not_picked":["Streamline","Backstab"],"picked":"Cold Snap","floor":0.0},{"not_picked":["Reckless Charge","Beam Cell"],"picked":"Pommel Strike","floor":0.0},{"not_picked":["Wild Strike","Slice"],"picked":"Steam","floor":0.0},{"not_picked":["Setup","Static Discharge"],"picked":"Acrobatics","floor":0.0},{"not_picked":["Static Discharge","Havoc"],"picked":"Leap","floor":0.0},{"not_picked":["Dagger Spray","Underhanded Strike"],"picked":"Shrug It Off","floor":0.0},{"not_picked":["Reprogram","Body Slam"],"picked":"Capacitor","floor":0.0},{"not_picked":["Flying Knee","Outmaneuver"],"picked":"Headbutt","floor":0.0},{"not_picked":["Outmaneuver","Wild Strike"],"picked":"Go for the Eyes","floor":0.0},{"not_picked":["Compile Driver","Prepared"],"picked":"Cold Snap","floor":0.0},{"not_picked":["Quick Slash","Sweeping Beam"],"picked":"Dodge and Roll","floor":0.0},{"not_picked":["Auto Shields","Streamline"],"picked":"Barrage","floor":0.0},{"not_picked":["True Grit","Cleave"],"picked":"Armaments","floor":0.0},{"not_picked":["Compile Driver","Blizzard"],"picked":"Backflip","floor":0.0},{"not_picked":["Poisoned Stab","Steam"],"picked":"Body Slam","floor":0.0},{"not_picked":["Ball Lightning","Chill"],"picked":"Dash","floor":1.0},{"not_picked":["Ghostly Armor","Acrobatics"],"picked":"PiercingWail","floor":4.0},{"not_picked":["Underhanded Strike","Dagger Spray"],"picked":"Coolheaded","floor":5.0},{"not_picked":["Capacitor","Iron Wave","Sentinel"],"picked":"SKIP","floor":7.0},{"not_picked":["Acrobatics","Noxious Fumes"],"picked":"Footwork","floor":10.0},{"not_picked":["Twin Strike","Heavy Blade"],"picked":"Flame Barrier","floor":11.0},{"not_picked":["Aggregate","Blur"],"picked":"Shrug It Off","floor":12.0},{"not_picked":["Dagger Spray","Evolve"],"picked":"Ball Lightning","floor":14.0},{"not_picked":["Hyperbeam","Dark Embrace"],"picked":"After Image","floor":16.0},{"not_picked":["Melter","Deflect"],"picked":"Turbo","floor":18.0},{"not_picked":["Sword Boomerang","Quick Slash"],"picked":"Dagger Spray","floor":21.0},{"not_picked":["Skim","Shrug It Off+1"],"picked":"BootSequence+1","floor":23.0},{"not_picked":["Reboot","Cleave+1"],"picked":"Seeing Red","floor":25.0},{"not_picked":["Pommel Strike","Underhanded Strike"],"picked":"Heavy Blade","floor":27.0},{"not_picked":["Fiend Fire","Barrage","Rampage"],"picked":"SKIP","floor":28.0},{"not_picked":["Barrage+1","Endless Agony","Cold Snap"],"picked":"SKIP","floor":29.0},{"not_picked":["Warcry","Redo+1"],"picked":"Undo+1","floor":30.0},{"not_picked":["Sucker Punch","Dagger Spray+1"],"picked":"Reinforced Body","floor":31.0},{"not_picked":["After Image","Envenom"],"picked":"Adrenaline","floor":33.0},{"not_picked":["Underhanded Strike","Combust"],"picked":"Metallicize+1","floor":35},{"not_picked":["Finesse","Panacea"],"picked":"Apotheosis","floor":36},{"not_picked":["Mind Blast","Trip"],"picked":"Panacea","floor":36},{"not_picked":["Discovery","Impatience"],"picked":"Panache","floor":36},{"not_picked":["Dash+1","Reckless Charge","Bane+1"],"picked":"SKIP","floor":40},{"not_picked":["Acrobatics+1","Skewer"],"picked":"Footwork+1","floor":42},{"not_picked":["Auto Shields+1","Cold Snap+1","Wild Strike+1"],"picked":"SKIP","floor":45},{"not_picked":["Leg Sweep+1","Perfected Strike"],"picked":"Defragment+1","floor":47},{"not_picked":["Undo","Exhume"],"picked":"Fire Breathing+1","floor":48}],"player_experience":93572,"relics_obtained":[{"floor":7.0,"key":"Shuriken"},{"floor":8.0,"key":"Sundial"},{"floor":9.0,"key":"Dream Catcher"},{"floor":12.0,"key":"Juzu Bracelet"},{"floor":14.0,"key":"Bronze Scales"},{"floor":23.0,"key":"Dead Branch"},{"floor":23.0,"key":"Bottled Lightning"},{"floor":25.0,"key":"Mercury Hourglass"},{"floor":25.0,"key":"PreservedInsect"},{"floor":26.0,"key":"Shovel"},{"floor":30.0,"key":"Smiling Mask"},{"floor":30.0,"key":"Gambling Chip"},{"floor":32.0,"key":"Peace Pipe"},{"floor":38,"key":"Pantograph"},{"floor":40,"key":"Pocketwatch"},{"floor":40,"key":"Du-Vu Doll"},{"floor":41,"key":"Ornamental Fan"},{"floor":42,"key":"Pen Nib"},{"floor":42,"key":"Letter Opener"},{"floor":43,"key":"War Paint"},{"floor":44,"key":"Omamori"},{"floor":45,"key":"Lantern"},{"floor":45,"key":"Bottled Flame"},{"floor":48,"key":"Orichalcum"},{"floor":48,"key":"Meat on the Bone"},{"floor":49,"key":"Dodecahedron"}],"event_choices":[{"damage_healed":0.0,"max_hp_gain":0.0,"max_hp_loss":0.0,"gold_gain":75.0,"event_name":"Golden Wing","player_choice":"Gained Gold","floor":3.0,"gold_loss":0.0,"damage_taken":0.0},{"damage_healed":0.0,"max_hp_gain":0.0,"max_hp_loss":0.0,"gold_gain":0.0,"event_name":"WeMeetAgain","player_choice":"Gave Potion","floor":13.0,"gold_loss":0.0,"damage_taken":0.0,"relics_obtained":["Vajra"]},{"damage_healed":0.0,"max_hp_gain":0.0,"max_hp_loss":0.0,"gold_gain":0.0,"event_name":"The Library","player_choice":"Read","floor":19.0,"gold_loss":0.0,"damage_taken":0.0,"cards_obtained":["Well Laid Plans"]},{"damage_healed":0.0,"max_hp_gain":5.0,"max_hp_loss":0.0,"gold_gain":0.0,"event_name":"Forgotten Altar","player_choice":"Shed Blood","floor":20.0,"gold_loss":0.0,"damage_taken":19.0},{"damage_healed":0,"gold_gain":0,"player_choice":"Memory 3","damage_taken":10,"max_hp_gain":0,"max_hp_loss":0,"event_name":"SensoryStone","floor":36,"gold_loss":0},{"damage_healed":0,"gold_gain":0,"player_choice":"Paid","damage_taken":0,"relics_obtained":["Red Mask"],"max_hp_gain":0,"max_hp_loss":0,"event_name":"Tomb of Lord Red Mask","floor":37,"gold_loss":324},{"cards_removed":["Pommel Strike"],"damage_healed":0,"gold_gain":0,"player_choice":"Removed Attack","damage_taken":0,"max_hp_gain":0,"max_hp_loss":0,"event_name":"Falling","floor":39,"gold_loss":0}],"is_beta":false,"boss_relics":[{"not_picked":["Ectoplasm","White Beast Statue"],"picked":"Black Star"},{"not_picked":["Tiny House","Philosopher\u0027s Stone"],"picked":"Coffee Dripper"}],"items_purged_floors":[],"is_endless":false,"potions_floor_spawned":[1,5,11,16,23,25,27,31,33,40,47],"ascension_level":1}