{"gold_per_floor":[118,135,246,263,277,277,311,4,31,31,31,31,148,148,148,246,246,246,246,246,246,246,246,22,22],"floor_reached":25,"playtime":1594,"items_purged":["Strike_R"],"score":254,"play_id":"2bd3426d-cde5-47e5-83d7-bce5e7f492d0","local_time":"20190504010326","is_ascension_mode":true,"campfire_choices":[{"data":"True Grit","floor":6,"key":"SMITH"},{"data":"Armaments","floor":10,"key":"SMITH"},{"data":"Bash","floor":12,"key":"SMITH"},{"data":"Battle Trance","floor":23,"key":"SMITH"}],"neow_cost":"NONE","seed_source_timestamp":1392596861461048,"circlet_count":0,"master_deck":["Strike_R","Strike_R","Strike_R","Defend_R","Defend_R","Defend_R","Defend_R","Bash+1","Warcry","Run Through","True Grit+1","Armaments+1","Wild Strike+1","Replay:Undeath\u0027s Touch","Headbutt","Shrug It Off","Self Repair+1","Firewall","Battle Trance+1","Sword Boomerang+1"],"relics":["Ginger","infinitespire:Golems Mask","Omamori","Iron Core","Ectoplasm","Art of War"],"potions_floor_usage":[7,16,16,25],"damage_taken":[{"damage":28,"enemies":"infinitespire:Voidling","floor":1,"turns":4},{"damage":7,"enemies":"2 Louse","floor":2,"turns":3},{"damage":7,"enemies":"Small Slimes","floor":3,"turns":3},{"damage":0,"enemies":"Exordium Wildlife","floor":4,"turns":3},{"damage":14,"enemies":"3 Louse","floor":5,"turns":4},{"damage":28,"enemies":"Gremlin Nob","floor":7,"turns":4},{"damage":17,"enemies":"Exordium Thugs","floor":13,"turns":4},{"damage":19,"enemies":"Hexaghost","floor":16,"turns":12},{"damage":18,"enemies":"Spheric Guardian","floor":18,"turns":5},{"damage":20,"enemies":"Chosen","floor":21,"turns":5},{"damage":23,"enemies":"Sentry and Sphere","floor":22,"turns":6},{"damage":47,"enemies":"Gremlin Leader","floor":25,"turns":8}],"seed_played":"-8015284993443943766","potions_obtained":[{"floor":1,"key":"SpeedPotion"},{"floor":3,"key":"Fire Potion"},{"floor":5,"key":"Swift Potion"},{"floor":7,"key":"EssenceOfSteel"},{"floor":20,"key":"Reflective Coating"},{"floor":20,"key":"Languid Potion"},{"floor":22,"key":"Swift Potion"}],"is_trial":false,"path_per_floor":["M","M","M","M","M","R","E","$","T","R","?","R","M","?","R","B",null,"M","?","?","M","M","R","$","E"],"character_chosen":"IRONCLAD","items_purchased":["infinitespire:Golems Mask","Art of War"],"campfire_rested":0,"item_purchase_floors":[8,24],"current_hp_per_floor":[58,57,56,62,54,54,32,32,32,32,32,32,21,21,45,40,73,65,65,65,55,42,42,42,0],"gold":22,"neow_bonus":"TRANSFORM_CARD","is_prod":false,"is_daily":false,"chose_seed":false,"campfire_upgraded":4,"win_rate":0,"timestamp":1556946206,"path_taken":["M","M","?","M","M","R","E","$","T","R","?","R","M","?","R","BOSS","M","?","?","M","?","R","$","E"],"build_version":"2019-01-23","purchased_purges":1,"victory":false,"max_hp_per_floor":[80,80,80,80,80,80,80,80,80,80,80,80,80,80,80,84,84,84,84,84,84,84,84,84,84],"card_choices":[{"not_picked":["Havoc","ReplayTheSpireMod:Strike From Hell"],"picked":"Run Through","floor":1},{"not_picked":["Shrug It Off","Body Slam"],"picked":"True Grit","floor":2},{"not_picked":["Cleave","ReplayTheSpireMod:Strike From Hell"],"picked":"Armaments","floor":3},{"not_picked":["Burning Pact","ReplayTheSpireMod:LeadingStrike"],"picked":"Wild Strike","floor":4},{"not_picked":["Armaments","ReplayTheSpireMod:LeadingStrike"],"picked":"Replay:Undeath\u0027s Touch","floor":5},{"not_picked":["Massacre","Searing Blow"],"picked":"Headbutt","floor":7},{"not_picked":["Iron Wave","Perfected Strike"],"picked":"Shrug It Off","floor":13},{"not_picked":["Hemogenesis","Demonic Infusion"],"picked":"Firewall","floor":16},{"not_picked":["Body Slam","True Grit"],"picked":"Battle Trance","floor":18},{"not_picked":["Run Through+1","Pommel Strike+1"],"picked":"Sword Boomerang+1","floor":21},{"not_picked":["Perfected Strike","Replay:Undeath\u0027s Touch","Intimidate"],"picked":"SKIP","floor":22}],"player_experience":270100,"relics_obtained":[{"floor":7,"key":"Ginger"},{"floor":9,"key":"Omamori"}],"event_choices":[{"damage_healed":0,"gold_gain":0,"player_choice":"Leave","damage_taken":0,"max_hp_gain":0,"max_hp_loss":0,"event_name":"The Cleric","floor":11,"gold_loss":0},{"damage_healed":0,"gold_gain":0,"player_choice":"Ignored","damage_taken":0,"max_hp_gain":0,"max_hp_loss":0,"event_name":"Vampires","floor":19,"gold_loss":0},{"damage_healed":0,"gold_gain":0,"player_choice":"Got Potions","damage_taken":0,"max_hp_gain":0,"max_hp_loss":0,"event_name":"Lab","floor":20,"gold_loss":0}],"is_beta":false,"boss_relics":[{"not_picked":["Kintsugi","ReplayTheSpireMod:SealedPack"],"picked":"Ectoplasm"}],"items_purged_floors":[24],"is_endless":false,"potions_floor_spawned":[1,3,5,7,13,21,22],"killed_by":"Gremlin Leader","ascension_level":5}