{"gold_per_floor":[110,125,125,143,143,143,153,118,118,21,21,34,34,47,47,47],"floor_reached":16,"playtime":520,"items_purged":[],"score":124,"play_id":"a31716f2-ae53-47ea-8f13-74e95cb0623e","local_time":"20190522211257","is_ascension_mode":true,"campfire_choices":[{"data":"Pummel","floor":6.0,"key":"SMITH"},{"data":"Shrug It Off","floor":11.0,"key":"SMITH"},{"data":"Defend_R","floor":13.0,"key":"SMITH"},{"data":"Defend_R","floor":15.0,"key":"SMITH"}],"neow_cost":"NONE","seed_source_timestamp":112593449606800,"circlet_count":0,"master_deck":["Strike_R","Strike_R","Strike_R","Strike_R","Strike_R","Defend_R+1","Defend_R+1","Defend_R","Defend_R+1","Inflame+1","Pummel+1","Shrug It Off+1","Evolve+1","Feel No Pain+1"],"special_seed":0,"relics":["Burning Blood","Frozen Egg 2"],"potions_floor_usage":[16,16],"damage_taken":[{"damage":5.0,"enemies":"2 Louse","floor":1.0,"turns":4.0},{"damage":0.0,"enemies":"Small Slimes","floor":2.0,"turns":3.0},{"damage":2.0,"enemies":"Jaw Worm","floor":4.0,"turns":4.0},{"damage":9.0,"enemies":"Exordium Wildlife","floor":7.0,"turns":4.0},{"damage":13.0,"enemies":"3 Louse","floor":12.0,"turns":5.0},{"damage":9.0,"enemies":"2 Fungi Beasts","floor":14.0,"turns":3.0},{"damage":78,"enemies":"Hexaghost","floor":16,"turns":13}],"seed_played":"722078026203449297","potions_obtained":[{"floor":1.0,"key":"Strength Potion"},{"floor":4.0,"key":"Ancient Potion"},{"floor":14.0,"key":"SteroidPotion"}],"is_trial":false,"path_per_floor":["M","M","?","M","?","R","M","?","T","$","R","M","R","M","R","B"],"character_chosen":"IRONCLAD","items_purchased":["Shrug It Off","Evolve+1"],"campfire_rested":0,"item_purchase_floors":[10,10],"current_hp_per_floor":[81,87,69,73,66,66,63,85,85,85,85,78,78,75,75,0],"gold":47,"neow_bonus":"TEN_PERCENT_HP_BONUS","is_prod":false,"is_daily":false,"chose_seed":false,"campfire_upgraded":4,"win_rate":0,"timestamp":1558573977,"path_taken":["M","M","?","M","?","R","M","?","T","$","R","M","R","M","R","BOSS"],"build_version":"2019-01-23","purchased_purges":0,"victory":false,"max_hp_per_floor":[88,88,88,88,88,88,88,88,88,88,88,88,88,88,88,88],"card_choices":[{"not_picked":["Second Wind","Twin Strike"],"picked":"Inflame","floor":1.0},{"not_picked":["Sentinel","Thunderclap"],"picked":"Pummel","floor":2.0},{"not_picked":["Armaments","Iron Wave","Second Wind"],"picked":"SKIP","floor":4.0},{"not_picked":["Flex","Fire Breathing","Power Through"],"picked":"SKIP","floor":7.0},{"not_picked":["Perfected Strike","Wild Strike","Sword Boomerang"],"picked":"SKIP","floor":12.0},{"not_picked":["Corruption+1","Clothesline"],"picked":"Feel No Pain+1","floor":14.0}],"player_experience":226887,"relics_obtained":[{"floor":9.0,"key":"Frozen Egg 2"}],"event_choices":[{"damage_healed":0.0,"max_hp_gain":0.0,"max_hp_loss":0.0,"gold_gain":0.0,"event_name":"Shining Light","player_choice":"Entered Light","floor":3.0,"gold_loss":0.0,"damage_taken":18.0,"cards_upgraded":["Inflame","Defend_R"]},{"cards_removed":["Bash"],"damage_healed":0.0,"max_hp_gain":0.0,"max_hp_loss":0.0,"gold_gain":0.0,"event_name":"Golden Wing","player_choice":"Card Removal","floor":5.0,"gold_loss":0.0,"damage_taken":7.0},{"damage_healed":22.0,"max_hp_gain":0.0,"max_hp_loss":0.0,"gold_gain":0.0,"event_name":"The Cleric","player_choice":"Healed","floor":8.0,"gold_loss":35.0,"damage_taken":0.0}],"is_beta":false,"boss_relics":[],"items_purged_floors":[],"is_endless":false,"potions_floor_spawned":[1,4,14],"killed_by":"Hexaghost","ascension_level":7}