{"gold_per_floor":[111,61,161,180,285,320,320,354,354,354,364,380,491,177,177,281,281,293,308,322,336,316,341,355,355,355,371,371,405,405,430,430,463,463,564,564,614,670,733,733,897,897,966,966],"floor_reached":44,"playtime":3389,"items_purged":["Strike_R"],"score":789,"play_id":"f68aaa0d-72e3-4a46-b9a8-793c897396ff","local_time":"20190430193001","is_ascension_mode":true,"campfire_choices":[{"data":"Bash","floor":7,"key":"SMITH"},{"data":"Anger","floor":10,"key":"SMITH"},{"data":"True Grit","floor":30,"key":"SMITH"},{"data":"Body Slam","floor":32,"key":"SMITH"},{"floor":34,"key":"REST"},{"data":"Barricade","floor":42,"key":"SMITH"}],"neow_cost":"NONE","seed_source_timestamp":1111594843716181,"circlet_count":0,"master_deck":["Bash+1","ReplayTheSpireMod:Strike From Hell","Clothesline","Anger+1","Impervious","Pot Of Greed","Pot Of Greed","Sword Boomerang","Shrug It Off","Body Slam+1","Immolate","Warcry","Offering","True Grit+1","ReplayReversal","Replay:Undeath\u0027s Touch+1","Entrench+1","Pot Of Greed","ReplayReversal","Fiend Fire","Demon Form","Replay:Many Hands","Sword Boomerang","Feel No Pain","Cleave","Immolate","Life Link","Feel No Pain+1","Sentinel+1","Havoc+1","Pot Of Greed","Writhe","Barricade+1"],"relics":["Burning Blood","Boot","Unceasing Top","Grinning Jar","Divine Protection","Paper Frog","Sozu","Bag of Preparation","Pen Nib","Replay:WaspNest","Another Sword","Charon\u0027s Ashes","Blood Vial","infinitespire:EvilPickle","Pandora\u0027s Box"],"potions_floor_usage":[16,16,16],"damage_taken":[{"damage":0,"enemies":"Small Slimes","floor":1,"turns":3},{"damage":1,"enemies":"2 Louse","floor":4,"turns":3},{"damage":6,"enemies":"Cultist","floor":5,"turns":3},{"damage":21,"enemies":"Gremlin Nob","floor":6,"turns":4},{"damage":39,"enemies":"3 Sentries","floor":8,"turns":9},{"damage":10,"enemies":"Lots of Slimes","floor":11,"turns":3},{"damage":0,"enemies":"Large Slime","floor":12,"turns":5},{"damage":2,"enemies":"Looter","floor":13,"turns":2},{"damage":44,"enemies":"Fading Forest","floor":16,"turns":11},{"damage":17,"enemies":"Spheric Guardian","floor":18,"turns":4},{"damage":14,"enemies":"3 Byrds","floor":19,"turns":4},{"damage":3,"enemies":"Centurion and Healer","floor":20,"turns":5},{"damage":0,"enemies":"Snake Plant","floor":21,"turns":2},{"damage":13,"enemies":"Book of Stabbing","floor":23,"turns":4},{"damage":17,"enemies":"Shelled Parasite and Fungi","floor":24,"turns":4},{"damage":5,"enemies":"Centurion and Healer","floor":27,"turns":5},{"damage":36,"enemies":"Gremlin Leader","floor":29,"turns":5},{"damage":0,"enemies":"Book of Stabbing","floor":31,"turns":5},{"damage":0,"enemies":"Gremlin Leader","floor":33,"turns":5},{"damage":30,"enemies":"Pondfish","floor":35,"turns":8},{"damage":12,"enemies":"3 Shapes","floor":37,"turns":2},{"damage":27,"enemies":"3 Darklings","floor":38,"turns":4},{"damage":23,"enemies":"Maw","floor":39,"turns":6},{"damage":24,"enemies":"Spire Growth","floor":41,"turns":4},{"damage":29,"enemies":"Transient","floor":43,"turns":5},{"damage":29,"enemies":"Nightmare","floor":44,"turns":3}],"seed_played":"6511757017682797319","potions_obtained":[{"floor":1,"key":"Adrenaline Potion"},{"floor":4,"key":"Energy Potion"},{"floor":11,"key":"Weak Potion"},{"floor":16,"key":"Toxic Potion"}],"is_trial":false,"path_per_floor":["M","?","?","M","M","E","R","E","T","R","M","M","M","$","R","B",null,"M","M","M","M","?","E","M","PTL","PTL","M","T","E","R","E","R","E","R","B",null,"M","M","M","?","M","R","M","NM"],"character_chosen":"IRONCLAD","items_purchased":["Paper Frog","Immolate"],"campfire_rested":1,"item_purchase_floors":[14,14],"current_hp_per_floor":[80,80,80,80,80,65,65,32,32,32,28,34,38,38,38,18,80,69,61,64,70,70,63,52,52,52,53,53,23,23,29,29,35,59,37,80,74,55,40,60,44,44,23,0],"gold":966,"neow_bonus":"RANDOM_COMMON_RELIC","is_prod":false,"is_daily":false,"chose_seed":false,"campfire_upgraded":5,"win_rate":0,"timestamp":1556667001,"path_taken":["M","?","?","M","?","E","R","E","T","R","M","M","M","$","R","BOSS","M","M","?","M","?","E","M","PTL","PTL","M","T","E","R","E","R","E","R","BOSS","M","M","?","?","M","R","M","NM"],"build_version":"2019-01-23","purchased_purges":1,"victory":false,"max_hp_per_floor":[80,80,80,80,80,80,80,80,80,80,80,80,80,80,80,80,80,80,80,80,80,80,80,80,80,80,80,80,80,80,80,80,80,80,80,80,80,80,80,80,80,80,80,80],"card_choices":[{"not_picked":["Bloodletting","Ghostly Armor"],"picked":"ReplayTheSpireMod:Strike From Hell","floor":1},{"not_picked":["True Grit","Pummel"],"picked":"Clothesline","floor":4},{"not_picked":["Armaments","Heavy Blade"],"picked":"Anger","floor":5},{"not_picked":["Body Slam","Hemogenesis"],"picked":"Impervious","floor":6},{"not_picked":["Wild Strike","Carnage"],"picked":"Sword Boomerang","floor":8},{"not_picked":["ReplayTheSpireMod:Strike From Hell","Pommel Strike"],"picked":"Shrug It Off","floor":11},{"not_picked":["Run Through","Seeing Red"],"picked":"Body Slam","floor":12},{"not_picked":["Havoc","Searing Blow"],"picked":"Flex","floor":13},{"not_picked":["Immolate","Brutality"],"picked":"Offering","floor":16},{"not_picked":["Iron Wave","Battle Trance"],"picked":"True Grit","floor":18},{"not_picked":["Headbutt","Iron Wave","Run Through"],"picked":"SKIP","floor":19},{"not_picked":["Headbutt","Iron Wave","Run Through"],"picked":"SKIP","floor":19},{"not_picked":["Uppercut","Perfected Strike"],"picked":"ReplayReversal","floor":20},{"not_picked":["Perfected Strike","ReplayTheSpireMod:Strike From Hell","Combust+1"],"picked":"SKIP","floor":21},{"not_picked":["Perfected Strike","ReplayTheSpireMod:Strike From Hell","Combust+1"],"picked":"SKIP","floor":21},{"not_picked":["Power Through","Flex"],"picked":"Replay:Undeath\u0027s Touch+1","floor":23},{"not_picked":["infinitespire:OneForAll","Hemokinesis"],"picked":"Entrench+1","floor":24},{"not_picked":["Carnage+1","Hemokinesis","Second Wind"],"picked":"SKIP","floor":27},{"not_picked":["Pommel Strike","Dark Embrace","ReplayTheSpireMod:Strike From Hell"],"picked":"SKIP","floor":29},{"not_picked":["Thunderclap","Clash","Massacre+1"],"picked":"SKIP","floor":31},{"not_picked":["True Grit","Replay:Undeath\u0027s Touch+1"],"picked":"ReplayReversal","floor":33},{"not_picked":["Immolate","Replay:Many Hands"],"picked":"Fiend Fire","floor":35},{"not_picked":["Pummel+1","Bloodletting+1"],"picked":"Feel No Pain+1","floor":37},{"not_picked":["Seeing Red+1","Iron Wave+1"],"picked":"Sentinel+1","floor":38},{"not_picked":["Sentinel","Anger+1"],"picked":"Havoc+1","floor":39},{"not_picked":["Replay:Undeath\u0027s Touch+1","Burning Pact"],"picked":"Barricade","floor":41},{"not_picked":["Cleave+1","Feel No Pain","Sword Boomerang"],"picked":"SKIP","floor":43}],"player_experience":247846,"relics_obtained":[{"floor":6,"key":"Unceasing Top"},{"floor":8,"key":"Grinning Jar"},{"floor":9,"key":"Divine Protection"},{"floor":23,"key":"Pen Nib"},{"floor":28,"key":"Replay:WaspNest"},{"floor":29,"key":"Another Sword"},{"floor":31,"key":"Charon\u0027s Ashes"},{"floor":33,"key":"Blood Vial"}],"event_choices":[{"cards_removed":["Strike_R"],"damage_healed":0,"gold_gain":0,"player_choice":"Card Removal","damage_taken":0,"max_hp_gain":0,"max_hp_loss":0,"event_name":"The Cleric","floor":2,"gold_loss":50},{"damage_healed":0,"gold_gain":100,"player_choice":"Pray","damage_taken":0,"max_hp_gain":0,"max_hp_loss":0,"event_name":"Golden Shrine","floor":3,"gold_loss":0},{"damage_healed":0,"gold_gain":0,"player_choice":"Bought 1 Potion","damage_taken":0,"max_hp_gain":0,"max_hp_loss":0,"event_name":"The Woman in Blue","floor":22,"gold_loss":0},{"damage_healed":20,"gold_gain":0,"player_choice":"Writhe","damage_taken":0,"max_hp_gain":0,"max_hp_loss":0,"event_name":"Winding Halls","floor":40,"gold_loss":0,"cards_obtained":["Writhe"]}],"is_beta":false,"boss_relics":[{"not_picked":["Black Blood","Replay:Bronze Core"],"picked":"Sozu"},{"not_picked":["Eternal Feather","Velvet Choker"],"picked":"Pandora\u0027s Box"}],"items_purged_floors":[14],"is_endless":false,"potions_floor_spawned":[1,4,11,13,16,21,23,24,33,35,39],"killed_by":"Nightmare","ascension_level":1}