{"gold_per_floor":[116,116,131,154,170,170,95,95,118,131,147,147,178,191,191,286,286,298,223,35,54,54,79,79,91,91,123,123,73,96,96,96,196,196,212,230,161,161,161,161,191,191,217,247,260,272,284,284,284,284],"floor_reached":50,"playtime":2693,"items_purged":["Defend_B","Defend_B"],"score":619,"play_id":"90897251-6a2e-40d4-9274-6a0eee478060","local_time":"20180907171529","is_ascension_mode":true,"campfire_choices":[{"data":"Defragment","floor":6.0,"key":"SMITH"},{"data":"Sunder","floor":8.0,"key":"SMITH"},{"floor":12.0,"key":"REST"},{"data":"Zap","floor":15.0,"key":"SMITH"},{"floor":24,"key":"REST"},{"floor":28,"key":"REST"},{"floor":32,"key":"REST"},{"data":"Defragment","floor":40,"key":"SMITH"},{"data":"Undo","floor":42,"key":"SMITH"},{"data":"White Noise","floor":49,"key":"SMITH"}],"neow_cost":"NONE","seed_source_timestamp":0,"circlet_count":0,"master_deck":["Defend_B+1","Defend_B+1","Zap+1","Dualcast","Sunder+1","Hologram","Defragment+1","Melter","Coolheaded","Hologram","Seek","Reprogram+1","Loop+1","Coolheaded+1","White Noise+1","Melter+1","FTL","Buffer","Skim","Electrodynamics","Loop+1","Compile Driver+1","Defragment+1","Undo+1","Seek","Capacitor+1","Stack+1","Capacitor+1"],"special_seed":0,"relics":["Cracked Core","War Paint","PreservedInsect","Potion Belt","Bag of Marbles","Astrolabe","Happy Flower","Pear","Juzu Bracelet","Strawberry","Coffee Dripper","Turnip","Bottled Flame","Oddly Smooth Stone","Vajra"],"potions_floor_usage":[23,23,25,33,33,33,36,50,50,50],"damage_taken":[{"damage":10.0,"enemies":"Small Slimes","floor":1.0,"turns":3.0},{"damage":1.0,"enemies":"2 Louse","floor":3.0,"turns":2.0},{"damage":0.0,"enemies":"Cultist","floor":5.0,"turns":3.0},{"damage":14.0,"enemies":"Exordium Thugs","floor":10.0,"turns":4.0},{"damage":9.0,"enemies":"Red Slaver","floor":11.0,"turns":4.0},{"damage":11.0,"enemies":"3 Sentries","floor":13.0,"turns":4.0},{"damage":1.0,"enemies":"2 Fungi Beasts","floor":14.0,"turns":2.0},{"damage":41.0,"enemies":"The Guardian","floor":16.0,"turns":11.0},{"damage":0.0,"enemies":"Spheric Guardian","floor":18.0,"turns":2.0},{"damage":6.0,"enemies":"Chosen","floor":20.0,"turns":5.0},{"damage":16,"enemies":"Chosen","floor":21,"turns":4},{"damage":44,"enemies":"Slavers","floor":23,"turns":3},{"damage":10,"enemies":"Snecko","floor":25,"turns":4},{"damage":19,"enemies":"Book of Stabbing","floor":27,"turns":5},{"damage":12,"enemies":"Collector","floor":33,"turns":9},{"damage":7,"enemies":"Orb Walker","floor":35,"turns":3},{"damage":33,"enemies":"3 Darklings","floor":36,"turns":3},{"damage":38,"enemies":"2 Orb Walkers","floor":41,"turns":5},{"damage":9,"enemies":"Nemesis","floor":44,"turns":5},{"damage":0,"enemies":"Reptomancer","floor":45,"turns":4},{"damage":0,"enemies":"4 Shapes","floor":46,"turns":4},{"damage":0,"enemies":"Transient","floor":47,"turns":5},{"damage":21,"enemies":"Donu and Deca","floor":50,"turns":2}],"seed_played":"-1820986061453251327","potions_obtained":[{"floor":1.0,"key":"Explosive Potion"},{"floor":3.0,"key":"SpeedPotion"},{"floor":13.0,"key":"FocusPotion"},{"floor":14.0,"key":"FocusPotion"},{"floor":18.0,"key":"Energy Potion"},{"floor":25,"key":"Energy Potion"},{"floor":33,"key":"SpeedPotion"},{"floor":35,"key":"GamblersBrew"},{"floor":44,"key":"SkillPotion"},{"floor":45,"key":"Block Potion"}],"is_trial":false,"path_per_floor":["M","?","M","T","M","R","$","R","T","M","M","R","E","M","R","B",null,"M","?","$","M","?","E","R","M","T","E","R","$","T","?","R","B",null,"M","M","$","?","T","R","E","R","T","E","M","M","M","?","R"],"character_chosen":"DEFECT","items_purchased":["White Noise","Ball Lightning","Dexterity Potion","Defragment"],"campfire_rested":4,"item_purchase_floors":[20,20,29,37],"current_hp_per_floor":[72,69,68,68,68,68,68,68,68,54,45,69,58,57,57,16,82,82,82,76,60,60,16,40,30,40,21,48,48,55,55,84,72,99,92,59,59,59,59,59,21,21,21,12,12,12,12,12,12,0],"gold":284,"neow_bonus":"TEN_PERCENT_HP_BONUS","is_prod":false,"is_daily":false,"chose_seed":false,"campfire_upgraded":6,"win_rate":0,"timestamp":1536354929,"path_taken":["M","?","M","?","?","R","$","R","T","M","M","R","E","M","R","BOSS","M","?","?","M","?","E","R","M","T","E","R","$","?","?","R","BOSS","M","M","$","?","?","R","E","R","T","E","M","M","M","?","R","BOSS"],"build_version":"2018-09-06","purchased_purges":2,"victory":false,"max_hp_per_floor":[82,82,82,82,82,82,82,82,82,82,82,82,82,82,82,82,82,82,82,82,82,82,82,82,82,92,92,92,92,99,99,99,99,99,99,99,99,99,99,99,99,99,99,99,99,99,99,99,99,99],"card_choices":[{"not_picked":["White Noise","Streamline"],"picked":"Sunder","floor":1.0},{"not_picked":["Gash","Rip and Tear"],"picked":"Hologram","floor":3.0},{"not_picked":["Conserve Battery","Go for the Eyes"],"picked":"Defragment","floor":5.0},{"not_picked":["Blizzard","Doom and Gloom","Lockon"],"picked":"SKIP","floor":10.0},{"not_picked":["Leap","Stack"],"picked":"Melter","floor":11.0},{"not_picked":["Redo","Hello World"],"picked":"Coolheaded","floor":13.0},{"not_picked":["Go for the Eyes","Turbo"],"picked":"Hologram","floor":14.0},{"not_picked":["Reboot","Machine Learning"],"picked":"Seek","floor":16.0},{"not_picked":["Force Field","Compile Driver"],"picked":"Coolheaded+1","floor":18.0},{"not_picked":["Compile Driver","Fusion"],"picked":"Melter+1","floor":21},{"not_picked":["Cold Snap","Streamline"],"picked":"FTL","floor":23},{"not_picked":["Sunder+1","Redo"],"picked":"Buffer","floor":25},{"not_picked":["Streamline","Static Discharge"],"picked":"Skim","floor":27},{"not_picked":["Multi-Cast","Machine Learning"],"picked":"Electrodynamics","floor":33},{"not_picked":["Coolheaded","Lockon+1"],"picked":"Loop+1","floor":35},{"not_picked":["Go for the Eyes","Barrage+1"],"picked":"Compile Driver+1","floor":36},{"not_picked":["Streamline+1","Redo","Undo"],"picked":"SKIP","floor":41},{"not_picked":["Streamline+1","Redo"],"picked":"Undo","floor":41},{"not_picked":["Coolheaded+1","Rebound"],"picked":"Seek","floor":44},{"not_picked":["Fusion+1","Hologram+1"],"picked":"Capacitor+1","floor":45},{"not_picked":["Genetic Algorithm","Turbo"],"picked":"Stack+1","floor":46},{"not_picked":["Barrage+1","Stack+1"],"picked":"Capacitor+1","floor":47}],"player_experience":78815,"relics_obtained":[{"floor":4.0,"key":"PreservedInsect"},{"floor":9.0,"key":"Potion Belt"},{"floor":13.0,"key":"Bag of Marbles"},{"floor":23,"key":"Happy Flower"},{"floor":26,"key":"Pear"},{"floor":27,"key":"Juzu Bracelet"},{"floor":30,"key":"Strawberry"},{"floor":39,"key":"Turnip"},{"floor":41,"key":"Bottled Flame"},{"floor":43,"key":"Oddly Smooth Stone"},{"floor":44,"key":"Vajra"}],"event_choices":[{"event_name":"Scrap Ooze","player_choice":"success","floor":2.0,"damage_taken":3.0},{"event_name":"Beggar","player_choice":"Gave Gold","floor":19.0,"damage_taken":0.0},{"event_name":"Back to Basics","player_choice":"Elegance","floor":22,"damage_taken":0},{"event_name":"The Mausoleum","player_choice":"No","floor":31,"damage_taken":0},{"event_name":"Tomb of Lord Red Mask","player_choice":"Ignored","floor":38,"damage_taken":0},{"event_name":"Falling","player_choice":"Removed Attack","floor":48,"damage_taken":0}],"is_beta":false,"boss_relics":[{"not_picked":["Orrery","Cursed Key"],"picked":"Astrolabe"},{"not_picked":["Runic Dome","Tiny House"],"picked":"Coffee Dripper"}],"items_purged_floors":[7,20],"is_endless":false,"potions_floor_spawned":[1,3,13,14,18,25,33,35,44,45],"killed_by":"Donu and Deca","ascension_level":2}