{"gold_per_floor":[116,190,19,19,29,29,29,29,52,71,86,86,118,138,138,243,243,213,133,133,11,11,11,22,22,22,33,33,33,51,76,76,76],"floor_reached":33,"playtime":2203,"items_purged":["Strike_G","Strike_G"],"score":263,"play_id":"49516636-b77f-4f36-8730-def76b066846","local_time":"20190906171323","is_ascension_mode":false,"campfire_choices":[{"data":"Neutralize","floor":6,"key":"SMITH"},{"data":"Footwork","floor":12,"key":"SMITH"},{"floor":15,"key":"REST"},{"floor":23,"key":"REST"},{"floor":25,"key":"REST"},{"floor":29,"key":"REST"},{"floor":32,"key":"REST"}],"neow_cost":"NONE","seed_source_timestamp":1220911312820800,"circlet_count":0,"master_deck":["Strike_G","Strike_G","Strike_G","Defend_G","Defend_G","Defend_G","Defend_G","Defend_G","Survivor","Neutralize+1","Backstab","Deadly Poison","Deadly Poison","Footwork+1","Footwork","Heel Hook","Infinite Blades","Quick Slash","Prepared","Backflip","Envenom","Caltrops","Noxious Fumes+1","Flying Knee","Dagger Spray","Backflip","Dash","Quick Slash+1","Backflip","Acrobatics+1"],"relics":["Ring of the Snake","Oddly Smooth Stone","Dream Catcher","Cursed Key","Ninja Scroll","Gambling Chip"],"potions_floor_usage":[16,16,33,33,33],"damage_taken":[{"damage":0,"enemies":"2 Louse","floor":1,"turns":3},{"damage":0,"enemies":"Jaw Worm","floor":5,"turns":3},{"damage":0,"enemies":"Small Slimes","floor":10,"turns":3},{"damage":9,"enemies":"Blue Slaver","floor":11,"turns":3},{"damage":27,"enemies":"3 Sentries","floor":13,"turns":10},{"damage":13,"enemies":"Lots of Slimes","floor":14,"turns":5},{"damage":27,"enemies":"Slime Boss","floor":16,"turns":17},{"damage":29,"enemies":"2 Thieves","floor":18,"turns":5},{"damage":6,"enemies":"Chosen","floor":24,"turns":4},{"damage":7,"enemies":"Shelled Parasite and Fungi","floor":27,"turns":7},{"damage":21,"enemies":"Snecko","floor":30,"turns":4},{"damage":21,"enemies":"Book of Stabbing","floor":31,"turns":5},{"damage":60,"enemies":"Collector","floor":33,"turns":10}],"seed_played":"4064233263508061220","potions_obtained":[{"floor":10,"key":"LiquidBronze"},{"floor":11,"key":"FearPotion"},{"floor":14,"key":"Weak Potion"},{"floor":16,"key":"Fire Potion"},{"floor":18,"key":"EntropicBrew"}],"is_trial":false,"path_per_floor":["M","?","$","?","M","R","?","$","T","M","M","R","E","M","R","B",null,"M","$","?","$","?","R","M","R","T","M","?","R","M","E","R","B"],"character_chosen":"THE_SILENT","items_purchased":["Deadly Poison","Footwork","Noxious Fumes","Flying Knee"],"campfire_rested":5,"item_purchase_floors":[3,3,19,21],"current_hp_per_floor":[70,70,70,70,70,70,70,70,70,70,61,61,34,21,42,15,70,41,41,41,41,41,62,56,70,70,63,63,70,49,28,49,0],"gold":76,"neow_bonus":"THREE_CARDS","is_prod":false,"is_daily":false,"chose_seed":false,"campfire_upgraded":2,"win_rate":0.0,"timestamp":1567804403,"path_taken":["M","?","$","?","M","R","?","?","T","M","?","R","E","M","R","BOSS","M","$","?","$","?","R","M","R","T","?","?","R","?","E","R","BOSS"],"build_version":"2019-07-17","purchased_purges":2,"victory":false,"max_hp_per_floor":[70,70,70,70,70,70,70,70,70,70,70,70,70,70,70,70,70,70,70,70,70,70,70,70,70,70,70,70,70,70,70,70,70],"card_choices":[{"not_picked":["Flying Knee","Leg Sweep"],"picked":"Backstab","floor":0},{"not_picked":["Calculated Gamble","Bane"],"picked":"Deadly Poison","floor":1},{"not_picked":["Bane","Heel Hook"],"picked":"Footwork","floor":5},{"not_picked":["Leg Sweep","Endless Agony"],"picked":"Heel Hook","floor":10},{"not_picked":["Deflect","Distraction"],"picked":"Infinite Blades","floor":11},{"not_picked":["Distraction","Eviscerate"],"picked":"Quick Slash","floor":13},{"not_picked":["PiercingWail","Riddle With Holes"],"picked":"Prepared","floor":14},{"not_picked":["PiercingWail","Blade Dance"],"picked":"Backflip","floor":15},{"not_picked":["Wraith Form v2","Venomology"],"picked":"Envenom","floor":16},{"not_picked":["Dodge and Roll","Expertise"],"picked":"Caltrops","floor":18},{"not_picked":["Bane+1","Quick Slash"],"picked":"Dagger Spray","floor":23},{"not_picked":["Slice","Dodge and Roll+1"],"picked":"Backflip","floor":24},{"not_picked":["Slice","Dagger Spray"],"picked":"Dash","floor":25},{"not_picked":["Underhanded Strike+1","Dagger Spray"],"picked":"Quick Slash+1","floor":27},{"not_picked":["Masterful Stab","Infinite Blades"],"picked":"Backflip","floor":29},{"not_picked":["Flechettes","Blade Dance+1","Deflect"],"picked":"SKIP","floor":30},{"not_picked":["A Thousand Cuts","Caltrops","Slice"],"picked":"SKIP","floor":31},{"not_picked":["Heel Hook","Deadly Poison"],"picked":"Acrobatics+1","floor":32}],"player_experience":58008,"relics_obtained":[{"floor":9,"key":"Oddly Smooth Stone"},{"floor":13,"key":"Dream Catcher"},{"floor":22,"key":"Ninja Scroll"},{"floor":31,"key":"Gambling Chip"}],"event_choices":[{"damage_healed":0,"gold_gain":74,"player_choice":"Gained Gold","damage_taken":0,"max_hp_gain":0,"max_hp_loss":0,"event_name":"Golden Wing","floor":2,"gold_loss":0},{"damage_healed":0,"gold_gain":0,"player_choice":"Ignored","damage_taken":0,"max_hp_gain":0,"max_hp_loss":0,"event_name":"Golden Idol","floor":4,"gold_loss":0},{"damage_healed":0,"gold_gain":0,"player_choice":"Ignored","damage_taken":0,"max_hp_gain":0,"max_hp_loss":0,"event_name":"Liars Game","floor":7,"gold_loss":0},{"damage_healed":0,"gold_gain":0,"player_choice":"Ignored","damage_taken":0,"max_hp_gain":0,"max_hp_loss":0,"event_name":"Vampires","floor":20,"gold_loss":0},{"damage_healed":0,"gold_gain":0,"player_choice":"Relic","damage_taken":0,"max_hp_gain":0,"max_hp_loss":0,"event_name":"Wheel of Change","floor":22,"gold_loss":0},{"damage_healed":0,"gold_gain":0,"player_choice":"Upgraded","damage_taken":0,"max_hp_gain":0,"max_hp_loss":0,"event_name":"Upgrade Shrine","floor":28,"gold_loss":0,"cards_upgraded":["Noxious Fumes"]}],"is_beta":false,"boss_relics":[{"not_picked":["Ring of the Serpent","Black Star"],"picked":"Cursed Key"}],"items_purged_floors":[3,21],"is_endless":false,"potions_floor_spawned":[10,11,14,16,18,27],"killed_by":"Collector","ascension_level":0}