{"path_per_floor":["M","M","M","M","M","M","R","M","T","$","M","E","M","M","R"],"character_chosen":"IRONCLAD","items_purchased":["Dual Wield","Flash of Steel"],"gold_per_floor":[118,132,147,160,175,195,195,214,237,22,40,67,80,93,93],"floor_reached":16,"campfire_rested":0,"playtime":1314,"current_hp_per_floor":[72,71,77,68,61,64,64,57,57,57,63,59,63,67,67],"items_purged":["Bash"],"gold":93,"play_id":"889aaf94-24d4-4484-b452-c2b7244d3070","is_prod":false,"is_daily":false,"campfire_rituals":0,"campfire_upgraded":2,"is_hardmode":false,"path_taken":["M","M","M","M","M","M","R","M","T","$","M","E","M","M","R","BOSS"],"build_version":"2018-01-04-PROD1","purchased_purges":1,"victory":false,"master_deck":["Strike_R","Strike_R","Strike_R","Strike_R","Strike_R","Defend_R","Defend_R","Defend_R","Defend_R","Shrug It Off","Body Slam","Twin Strike","Anger","Warcry","Infernal Blade","Dual Wield","Flash of Steel","Rage","Barricade","Pommel Strike","Flex"],"max_hp_per_floor":[80,80,80,80,80,80,80,80,80,80,80,80,80,80,80],"relics":["Burning Blood","Anchor","Vajra"],"campfire_meditates":0,"card_choices":[{"not_picked":["True Grit","Thunderclap"],"picked":"Shrug It Off"},{"not_picked":["True Grit","Shrug It Off"],"picked":"Body Slam"},{"not_picked":["Searing Blow","Combust"],"picked":"Twin Strike"},{"not_picked":["Offering","Bloodletting"],"picked":"Anger"},{"not_picked":["Uppercut","Clothesline"],"picked":"Warcry"},{"not_picked":["Warcry","Dark Embrace"],"picked":"Infernal Blade"},{"not_picked":["True Grit","Dual Wield"],"picked":"Rage"},{"not_picked":["Combust","Battle Trance"],"picked":"Barricade"},{"not_picked":["Dual Wield","Headbutt"],"picked":"Pommel Strike"},{"not_picked":["Intimidate","Battle Trance"],"picked":"Flex"}],"player_experience":0,"potions_floor_usage":[2,6,12,16],"damage_taken":[{"damage":14,"enemies":"Blue Slaver","floor":1,"turns":3},{"damage":7,"enemies":"Small Slimes","floor":2,"turns":2},{"damage":0,"enemies":"2 Louse","floor":3,"turns":3},{"damage":15,"enemies":"Looter","floor":4,"turns":3},{"damage":13,"enemies":"3 Louse","floor":5,"turns":3},{"damage":3,"enemies":"Red Slaver","floor":6,"turns":3},{"damage":13,"enemies":"Exordium Wildlife","floor":8,"turns":3},{"damage":0,"enemies":"Looter","floor":11,"turns":2},{"damage":10,"enemies":"3 Sentries","floor":12,"turns":6},{"damage":2,"enemies":"3 Louse","floor":13,"turns":6},{"damage":2,"enemies":"2 Fungi Beasts","floor":14,"turns":3},{"damage":83,"enemies":"The Guardian","floor":16,"turns":9}],"event_choices":[],"boss_relics":[],"potions_floor_spawned":[1,3,8,12],"seed_played":"-5430907961988733870","killed_by":"The Guardian","is_trial":false}