{"gold_per_floor":[116,135,149,159,159,159,184,184,184,184,103,53,64,64,64,64],"floor_reached":16,"playtime":815,"items_purged":[],"score":100,"play_id":"07054c19-7c20-4ec1-82e4-bb179ef7823c","local_time":"20190908003413","is_ascension_mode":false,"campfire_choices":[{"data":"Footwork","floor":6,"key":"SMITH"},{"floor":8,"key":"REST"},{"floor":15,"key":"REST"}],"neow_cost":"NONE","seed_source_timestamp":1335153295567600,"circlet_count":0,"master_deck":["Strike_G","Strike_G","Strike_G","Strike_G","Defend_G","Defend_G","Defend_G","Defend_G","Survivor","Neutralize","Acrobatics","Quick Slash","Footwork+1","Outmaneuver","Flying Knee","Caltrops","Bouncing Flask"],"relics":["Ring of the Snake","Darkstone Periapt","FossilizedHelix"],"potions_floor_usage":[],"damage_taken":[{"damage":4,"enemies":"Cultist","floor":1,"turns":6},{"damage":0,"enemies":"Jaw Worm","floor":2,"turns":9},{"damage":10,"enemies":"Small Slimes","floor":3,"turns":4},{"damage":0,"enemies":"Blue Slaver","floor":4,"turns":6},{"damage":42,"enemies":"3 Sentries","floor":7,"turns":20},{"damage":0,"enemies":"2 Fungi Beasts","floor":13,"turns":4},{"damage":67,"enemies":"Hexaghost","floor":16,"turns":11}],"seed_played":"-6918374432880763216","potions_obtained":[{"floor":1,"key":"LiquidBronze"},{"floor":2,"key":"Weak Potion"},{"floor":13,"key":"Poison Potion"}],"is_trial":false,"path_per_floor":["M","M","M","M","?","R","E","R","T","?","$","?","M","$","R","B"],"character_chosen":"THE_SILENT","items_purchased":["Caltrops"],"campfire_rested":2,"item_purchase_floors":[11],"current_hp_per_floor":[66,66,56,56,61,61,19,41,41,41,41,41,41,41,63,0],"gold":64,"neow_bonus":"REMOVE_CARD","is_prod":false,"is_daily":false,"chose_seed":false,"campfire_upgraded":1,"win_rate":0.0,"timestamp":1567917253,"path_taken":["M","M","M","M","?","R","E","R","T","?","$","?","M","?","R","BOSS"],"build_version":"2019-07-17","purchased_purges":0,"victory":false,"max_hp_per_floor":[70,70,70,70,75,75,75,75,75,75,75,75,75,75,75,75],"card_choices":[{"not_picked":["Terror","Tactician"],"picked":"Acrobatics","floor":1},{"not_picked":["Bane","Flying Knee"],"picked":"Quick Slash","floor":2},{"not_picked":["Slice","Poisoned Stab"],"picked":"Footwork","floor":3},{"not_picked":["Terror","Footwork"],"picked":"Outmaneuver","floor":4},{"not_picked":["Night Terror","All Out Attack"],"picked":"Flying Knee","floor":7},{"not_picked":["Deadly Poison","All Out Attack"],"picked":"Bouncing Flask","floor":13}],"player_experience":70781,"relics_obtained":[{"floor":7,"key":"Darkstone Periapt"},{"floor":9,"key":"FossilizedHelix"}],"event_choices":[{"damage_healed":0,"gold_gain":0,"player_choice":"Donut","damage_taken":0,"max_hp_gain":5,"max_hp_loss":0,"event_name":"Big Fish","floor":5,"gold_loss":0},{"damage_healed":0,"gold_gain":0,"player_choice":"Ignored","damage_taken":0,"max_hp_gain":0,"max_hp_loss":0,"event_name":"Golden Idol","floor":10,"gold_loss":0},{"cards_removed":["Defend_G"],"damage_healed":0,"gold_gain":0,"player_choice":"Card Removal","damage_taken":0,"max_hp_gain":0,"max_hp_loss":0,"event_name":"The Cleric","floor":12,"gold_loss":50}],"is_beta":false,"boss_relics":[],"items_purged_floors":[],"is_endless":false,"potions_floor_spawned":[1,2,13],"killed_by":"Hexaghost","ascension_level":0}