{"gold_per_floor":[110,110,126,126,201,201,201,201,271,288,59,59,88,103,103,198,198,215,231,250,175,175,175,203,125,125,145,145,145,162,181,181,285,285,299,313,324,324,336,362,362],"floor_reached":41,"playtime":1893,"items_purged":["Defend_G"],"score":512,"play_id":"ebf5bf92-2fdb-4d29-9793-0b8fa77324b1","local_time":"20180906031340","is_ascension_mode":true,"campfire_choices":[{"data":"Dodge and Roll","floor":6,"key":"SMITH"},{"floor":8,"key":"REST"},{"data":"Accuracy","floor":12,"key":"SMITH"},{"data":"Blade Dance","floor":15,"key":"SMITH"},{"data":"Blade Dance","floor":23,"key":"SMITH"},{"floor":29,"key":"REST"},{"floor":32,"key":"REST"}],"neow_cost":"NONE","seed_source_timestamp":971626297120825,"circlet_count":0,"master_deck":["Defend_G","Defend_G","Defend_G","Strike_G","Strike_G","Strike_G","Survivor","Neutralize","Dodge and Roll+1","Blade Dance+1","Blade Dance+1","Corpse Explosion+1","Backflip+1","Accuracy+1","Dodge and Roll+1","Terror+1","Dodge and Roll+1","Adrenaline+1","Backflip+1","Dagger Spray+1","PiercingWail+1","Dagger Spray+1","Noxious Fumes","Normality","Noxious Fumes+1","Deadly Poison+1","Crippling Poison+1","Adrenaline+1","Calculated Gamble+1","Noxious Fumes","Leg Sweep+1","Dodge and Roll+1"],"relics":["Ring of the Snake","Turnip","Toxic Egg 2","Art of War","Cursed Key","Dodecahedron","Shovel","MutagenicStrength","WristBlade","The Courier"],"potions_floor_usage":[24,27,30,33,40],"damage_taken":[{"damage":0,"enemies":"Jaw Worm","floor":1,"turns":4},{"damage":2,"enemies":"Small Slimes","floor":3,"turns":5},{"damage":3,"enemies":"2 Louse","floor":10,"turns":3},{"damage":1,"enemies":"3 Sentries","floor":13,"turns":5},{"damage":0,"enemies":"Looter","floor":14,"turns":3},{"damage":30,"enemies":"Slime Boss","floor":16,"turns":11},{"damage":12,"enemies":"2 Thieves","floor":18,"turns":4},{"damage":0,"enemies":"Spheric Guardian","floor":19,"turns":5},{"damage":3,"enemies":"Chosen and Byrds","floor":20,"turns":4},{"damage":4,"enemies":"Book of Stabbing","floor":24,"turns":6},{"damage":10,"enemies":"Cultist and Chosen","floor":27,"turns":6},{"damage":4,"enemies":"Snake Plant","floor":30,"turns":4},{"damage":7,"enemies":"Snecko","floor":31,"turns":4},{"damage":24,"enemies":"Automaton","floor":33,"turns":7},{"damage":6,"enemies":"3 Shapes","floor":35,"turns":2},{"damage":20,"enemies":"3 Darklings","floor":36,"turns":4},{"damage":11,"enemies":"Sphere and 2 Shapes","floor":37,"turns":5},{"damage":5,"enemies":"Reptomancer","floor":39,"turns":4},{"damage":26,"enemies":"Nemesis","floor":40,"turns":7},{"damage":6,"enemies":"Transient","floor":41,"turns":3}],"seed_played":"-3755889840389350847","potions_obtained":[{"floor":14,"key":"Weak Potion"},{"floor":16,"key":"Block Potion"},{"floor":20,"key":"Weak Potion"},{"floor":31,"key":"SkillPotion"},{"floor":37,"key":"EssenceOfSteel"},{"floor":40,"key":"PowerPotion"}],"is_trial":false,"path_per_floor":["M","?","M","?","?","R","T","R","T","M","$","R","E","M","R","B",null,"M","M","M","?","?","R","E","$","T","M","?","R","M","M","R","B",null,"M","M","M","?","M","E"],"character_chosen":"THE_SILENT","items_purchased":["Backflip+1","Accuracy","Dodge and Roll+1","Noxious Fumes"],"campfire_rested":3,"item_purchase_floors":[11,11,11,25],"current_hp_per_floor":[70,70,68,61,50,50,50,70,70,67,67,67,66,66,66,36,70,58,58,55,55,55,55,51,51,51,41,41,62,58,51,70,46,70,64,44,33,33,28,2,0],"gold":362,"neow_bonus":"THREE_CARDS","is_prod":false,"is_daily":false,"chose_seed":false,"campfire_upgraded":4,"win_rate":0,"timestamp":1536218020,"path_taken":["M","?","M","?","?","R","?","R","T","M","$","R","E","M","R","BOSS","M","M","M","?","?","R","E","?","T","M","?","R","?","M","R","BOSS","M","M","?","?","M","E","?"],"build_version":"2018-08-30","purchased_purges":1,"victory":false,"max_hp_per_floor":[70,70,70,70,70,70,70,70,70,70,70,70,70,70,70,70,70,70,70,70,70,70,70,70,70,70,70,70,70,70,70,70,70,70,70,70,70,70,70,70,70],"card_choices":[{"not_picked":["Acrobatics","Prepared"],"picked":"Dodge and Roll","floor":0},{"not_picked":["Underhanded Strike","Prepared"],"picked":"Blade Dance","floor":1},{"not_picked":["Prepared","Outmaneuver"],"picked":"Blade Dance","floor":3},{"not_picked":["Underhanded Strike","Reflex+1"],"picked":"Corpse Explosion+1","floor":10},{"not_picked":["Underhanded Strike","Reflex+1"],"picked":"Terror+1","floor":13},{"not_picked":["Flying Knee","Underhanded Strike"],"picked":"Dodge and Roll+1","floor":14},{"not_picked":["Corpse Explosion+1","Die Die Die"],"picked":"Adrenaline+1","floor":16},{"not_picked":["Outmaneuver+1","Flying Knee"],"picked":"Backflip+1","floor":18},{"not_picked":["Setup+1","Terror+1"],"picked":"Dagger Spray+1","floor":19},{"not_picked":["Slice","Venomology+1"],"picked":"PiercingWail+1","floor":20},{"not_picked":["Flying Knee","Glass Knife"],"picked":"Dagger Spray+1","floor":24},{"not_picked":["Backstab+1","Slice"],"picked":"Noxious Fumes+1","floor":27},{"not_picked":["Slice+1","Prepared+1"],"picked":"Deadly Poison+1","floor":30},{"not_picked":["Poisoned Stab","Masterful Stab"],"picked":"Crippling Poison+1","floor":31},{"not_picked":["Storm of Steel+1","Wraith Form v2"],"picked":"Adrenaline+1","floor":33},{"not_picked":["Choke+1","Slice+1"],"picked":"Calculated Gamble+1","floor":35},{"not_picked":["Deflect+1","Bouncing Flask+1"],"picked":"Noxious Fumes","floor":36},{"not_picked":["Outmaneuver+1","Underhanded Strike+1"],"picked":"Leg Sweep+1","floor":37},{"not_picked":["Terror+1","Outmaneuver+1"],"picked":"Dodge and Roll+1","floor":39},{"not_picked":["Slice+1","Dash","Flechettes"],"picked":"SKIP","floor":40}],"player_experience":73733,"relics_obtained":[{"floor":7,"key":"Turnip"},{"floor":9,"key":"Toxic Egg 2"},{"floor":13,"key":"Art of War"},{"floor":24,"key":"Dodecahedron"},{"floor":26,"key":"Shovel"},{"floor":40,"key":"The Courier"}],"event_choices":[{"event_name":"Living Wall","player_choice":"Forget","floor":2,"damage_taken":0},{"event_name":"Golden Wing","player_choice":"Card Removal","floor":4,"damage_taken":0},{"event_name":"World of Goop","player_choice":"Gather Gold","floor":5,"damage_taken":0},{"event_name":"Beggar","player_choice":"Gave Gold","floor":21,"damage_taken":0},{"event_name":"Vampires","player_choice":"Ignored","floor":22,"damage_taken":0},{"event_name":"Drug Dealer","player_choice":"Inject Mutagens","floor":28,"damage_taken":0},{"event_name":"Mysterious Sphere","player_choice":"Ignore","floor":38,"damage_taken":0}],"is_beta":false,"boss_relics":[{"not_picked":["Tiny House","Fusion Hammer"],"picked":"Cursed Key"},{"not_picked":["White Beast Statue","Orrery"],"picked":"WristBlade"}],"items_purged_floors":[11],"is_endless":false,"potions_floor_spawned":[14,16,20,31,37,40],"killed_by":"Transient","ascension_level":2}