{"gold_per_floor":[111,61,73,92,103,131,131,165,190,200,214,225,225,244,244,346,346,365,147,57,67,67,93,93,103,155,171,171,171,199,211,211,310,310,324,324,342,20,20,20,20,20,20,20,20,20,20,35,35,35,35,35,35,35,35],"floor_reached":55,"playtime":1758,"items_purged":["Strike_R","Strike_R"],"score":692,"play_id":"ad22a7f1-bb6b-4912-b1e3-f0d9b9638212","local_time":"20190706033819","is_ascension_mode":false,"campfire_choices":[{"data":"Bludgeon","floor":7,"key":"SMITH"},{"data":"Body Slam","floor":13,"key":"SMITH"},{"data":"Bash","floor":15,"key":"SMITH"},{"data":"Limit Break","floor":24,"key":"SMITH"},{"floor":28,"key":"RECALL"},{"data":"Body Slam","floor":32,"key":"SMITH"},{"data":"True Grit","floor":40,"key":"SMITH"},{"data":"J.A.X.","floor":44,"key":"SMITH"},{"data":"Uppercut","floor":46,"key":"SMITH"},{"data":"Offering","floor":49,"key":"SMITH"},{"data":"Warcry","floor":52,"key":"SMITH"}],"neow_cost":"NONE","seed_source_timestamp":262615222413534,"circlet_count":0,"master_deck":["Strike_R","Strike_R","Defend_R","Defend_R","Defend_R","Bash+1","Shrug It Off","Cleave","Spot Weakness","Bludgeon+1","Clothesline+1","Evolve","Headbutt","Ghostly Armor","Body Slam+1","Whirlwind","Limit Break+1","True Grit+1","J.A.X.+1","Whirlwind+1","Warcry+1","Body Slam+1","Dual Wield","Offering+1","Feel No Pain+1","Intimidate","Secret Weapon","Uppercut+1","Jack Of All Trades","Madness","Madness","Shockwave","Rage"],"relics":["Burning Blood","Orichalcum","Bag of Marbles","Juzu Bracelet","Omamori","Mark of Pain","PreservedInsect","Ancient Tea Set","Happy Flower","Sozu","Prayer Wheel","CultistMask"],"potions_floor_usage":[5,5,18,25,30,50,50,54],"damage_taken":[{"damage":0,"enemies":"Small Slimes","floor":1,"turns":3},{"damage":4,"enemies":"2 Louse","floor":3,"turns":3},{"damage":0,"enemies":"Cultist","floor":4,"turns":3},{"damage":5,"enemies":"Large Slime","floor":5,"turns":6},{"damage":24,"enemies":"Lagavulin","floor":6,"turns":5},{"damage":22,"enemies":"3 Sentries","floor":8,"turns":6},{"damage":0,"enemies":"2 Fungi Beasts","floor":10,"turns":2},{"damage":0,"enemies":"Looter","floor":11,"turns":1},{"damage":0,"enemies":"3 Louse","floor":12,"turns":4},{"damage":0,"enemies":"Large Slime","floor":14,"turns":3},{"damage":41,"enemies":"Slime Boss","floor":16,"turns":8},{"damage":8,"enemies":"3 Byrds","floor":18,"turns":5},{"damage":2,"enemies":"Chosen","floor":21,"turns":4},{"damage":15,"enemies":"Gremlin Leader","floor":23,"turns":6},{"damage":6,"enemies":"Shelled Parasite and Fungi","floor":25,"turns":3},{"damage":13,"enemies":"Centurion and Healer","floor":27,"turns":3},{"damage":0,"enemies":"Slavers","floor":30,"turns":1},{"damage":4,"enemies":"Cultist and Chosen","floor":31,"turns":4},{"damage":42,"enemies":"Collector","floor":33,"turns":6},{"damage":9,"enemies":"Orb Walker","floor":35,"turns":2},{"damage":0,"enemies":"3 Shapes","floor":37,"turns":2},{"damage":0,"enemies":"Jaw Worm Horde","floor":48,"turns":1},{"damage":100,"enemies":"Awakened One","floor":50,"turns":10},{"damage":22,"enemies":"Shield and Spear","floor":54,"turns":3},{"damage":66,"enemies":"The Heart","floor":55,"turns":5}],"seed_played":"-7370588924430356851","potions_obtained":[{"floor":1,"key":"BloodPotion"},{"floor":3,"key":"Block Potion"},{"floor":4,"key":"Explosive Potion"},{"floor":11,"key":"SmokeBomb"},{"floor":12,"key":"GamblersBrew"},{"floor":14,"key":"Swift Potion"},{"floor":23,"key":"Block Potion"},{"floor":25,"key":"Swift Potion"},{"floor":33,"key":"BloodPotion"}],"is_trial":false,"path_per_floor":["M","?","M","M","M","E","R","E","T","M","M","M","R","M","R","B",null,"M","$","?","M","?","E","R","M","T","M","R","?","E","M","R","B",null,"M","?","M","$","?","R","?","?","T","R","?","R","$","M","R","B",null,"R","$","E","B"],"character_chosen":"IRONCLAD","items_purchased":["PreservedInsect","Secret Weapon","Uppercut"],"campfire_rested":0,"item_purchase_floors":[19,38,38],"current_hp_per_floor":[80,80,80,80,80,62,62,46,46,52,58,64,64,70,70,35,80,78,78,78,80,80,71,71,71,71,64,64,64,70,72,72,36,80,77,77,80,80,80,80,70,70,70,70,70,70,70,76,76,22,80,80,80,64,0],"gold":35,"neow_bonus":"RANDOM_COMMON_RELIC","is_prod":false,"is_daily":false,"chose_seed":false,"campfire_upgraded":10,"win_rate":0,"timestamp":1562351899,"path_taken":["M","?","M","M","M","E","R","E","T","M","M","M","R","M","R","BOSS","M","$","?","M","?","E","R","M","T","M","R","?","E","M","R","BOSS","M","?","M","$","?","R","?","?","T","R","?","R","$","M","R","BOSS","R","$","E","BOSS"],"build_version":"2019-07-01","purchased_purges":2,"victory":false,"max_hp_per_floor":[80,80,80,80,80,80,80,80,80,80,80,80,80,80,80,80,80,80,80,80,80,80,80,80,80,80,80,80,80,80,80,80,80,80,80,80,80,80,80,80,80,80,80,80,80,80,80,80,80,80,80,80,80,80,80],"card_choices":[{"not_picked":["Hemokinesis","Blood for Blood"],"picked":"Shrug It Off","floor":1},{"not_picked":["Havoc","Sword Boomerang"],"picked":"Cleave","floor":3},{"not_picked":["Shrug It Off","Hemokinesis"],"picked":"Spot Weakness","floor":4},{"not_picked":["Clash","Dropkick"],"picked":"Bludgeon","floor":5},{"not_picked":["Dropkick","Combust"],"picked":"Clothesline","floor":6},{"not_picked":["Flex","Warcry"],"picked":"Evolve","floor":8},{"not_picked":["Seeing Red","Spot Weakness"],"picked":"Headbutt","floor":10},{"not_picked":["Headbutt","Anger"],"picked":"Ghostly Armor","floor":11},{"not_picked":["Flex","Heavy Blade"],"picked":"Body Slam","floor":12},{"not_picked":["Pommel Strike","Battle Trance"],"picked":"Whirlwind","floor":14},{"not_picked":["Immolate","Dark Embrace"],"picked":"Limit Break","floor":16},{"not_picked":["Rage","Spot Weakness"],"picked":"True Grit","floor":18},{"not_picked":["Combust+1","Clash","Cleave"],"picked":"SKIP","floor":21},{"not_picked":["Havoc","Wild Strike"],"picked":"Whirlwind+1","floor":23},{"not_picked":["Cleave","Pummel"],"picked":"Warcry","floor":25},{"not_picked":["Corruption","Entrench"],"picked":"Body Slam","floor":27},{"not_picked":["Fiend Fire","Whirlwind"],"picked":"Dual Wield","floor":30},{"not_picked":["Warcry","Dropkick","Havoc"],"picked":"SKIP","floor":31},{"not_picked":["Fiend Fire","Barricade"],"picked":"Offering","floor":33},{"not_picked":["Hemokinesis+1","Searing Blow+1"],"picked":"Feel No Pain+1","floor":35},{"not_picked":["Iron Wave+1","Wild Strike"],"picked":"Intimidate","floor":37},{"not_picked":["Deep Breath","Good Instincts"],"picked":"Jack Of All Trades","floor":39},{"not_picked":["Feel No Pain+1","Iron Wave+1"],"picked":"Shockwave","floor":48},{"not_picked":["Body Slam","Twin Strike+1"],"picked":"Rage","floor":48}],"player_experience":683041,"relics_obtained":[{"floor":6,"key":"Bag of Marbles"},{"floor":8,"key":"Juzu Bracelet"},{"floor":9,"key":"Omamori"},{"floor":23,"key":"Ancient Tea Set"},{"floor":30,"key":"Happy Flower"},{"floor":43,"key":"Prayer Wheel"}],"event_choices":[{"cards_removed":["Defend_R"],"damage_healed":0,"gold_gain":0,"player_choice":"Card Removal","damage_taken":0,"max_hp_gain":0,"max_hp_loss":0,"event_name":"The Cleric","floor":2,"gold_loss":50},{"cards_removed":["Strike_R"],"damage_healed":0,"gold_gain":0,"player_choice":"Upgrade and Remove","damage_taken":0,"max_hp_gain":0,"max_hp_loss":0,"event_name":"Designer","floor":20,"gold_loss":90,"cards_upgraded":["Clothesline"]},{"damage_healed":0,"gold_gain":0,"player_choice":"Obtain J.A.X.","damage_taken":0,"max_hp_gain":0,"max_hp_loss":0,"event_name":"Drug Dealer","floor":22,"gold_loss":0,"cards_obtained":["J.A.X."]},{"damage_healed":0,"gold_gain":0,"player_choice":"Ignored","damage_taken":0,"max_hp_gain":0,"max_hp_loss":0,"event_name":"Vampires","floor":29,"gold_loss":0},{"damage_healed":0,"gold_gain":0,"player_choice":"Ignored","damage_taken":0,"max_hp_gain":0,"max_hp_loss":0,"event_name":"Tomb of Lord Red Mask","floor":36,"gold_loss":0},{"damage_healed":0,"gold_gain":0,"player_choice":"Memory 1","damage_taken":0,"max_hp_gain":0,"max_hp_loss":0,"event_name":"SensoryStone","floor":39,"gold_loss":0},{"damage_healed":0,"gold_gain":0,"player_choice":"Embrace Madness","damage_taken":10,"max_hp_gain":0,"max_hp_loss":0,"event_name":"Winding Halls","floor":41,"gold_loss":0,"cards_obtained":["Madness","Madness"]},{"damage_healed":0,"gold_gain":0,"player_choice":"Ignored","damage_taken":0,"max_hp_gain":0,"max_hp_loss":0,"event_name":"Mysterious Sphere","floor":42,"gold_loss":0},{"damage_healed":0,"gold_gain":0,"player_choice":"Trade","damage_taken":0,"relics_obtained":["CultistMask"],"max_hp_gain":0,"max_hp_loss":0,"event_name":"FaceTrader","floor":45,"gold_loss":0}],"is_beta":false,"boss_relics":[{"not_picked":["Coffee Dripper","Busted Crown"],"picked":"Mark of Pain"},{"not_picked":["Eternal Feather","Orrery"],"picked":"Sozu"}],"items_purged_floors":[19,38],"is_endless":false,"potions_floor_spawned":[1,3,4,11,12,14,23,25,33,35,37,54],"killed_by":"The Heart","ascension_level":0}