{"gold_per_floor":[119,129,129,129,140,175,175,206,206,232,232,243,275,275,275,374,374,384,384,384,395,414,439,178,178,203,203],"floor_reached":27,"playtime":1095,"items_purged":["Strike_B"],"score":369,"play_id":"9c53236a-430f-4b6a-b948-cb39191fb80c","local_time":"20190829042559","is_ascension_mode":true,"campfire_choices":[{"floor":7,"key":"REST"},{"data":"Biased Cognition","floor":11,"key":"SMITH"},{"floor":15,"key":"REST"}],"neow_cost":"NONE","seed_source_timestamp":6514177077207187,"circlet_count":0,"master_deck":["Strike_B+1","Strike_B+1","Defend_B+1","Defend_B+1","Defend_B+1","Defend_B+1","Zap+1","Dualcast+1","Electrodynamics","Conserve Battery","Cold Snap","Barrage","Genetic Algorithm","Biased Cognition+1","Steam","Genetic Algorithm","Compile Driver+1","Creative AI","Melter+1","Go for the Eyes+1","Coolheaded","Loop"],"relics":["Cracked Core","Molten Egg 2","Letter Opener","Symbiotic Virus","Regal Pillow","Happy Flower","Snecko Eye","Bottled Tornado","Shuriken","Vajra","DataDisk"],"potions_floor_usage":[6,10,16,16,23],"damage_taken":[{"damage":8,"enemies":"Jaw Worm","floor":1,"turns":4},{"damage":9,"enemies":"Small Slimes","floor":2,"turns":2},{"damage":0,"enemies":"2 Louse","floor":5,"turns":1},{"damage":7,"enemies":"Gremlin Nob","floor":6,"turns":4},{"damage":26,"enemies":"Lagavulin","floor":8,"turns":6},{"damage":0,"enemies":"Gremlin Nob","floor":10,"turns":2},{"damage":0,"enemies":"Exordium Wildlife","floor":12,"turns":2},{"damage":3,"enemies":"3 Sentries","floor":13,"turns":3},{"damage":11,"enemies":"The Guardian","floor":16,"turns":8},{"damage":0,"enemies":"Chosen","floor":18,"turns":3},{"damage":2,"enemies":"Spheric Guardian","floor":21,"turns":3},{"damage":13,"enemies":"Snake Plant","floor":22,"turns":4},{"damage":30,"enemies":"Slavers","floor":23,"turns":3},{"damage":24,"enemies":"Gremlin Leader","floor":27,"turns":4}],"seed_played":"-3796490703170991681","potions_obtained":[{"floor":1,"key":"EssenceOfSteel"},{"floor":2,"key":"SteroidPotion"},{"floor":6,"key":"SteroidPotion"},{"floor":8,"key":"FocusPotion"},{"floor":21,"key":"EssenceOfSteel"}],"is_trial":false,"path_per_floor":["M","M","?","?","M","E","R","E","T","E","R","M","E","?","R","B",null,"M","?","T","M","M","E","$","?","T","E"],"character_chosen":"DEFECT","items_purchased":["Loop","Vajra"],"campfire_rested":2,"item_purchase_floors":[24,24],"current_hp_per_floor":[60,51,51,36,36,29,51,25,25,25,25,25,22,15,52,41,67,67,67,67,65,52,22,22,22,22,0],"gold":203,"neow_bonus":"ONE_RANDOM_RARE_CARD","is_prod":false,"is_daily":false,"chose_seed":false,"campfire_upgraded":1,"win_rate":0,"timestamp":1567067159,"path_taken":["M","M","?","?","M","E","R","E","T","E","R","M","E","?","R","BOSS","M","?","?","M","M","E","$","?","T","E"],"build_version":"2019-07-17","purchased_purges":1,"victory":false,"max_hp_per_floor":[75,75,75,75,75,75,75,75,75,75,75,75,75,75,75,75,75,75,75,75,75,75,75,75,75,75,75],"card_choices":[{"not_picked":["Double Energy","Darkness"],"picked":"Conserve Battery","floor":1},{"not_picked":["Sweeping Beam","Gash"],"picked":"Cold Snap","floor":2},{"not_picked":["Skim","Aggregate"],"picked":"Barrage","floor":5},{"not_picked":["Tempest","Defragment"],"picked":"Genetic Algorithm","floor":6},{"not_picked":["Darkness","Capacitor"],"picked":"Biased Cognition","floor":8},{"not_picked":["Recycle","Blizzard+1"],"picked":"Steam","floor":10},{"not_picked":["Storm","Steam"],"picked":"Genetic Algorithm","floor":12},{"not_picked":["Rip and Tear+1","Beam Cell+1"],"picked":"Compile Driver+1","floor":13},{"not_picked":["Hyperbeam+1","Reboot"],"picked":"Creative AI","floor":16},{"not_picked":["Rebound+1","Gash+1"],"picked":"Melter+1","floor":18},{"not_picked":["Sweeping Beam+1","Hologram"],"picked":"Go for the Eyes+1","floor":21},{"not_picked":["Hello World","Turbo+1"],"picked":"Coolheaded","floor":22},{"not_picked":["Gash+1","Multi-Cast","Conserve Battery+1"],"picked":"SKIP","floor":23}],"player_experience":379042,"relics_obtained":[{"floor":6,"key":"Molten Egg 2"},{"floor":8,"key":"Letter Opener"},{"floor":9,"key":"Symbiotic Virus"},{"floor":10,"key":"Regal Pillow"},{"floor":13,"key":"Happy Flower"},{"floor":20,"key":"Bottled Tornado"},{"floor":23,"key":"Shuriken"},{"floor":26,"key":"DataDisk"}],"event_choices":[{"damage_healed":0,"gold_gain":0,"player_choice":"Grow","damage_taken":0,"max_hp_gain":0,"max_hp_loss":0,"event_name":"Living Wall","floor":3,"gold_loss":0,"cards_upgraded":["Zap"]},{"damage_healed":0,"gold_gain":0,"player_choice":"Entered Light","damage_taken":15,"max_hp_gain":0,"max_hp_loss":0,"event_name":"Shining Light","floor":4,"gold_loss":0,"cards_upgraded":["Strike_B","Dualcast"]},{"cards_removed":["Strike_B"],"damage_healed":0,"gold_gain":0,"player_choice":"Card Removal","damage_taken":7,"max_hp_gain":0,"max_hp_loss":0,"event_name":"Golden Wing","floor":14,"gold_loss":0},{"damage_healed":0,"gold_gain":0,"player_choice":"Ignored","damage_taken":0,"max_hp_gain":0,"max_hp_loss":0,"event_name":"Ghosts","floor":19,"gold_loss":0},{"damage_healed":0,"gold_gain":0,"player_choice":"Simplicity","damage_taken":0,"max_hp_gain":0,"max_hp_loss":0,"event_name":"Back to Basics","floor":25,"gold_loss":0,"cards_upgraded":["Strike_B","Defend_B","Defend_B","Defend_B","Defend_B"]}],"is_beta":false,"boss_relics":[{"not_picked":["Velvet Choker","Eternal Feather"],"picked":"Snecko Eye"}],"items_purged_floors":[24],"is_endless":false,"potions_floor_spawned":[1,2,6,8,21],"killed_by":"Gremlin Leader","ascension_level":6}