{"gold_per_floor":[119,135,135,148,148,180,180,207,258,258],"floor_reached":10,"playtime":471,"items_purged":[],"score":103,"play_id":"0e41f1ce-2da7-44b1-9be3-45415c467455","local_time":"20190522210347","is_ascension_mode":true,"campfire_choices":[{"data":"Inflame","floor":7,"key":"SMITH"}],"neow_cost":"NONE","seed_source_timestamp":0,"circlet_count":0,"master_deck":["Strike_R","Strike_R","Strike_R","Strike_R","Strike_R","Defend_R","Defend_R","Defend_R","Defend_R","Bash","Juggernaut","Inflame+1","Intimidate","Shockwave+1","Burning Pact+1"],"special_seed":0,"relics":["Burning Blood","Toxic Egg 2","Potion Belt","Red Skull"],"potions_floor_usage":[6,8],"damage_taken":[{"damage":0,"enemies":"Small Slimes","floor":1,"turns":3},{"damage":2,"enemies":"2 Louse","floor":2,"turns":3},{"damage":6,"enemies":"Jaw Worm","floor":4,"turns":4},{"damage":44,"enemies":"Lagavulin","floor":6,"turns":7},{"damage":32,"enemies":"3 Sentries","floor":8,"turns":9}],"seed_played":"3480716148103473896","potions_obtained":[{"floor":1,"key":"Swift Potion"},{"floor":2,"key":"Block Potion"},{"floor":4,"key":"Ancient Potion"}],"is_trial":false,"path_per_floor":["M","M","?","M","?","E","R","E","T","?"],"character_chosen":"IRONCLAD","items_purchased":[],"campfire_rested":0,"item_purchase_floors":[],"current_hp_per_floor":[78,80,85,85,85,47,47,21,21,0],"gold":258,"neow_bonus":"ONE_RANDOM_RARE_CARD","is_prod":false,"is_daily":false,"chose_seed":false,"campfire_upgraded":1,"win_rate":0,"timestamp":1558573427,"path_taken":["M","M","?","M","?","E","R","E","T","?"],"build_version":"2019-01-23","purchased_purges":0,"victory":false,"max_hp_per_floor":[80,80,85,85,85,85,85,85,85,85],"card_choices":[{"not_picked":["Rage","Clothesline","Thunderclap"],"picked":"SKIP","floor":1},{"not_picked":["Combust","Battle Trance"],"picked":"Inflame","floor":2},{"not_picked":["Havoc","Dual Wield"],"picked":"Intimidate","floor":4},{"not_picked":["Rampage","Cleave"],"picked":"Shockwave","floor":6},{"not_picked":["Iron Wave","Thunderclap"],"picked":"Burning Pact+1","floor":8}],"player_experience":226416,"relics_obtained":[{"floor":6,"key":"Toxic Egg 2"},{"floor":8,"key":"Potion Belt"},{"floor":9,"key":"Red Skull"}],"event_choices":[{"damage_healed":0,"gold_gain":0,"player_choice":"Donut","damage_taken":0,"max_hp_gain":5,"max_hp_loss":0,"event_name":"Big Fish","floor":3,"gold_loss":0},{"damage_healed":0,"gold_gain":0,"player_choice":"Ignored","damage_taken":0,"max_hp_gain":0,"max_hp_loss":0,"event_name":"Liars Game","floor":5,"gold_loss":0}],"is_beta":false,"boss_relics":[],"items_purged_floors":[],"is_endless":false,"potions_floor_spawned":[1,2,4],"ascension_level":7}