{"gold_per_floor":[117,133,133,113,67,93,103,120,143,175,175,175,175,190,190,293,293,309,281,281],"floor_reached":20,"playtime":1016,"items_purged":[],"score":184,"play_id":"81fa292a-4397-4efd-9c99-ee8f6a72d7e5","local_time":"20190908000038","is_ascension_mode":false,"campfire_choices":[{"floor":11,"key":"REST"},{"floor":13,"key":"REST"},{"data":"Cold Snap","floor":15,"key":"SMITH"}],"neow_cost":"NONE","seed_source_timestamp":1332937039773700,"circlet_count":0,"master_deck":["Strike_B","Strike_B","Strike_B+1","Strike_B+1","Defend_B","Defend_B","Defend_B","Defend_B","Zap","Dualcast","Beam Cell","Conserve Battery","Go for the Eyes","Reprogram","Steam","Cold Snap+1","Coolheaded","Lockon","Creative AI","Conserve Battery","Rebound+1"],"relics":["Cracked Core","Whetstone","Regal Pillow","Juzu Bracelet","Potion Belt","White Beast Statue"],"potions_floor_usage":[19],"damage_taken":[{"damage":5,"enemies":"Cultist","floor":1,"turns":4},{"damage":1,"enemies":"2 Louse","floor":2,"turns":3},{"damage":26,"enemies":"3 Sentries","floor":6,"turns":7},{"damage":1,"enemies":"Jaw Worm","floor":7,"turns":3},{"damage":9,"enemies":"Large Slime","floor":8,"turns":7},{"damage":9,"enemies":"Gremlin Nob","floor":10,"turns":5},{"damage":0,"enemies":"2 Fungi Beasts","floor":14,"turns":4},{"damage":61,"enemies":"Hexaghost","floor":16,"turns":16},{"damage":16,"enemies":"Spheric Guardian","floor":18,"turns":5},{"damage":21,"enemies":"2 Thieves","floor":19,"turns":5},{"damage":40,"enemies":"Chosen and Byrds","floor":20,"turns":6}],"seed_played":"554772316095794980","potions_obtained":[{"floor":2,"key":"PowerPotion"},{"floor":7,"key":"AttackPotion"},{"floor":10,"key":"FocusPotion"},{"floor":14,"key":"Strength Potion"},{"floor":18,"key":"Ancient Potion"},{"floor":19,"key":"FocusPotion"}],"is_trial":false,"path_per_floor":["M","M","?","?","$","E","M","M","T","E","R","?","R","M","R","B",null,"M","M","M"],"character_chosen":"DEFECT","items_purchased":["Go for the Eyes"],"campfire_rested":2,"item_purchase_floors":[5],"current_hp_per_floor":[70,69,69,69,69,43,42,33,33,24,61,61,75,75,75,14,75,59,38,0],"gold":281,"neow_bonus":"RANDOM_COMMON_RELIC","is_prod":false,"is_daily":false,"chose_seed":false,"campfire_upgraded":1,"win_rate":0.0,"timestamp":1567915238,"path_taken":["M","M","?","?","$","E","M","?","T","E","R","?","R","M","R","BOSS","M","M","M"],"build_version":"2019-07-17","purchased_purges":0,"victory":false,"max_hp_per_floor":[75,75,75,75,75,75,75,75,75,75,75,75,75,75,75,75,75,75,75,75],"card_choices":[{"not_picked":["Stack","Steam"],"picked":"Beam Cell","floor":1},{"not_picked":["Self Repair","Ball Lightning"],"picked":"Conserve Battery","floor":2},{"not_picked":["Ball Lightning","Redo"],"picked":"Reprogram","floor":6},{"not_picked":["Hologram","Steam Power"],"picked":"Steam","floor":7},{"not_picked":["Skim","Scrape"],"picked":"Cold Snap","floor":8},{"not_picked":["Hologram","Electrodynamics"],"picked":"Coolheaded","floor":10},{"not_picked":["Conserve Battery","Steam Power"],"picked":"Lockon","floor":14},{"not_picked":["Rainbow","Buffer"],"picked":"Creative AI","floor":16},{"not_picked":["BootSequence+1","Hologram"],"picked":"Conserve Battery","floor":18},{"not_picked":["Storm","Gash"],"picked":"Rebound+1","floor":19}],"player_experience":68588,"relics_obtained":[{"floor":6,"key":"Regal Pillow"},{"floor":9,"key":"Juzu Bracelet"},{"floor":10,"key":"Potion Belt"}],"event_choices":[{"damage_healed":0,"gold_gain":0,"player_choice":"Ignored","damage_taken":0,"max_hp_gain":0,"max_hp_loss":0,"event_name":"Shining Light","floor":3,"gold_loss":0},{"damage_healed":0,"gold_gain":0,"player_choice":"Left Gold","damage_taken":0,"max_hp_gain":0,"max_hp_loss":0,"event_name":"World of Goop","floor":4,"gold_loss":20},{"damage_healed":0,"gold_gain":0,"player_choice":"Ignored","damage_taken":0,"max_hp_gain":0,"max_hp_loss":0,"event_name":"Golden Idol","floor":12,"gold_loss":0}],"is_beta":false,"boss_relics":[{"not_picked":["Empty Cage","Runic Pyramid"],"picked":"White Beast Statue"}],"items_purged_floors":[],"is_endless":false,"potions_floor_spawned":[2,7,10,14,18,19],"killed_by":"Chosen and Byrds","ascension_level":0}