{"gold_per_floor":[109,109,11,22,22,22,54,72,152,172,172,172,172,196,196,196],"floor_reached":16,"playtime":580,"items_purged":["Defend_G"],"score":127,"play_id":"e1759883-4b6d-44a9-a69f-7208264e1c3e","local_time":"20190427033925","is_ascension_mode":true,"campfire_choices":[{"data":"Neutralize","floor":6,"key":"SMITH"},{"floor":13,"key":"REST"},{"floor":15,"key":"REST"}],"neow_cost":"CURSE","seed_source_timestamp":209384196993200,"circlet_count":0,"master_deck":["Defend_G","Defend_G","Defend_G","Defend_G","Strike_G","Strike_G","Strike_G","Strike_G","Strike_G","Survivor","Neutralize+1","Backflip","Die Die Die","Well Laid Plans","Caltrops"],"relics":["Ring of the Snake","Tough Bandages","Ancient Tea Set","Tiny Chest","Singing Bowl","Odd Mushroom"],"potions_floor_usage":[7],"damage_taken":[{"damage":6,"enemies":"2 Louse","floor":1,"turns":3},{"damage":0,"enemies":"Cultist","floor":4,"turns":4},{"damage":46,"enemies":"3 Sentries","floor":7,"turns":15},{"damage":0,"enemies":"Small Slimes","floor":8,"turns":2},{"damage":0,"enemies":"Blue Slaver","floor":10,"turns":5},{"damage":2,"enemies":"The Mushroom Lair","floor":14,"turns":3},{"damage":54,"enemies":"Hexaghost","floor":16,"turns":13}],"seed_played":"2496227815497591581","potions_obtained":[{"floor":4,"key":"Explosive Potion"},{"floor":14,"key":"SmokeBomb"}],"is_trial":false,"path_per_floor":["M","?","$","M","$","R","E","M","T","M","T","?","R","?","R","B"],"character_chosen":"THE_SILENT","items_purchased":["Backflip"],"campfire_rested":2,"item_purchase_floors":[3],"current_hp_per_floor":[57,57,57,57,57,57,11,11,11,11,11,11,32,30,51,0],"gold":196,"neow_bonus":"ONE_RARE_RELIC","is_prod":false,"is_daily":false,"chose_seed":false,"campfire_upgraded":1,"win_rate":0,"timestamp":1556350765,"path_taken":["M","?","$","M","?","R","E","M","T","?","?","?","R","?","R","BOSS"],"build_version":"2019-01-23","purchased_purges":1,"victory":false,"max_hp_per_floor":[70,70,70,70,70,70,70,70,70,70,70,70,70,70,70,70],"card_choices":[{"not_picked":["Flying Knee","Poisoned Stab","Eviscerate"],"picked":"SKIP","floor":1},{"not_picked":["Flying Knee","Calculated Gamble","Acrobatics"],"picked":"SKIP","floor":4},{"not_picked":["All Out Attack","Backflip"],"picked":"Die Die Die","floor":7},{"not_picked":["Deflect","Endless Agony"],"picked":"Well Laid Plans","floor":8},{"not_picked":["Deadly Poison","Cloak And Dagger","Flying Knee"],"picked":"SKIP","floor":10},{"not_picked":["Slice","Prepared"],"picked":"Caltrops","floor":14}],"player_experience":191256,"relics_obtained":[{"floor":7,"key":"Ancient Tea Set"},{"floor":9,"key":"Tiny Chest"},{"floor":11,"key":"Singing Bowl"},{"floor":14,"key":"Odd Mushroom"}],"event_choices":[{"cards_removed":["Clumsy"],"damage_healed":0,"gold_gain":0,"player_choice":"Purged","damage_taken":0,"max_hp_gain":0,"max_hp_loss":0,"event_name":"Purifier","floor":2,"gold_loss":0},{"damage_healed":0,"gold_gain":0,"player_choice":"Ignored","damage_taken":0,"max_hp_gain":0,"max_hp_loss":0,"event_name":"Shining Light","floor":12,"gold_loss":0},{"damage_healed":0,"gold_gain":0,"player_choice":"Fought Mushrooms","damage_taken":0,"max_hp_gain":0,"max_hp_loss":0,"event_name":"Mushrooms","floor":14,"gold_loss":0}],"is_beta":false,"boss_relics":[],"items_purged_floors":[3],"is_endless":false,"potions_floor_spawned":[4,14],"killed_by":"Hexaghost","ascension_level":6}