{"gold_per_floor":[216,216,11,11,11,11,30,30,77,92,92,108,108,132,132,260,260,285,304,49,49,49,49,49],"floor_reached":24,"playtime":544,"items_purged":["Defend_B"],"score":239,"play_id":"f5be1b99-47b8-4f3a-9779-f90c5eaa5230","local_time":"20190427202946","is_ascension_mode":true,"campfire_choices":[{"data":"Dualcast","floor":6,"key":"SMITH"},{"data":"Ball Lightning","floor":8,"key":"SMITH"},{"floor":13,"key":"REST"},{"data":"Ball Lightning","floor":15,"key":"SMITH"},{"data":"Chaos","floor":23,"key":"SMITH"}],"neow_cost":"NONE","seed_source_timestamp":270041086868700,"circlet_count":0,"master_deck":["Strike_B","Strike_B","Strike_B","Strike_B","Defend_B","Defend_B","Defend_B","Zap+1","Dualcast+1","Ball Lightning+1","Ball Lightning+1","Ball Lightning","Coolheaded","Electrodynamics","Chill","Chaos+1","Zap+1"],"relics":["Cracked Core","Membership Card","Strawberry","Golden Idol","Inserter","Prayer Wheel","Pen Nib"],"potions_floor_usage":[16,19],"damage_taken":[{"damage":0,"enemies":"2 Louse","floor":1,"turns":2},{"damage":7,"enemies":"Jaw Worm","floor":7,"turns":2},{"damage":7,"enemies":"Small Slimes","floor":10,"turns":2},{"damage":3,"enemies":"Blue Slaver","floor":12,"turns":2},{"damage":9,"enemies":"2 Fungi Beasts","floor":14,"turns":2},{"damage":20,"enemies":"Slime Boss","floor":16,"turns":7},{"damage":9,"enemies":"Spheric Guardian","floor":18,"turns":3},{"damage":7,"enemies":"3 Byrds","floor":19,"turns":2},{"damage":59,"enemies":"Book of Stabbing","floor":24,"turns":4}],"seed_played":"2420600864850695754","potions_obtained":[{"floor":7,"key":"PowerPotion"},{"floor":10,"key":"Ancient Potion"},{"floor":16,"key":"Ancient Potion"},{"floor":18,"key":"AttackPotion"}],"is_trial":false,"path_per_floor":["M","?","$","?","T","R","M","R","T","M","?","M","R","M","R","B",null,"M","M","$","?","$","R","E"],"character_chosen":"DEFECT","items_purchased":["Membership Card","Prayer Wheel","Pen Nib"],"campfire_rested":1,"item_purchase_floors":[3,20,20],"current_hp_per_floor":[68,68,68,73,73,73,66,66,73,66,45,42,68,59,59,39,75,66,59,59,59,59,59,0],"gold":49,"neow_bonus":"HUNDRED_GOLD","is_prod":false,"is_daily":false,"chose_seed":false,"campfire_upgraded":4,"win_rate":0,"timestamp":1556411386,"path_taken":["M","?","$","?","?","R","M","R","T","M","?","M","R","?","R","BOSS","M","M","$","?","?","R","E"],"build_version":"2019-01-23","purchased_purges":1,"victory":false,"max_hp_per_floor":[75,75,75,80,80,80,80,80,87,87,87,87,87,87,87,87,87,87,87,87,87,87,87,87],"card_choices":[{"not_picked":["Compile Driver","Streamline"],"picked":"Ball Lightning","floor":1},{"not_picked":["Leap","Beam Cell"],"picked":"Ball Lightning","floor":7},{"not_picked":["Turbo","Double Energy","Steam"],"picked":"SKIP","floor":10},{"not_picked":["Streamline","Storm"],"picked":"Ball Lightning","floor":12},{"not_picked":["Redo","Chaos"],"picked":"Coolheaded","floor":14},{"not_picked":["Reboot","Seek"],"picked":"Electrodynamics","floor":16},{"not_picked":["FTL","Go for the Eyes"],"picked":"Chill","floor":18},{"not_picked":["Leap+1","Sweeping Beam"],"picked":"Chaos","floor":19}],"player_experience":211731,"relics_obtained":[{"floor":9,"key":"Strawberry"}],"event_choices":[{"damage_healed":0,"gold_gain":0,"player_choice":"Grow","damage_taken":0,"max_hp_gain":0,"max_hp_loss":0,"event_name":"Living Wall","floor":2,"gold_loss":0,"cards_upgraded":["Zap"]},{"damage_healed":0,"gold_gain":0,"player_choice":"Donut","damage_taken":0,"max_hp_gain":5,"max_hp_loss":0,"event_name":"Big Fish","floor":4,"gold_loss":0},{"damage_healed":0,"gold_gain":0,"player_choice":"Take Damage","damage_taken":21,"relics_obtained":["Golden Idol"],"max_hp_gain":0,"max_hp_loss":0,"event_name":"Golden Idol","floor":11,"gold_loss":0},{"damage_healed":0,"gold_gain":0,"player_choice":"Copied","damage_taken":0,"max_hp_gain":0,"max_hp_loss":0,"event_name":"Duplicator","floor":21,"gold_loss":0,"cards_obtained":["Zap"]}],"is_beta":false,"boss_relics":[{"not_picked":["Nuclear Battery","Ectoplasm"],"picked":"Inserter"}],"items_purged_floors":[20],"is_endless":false,"potions_floor_spawned":[7,10,16,18],"killed_by":"Book of Stabbing","ascension_level":6}