{"gold_per_floor":[210,38,48,48,63,90,90,100,124,124,140,158,186,86,86,86],"floor_reached":16,"playtime":780,"items_purged":["Strike_R","Strike_R"],"score":140,"play_id":"a1b78165-6941-4e33-8e0c-544fc85c2c63","local_time":"20190529013840","is_ascension_mode":true,"campfire_choices":[{"data":"Bash","floor":7,"key":"SMITH"},{"data":"True Grit","floor":10,"key":"SMITH"},{"floor":15,"key":"REST"}],"neow_cost":"NONE","seed_source_timestamp":3555500974571824,"circlet_count":0,"master_deck":["Strike_R+1","Strike_R","Strike_R","Defend_R","Defend_R","Defend_R","Defend_R","Bash+1","Thunderclap","True Grit+1","Pummel","Iron Wave+1","Flame Barrier","Headbutt","Spot Weakness","Reaper","Battle Trance"],"relics":["Burning Blood","Whetstone","Dream Catcher","Centennial Puzzle"],"potions_floor_usage":[6,6,13,16],"damage_taken":[{"damage":14,"enemies":"Small Slimes","floor":1,"turns":4},{"damage":6,"enemies":"Cultist","floor":3,"turns":3},{"damage":18,"enemies":"Jaw Worm","floor":5,"turns":4},{"damage":22,"enemies":"Gremlin Nob","floor":6,"turns":5},{"damage":14,"enemies":"Exordium Wildlife","floor":8,"turns":7},{"damage":22,"enemies":"Exordium Thugs","floor":11,"turns":5},{"damage":7,"enemies":"Looter","floor":12,"turns":3},{"damage":24,"enemies":"Lagavulin","floor":13,"turns":4},{"damage":48,"enemies":"Slime Boss","floor":16,"turns":6}],"seed_played":"5009863561953655680","potions_obtained":[{"floor":3,"key":"Block Potion"},{"floor":5,"key":"AttackPotion"},{"floor":6,"key":"Fruit Juice"},{"floor":11,"key":"Explosive Potion"},{"floor":12,"key":"SmokeBomb"}],"is_trial":false,"path_per_floor":["M","$","M","?","M","E","R","M","T","R","M","M","E","$","R","B"],"character_chosen":"IRONCLAD","items_purchased":["True Grit","Pummel"],"campfire_rested":1,"item_purchase_floors":[2,2],"current_hp_per_floor":[72,72,72,80,68,57,57,49,49,49,33,32,14,14,39,0],"gold":86,"neow_bonus":"HUNDRED_GOLD","is_prod":false,"is_daily":false,"chose_seed":false,"campfire_upgraded":2,"win_rate":0,"timestamp":1559108320,"path_taken":["M","$","M","?","M","E","R","M","T","R","M","M","E","$","R","BOSS"],"build_version":"2019-01-23","purchased_purges":2,"victory":false,"max_hp_per_floor":[80,80,80,80,80,85,85,85,85,85,85,85,85,85,85,85],"card_choices":[{"not_picked":["Havoc","Clash"],"picked":"Thunderclap","floor":1},{"not_picked":["Perfected Strike","Burning Pact"],"picked":"Iron Wave","floor":3},{"not_picked":["Thunderclap","Second Wind"],"picked":"Flame Barrier","floor":5},{"not_picked":["Thunderclap","Perfected Strike"],"picked":"Headbutt","floor":6},{"not_picked":["Iron Wave","Dual Wield","Thunderclap"],"picked":"SKIP","floor":8},{"not_picked":["Havoc","Flex","Sentinel"],"picked":"SKIP","floor":11},{"not_picked":["Blood for Blood","Shrug It Off"],"picked":"Spot Weakness","floor":12},{"not_picked":["Feed","Sword Boomerang"],"picked":"Reaper","floor":13},{"not_picked":["Perfected Strike","Wild Strike"],"picked":"Battle Trance","floor":15}],"player_experience":306340,"relics_obtained":[{"floor":6,"key":"Whetstone"},{"floor":9,"key":"Dream Catcher"},{"floor":13,"key":"Centennial Puzzle"}],"event_choices":[{"damage_healed":8,"gold_gain":0,"player_choice":"Full Heal","damage_taken":0,"max_hp_gain":0,"max_hp_loss":0,"event_name":"Wheel of Change","floor":4,"gold_loss":0}],"is_beta":false,"boss_relics":[],"items_purged_floors":[2,14],"is_endless":false,"potions_floor_spawned":[3,5,6,11,12],"killed_by":"Slime Boss","ascension_level":5}