{"gold_per_floor":[110,120,120,131,144,169,169,182,182,182,200,230,230,405,405,405],"floor_reached":16,"playtime":926,"items_purged":[],"score":112,"play_id":"d76387ff-75e3-4e0a-9a0a-34b371905d22","local_time":"20190303214346","is_ascension_mode":false,"campfire_choices":[{"floor":7,"key":"REST"},{"floor":13,"key":"REST"},{"data":"Iron Wave","floor":15,"key":"SMITH"}],"neow_cost":"NONE","seed_source_timestamp":493830074369488,"circlet_count":0,"master_deck":["Strike_R","Strike_R","Strike_R","Strike_R","Strike_R","Defend_R","Defend_R","Defend_R","Defend_R","Bash","Rage+1","Sword Boomerang","Iron Wave+1","Shrug It Off","Carnage","Intimidate","Perfected Strike","Sword Boomerang","Doubt"],"relics":["Burning Blood","NeowsBlessing","Boot","Kunai","Paper Frog"],"potions_floor_usage":[12,16,16],"damage_taken":[{"damage":0,"enemies":"Jaw Worm","floor":1,"turns":1},{"damage":0,"enemies":"Cultist","floor":2,"turns":1},{"damage":0,"enemies":"2 Louse","floor":4,"turns":1},{"damage":14,"enemies":"Blue Slaver","floor":5,"turns":3},{"damage":41,"enemies":"Lagavulin","floor":6,"turns":9},{"damage":13,"enemies":"Lots of Slimes","floor":8,"turns":4},{"damage":11,"enemies":"Exordium Wildlife","floor":11,"turns":3},{"damage":28,"enemies":"Gremlin Nob","floor":12,"turns":6},{"damage":81,"enemies":"Hexaghost","floor":16,"turns":11}],"seed_played":"1474351972930079184","potions_obtained":[{"floor":1,"key":"AttackPotion"},{"floor":2,"key":"Block Potion"},{"floor":11,"key":"Block Potion"}],"is_trial":false,"path_per_floor":["M","M","?","M","M","E","R","M","T","?","M","E","R","?","R","B"],"character_chosen":"IRONCLAD","items_purchased":[],"campfire_rested":2,"item_purchase_floors":[],"current_hp_per_floor":[80,80,80,80,72,37,61,54,54,80,75,53,77,77,77,0],"gold":405,"neow_bonus":"THREE_ENEMY_KILL","is_prod":false,"is_daily":false,"chose_seed":false,"campfire_upgraded":1,"win_rate":0.0,"timestamp":1551667426,"path_taken":["M","M","?","?","M","E","R","M","T","?","M","E","R","?","R","BOSS"],"build_version":"2019-01-23","purchased_purges":0,"victory":false,"max_hp_per_floor":[80,80,80,80,80,80,80,80,80,80,80,80,80,80,80,80],"card_choices":[{"not_picked":["Intimidate","Flex"],"picked":"Rage","floor":1},{"not_picked":["Body Slam","True Grit"],"picked":"Sword Boomerang","floor":2},{"not_picked":["Warcry","Brutality"],"picked":"Iron Wave","floor":4},{"not_picked":["Heavy Blade","Metallicize"],"picked":"Shrug It Off","floor":5},{"not_picked":["Body Slam","Combust"],"picked":"Carnage","floor":6},{"not_picked":["Body Slam","Perfected Strike"],"picked":"Intimidate","floor":8},{"not_picked":["Blood for Blood","Thunderclap"],"picked":"Perfected Strike","floor":11},{"not_picked":["Sever Soul","Dropkick"],"picked":"Sword Boomerang","floor":12}],"player_experience":20387,"relics_obtained":[{"floor":6,"key":"Boot"},{"floor":9,"key":"Kunai"},{"floor":12,"key":"Paper Frog"}],"event_choices":[{"damage_healed":0,"gold_gain":0,"player_choice":"Forge","damage_taken":0,"max_hp_gain":0,"max_hp_loss":0,"event_name":"Accursed Blacksmith","floor":3,"gold_loss":0,"cards_upgraded":["Rage"]},{"damage_healed":26,"gold_gain":0,"player_choice":"Banana","damage_taken":0,"max_hp_gain":0,"max_hp_loss":0,"event_name":"Big Fish","floor":10,"gold_loss":0},{"damage_healed":0,"gold_gain":175,"player_choice":"AGREE","damage_taken":0,"max_hp_gain":0,"max_hp_loss":0,"event_name":"Liars Game","floor":14,"gold_loss":0,"cards_obtained":["Doubt"]}],"is_beta":false,"boss_relics":[],"items_purged_floors":[],"is_endless":false,"potions_floor_spawned":[1,2,11],"killed_by":"Hexaghost","ascension_level":0}