{"gold_per_floor":[110,185,185,200,212,212,241,19,19,19,51,51,63,81,81,184,184,197,107,126,26,46,46,73,87,87,112,122,122,140,167,167,167],"floor_reached":33,"playtime":1685,"items_purged":["Strike_R","Strike_R"],"score":396,"play_id":"af21f3cf-e46e-4384-a1d3-dbf68d34472a","local_time":"20190714025702","is_ascension_mode":true,"campfire_choices":[{"data":"Bash","floor":6,"key":"SMITH"},{"floor":12,"key":"REST"},{"data":"Inflame","floor":15,"key":"SMITH"},{"data":"Feel No Pain","floor":23,"key":"SMITH"},{"floor":29,"key":"REST"},{"data":"Juggernaut","floor":32,"key":"SMITH"}],"neow_cost":"NONE","seed_source_timestamp":2533888538098936,"circlet_count":0,"master_deck":["Strike_R","Strike_R","Defend_R+1","Defend_R+1","Defend_R","Defend_R","Bash+1","Clothesline","Havoc","Flame Barrier","Juggernaut+1","Shrug It Off","Inflame+1","Heavy Blade","Immolate","Iron Wave","Twin Strike+1","Immolate","Feel No Pain+1","Heavy Blade+1","Uppercut","Whirlwind","Inflame+1"],"relics":["Burning Blood","Thread and Needle","Letter Opener","Bottled Tornado","Blue Candle","Runic Pyramid","Mummified Hand","Frozen Egg 2","Turnip","Centennial Puzzle"],"potions_floor_usage":[16,24,27,28,33],"damage_taken":[{"damage":6,"enemies":"Cultist","floor":1,"turns":3},{"damage":7,"enemies":"2 Louse","floor":4,"turns":3},{"damage":7,"enemies":"Jaw Worm","floor":5,"turns":3},{"damage":42,"enemies":"3 Sentries","floor":7,"turns":13},{"damage":1,"enemies":"Gremlin Nob","floor":11,"turns":4},{"damage":8,"enemies":"Exordium Thugs","floor":13,"turns":4},{"damage":2,"enemies":"Large Slime","floor":14,"turns":5},{"damage":23,"enemies":"The Guardian","floor":16,"turns":9},{"damage":12,"enemies":"Spheric Guardian","floor":18,"turns":4},{"damage":27,"enemies":"2 Thieves","floor":20,"turns":3},{"damage":0,"enemies":"Snecko","floor":22,"turns":3},{"damage":30,"enemies":"Gremlin Leader","floor":24,"turns":6},{"damage":0,"enemies":"Sentry and Sphere","floor":25,"turns":2},{"damage":30,"enemies":"Slavers","floor":27,"turns":3},{"damage":7,"enemies":"Chosen and Byrds","floor":28,"turns":4},{"damage":0,"enemies":"Snecko","floor":30,"turns":3},{"damage":14,"enemies":"Gremlin Leader","floor":31,"turns":7},{"damage":54,"enemies":"Automaton","floor":33,"turns":6}],"seed_played":"902786604819947031","potions_obtained":[{"floor":7,"key":"Poison Potion"},{"floor":11,"key":"Poison Potion"},{"floor":16,"key":"Ancient Potion"},{"floor":18,"key":"Poison Potion"},{"floor":25,"key":"Dexterity Potion"},{"floor":27,"key":"Block Potion"},{"floor":30,"key":"Swift Potion"},{"floor":31,"key":"PowerPotion"}],"is_trial":false,"path_per_floor":["M","?","?","M","M","R","E","$","T","T","E","R","M","M","R","B",null,"M","?","M","$","M","R","E","M","T","E","M","R","M","E","R","B"],"character_chosen":"IRONCLAD","items_purchased":["Shrug It Off","Inflame","Heavy Blade"],"campfire_rested":2,"item_purchase_floors":[8,8,8],"current_hp_per_floor":[88,77,59,58,57,57,21,21,21,21,26,52,50,54,54,37,75,69,69,48,48,54,54,30,36,36,12,11,37,43,35,35,0],"gold":167,"neow_bonus":"TEN_PERCENT_HP_BONUS","is_prod":false,"is_daily":false,"chose_seed":false,"campfire_upgraded":4,"win_rate":0,"timestamp":1563087422,"path_taken":["M","?","?","?","M","R","E","$","T","?","E","R","M","M","R","BOSS","M","?","?","$","M","R","E","M","T","E","M","R","M","E","R","BOSS"],"build_version":"2019-07-05","purchased_purges":2,"victory":false,"max_hp_per_floor":[88,88,88,88,88,88,88,88,88,88,88,88,88,88,88,88,88,88,88,88,88,88,88,88,88,88,88,88,88,88,88,88,88],"card_choices":[{"not_picked":["Warcry","Headbutt"],"picked":"Clothesline","floor":1},{"not_picked":["Sentinel","Double Tap"],"picked":"Havoc","floor":4},{"not_picked":["Wild Strike","True Grit"],"picked":"Flame Barrier","floor":5},{"not_picked":["Shrug It Off","Warcry"],"picked":"Juggernaut","floor":7},{"not_picked":["Wild Strike","Barricade"],"picked":"Immolate","floor":11},{"not_picked":["Blood for Blood","Sever Soul"],"picked":"Iron Wave","floor":13},{"not_picked":["Thunderclap","Cleave"],"picked":"Twin Strike","floor":14},{"not_picked":["Exhume","Berserk"],"picked":"Immolate","floor":16},{"not_picked":["Intimidate","Headbutt","Hemokinesis"],"picked":"SKIP","floor":18},{"not_picked":["Heavy Blade","Armaments+1"],"picked":"Feel No Pain","floor":20},{"not_picked":["Headbutt","Thunderclap"],"picked":"Heavy Blade+1","floor":22},{"not_picked":["Searing Blow+1","Clash"],"picked":"Uppercut","floor":24},{"not_picked":["Entrench","Infernal Blade","Power Through"],"picked":"SKIP","floor":25},{"not_picked":["Berserk+1","Dropkick","Iron Wave+1"],"picked":"SKIP","floor":27},{"not_picked":["Evolve+1","Dropkick+1"],"picked":"Whirlwind","floor":28},{"not_picked":["Entrench","Heavy Blade"],"picked":"Inflame+1","floor":30},{"not_picked":["Twin Strike+1","Clothesline","Heavy Blade"],"picked":"SKIP","floor":31}],"player_experience":341840,"relics_obtained":[{"floor":7,"key":"Thread and Needle"},{"floor":9,"key":"Letter Opener"},{"floor":10,"key":"Bottled Tornado"},{"floor":11,"key":"Blue Candle"},{"floor":24,"key":"Mummified Hand"},{"floor":26,"key":"Frozen Egg 2"},{"floor":27,"key":"Turnip"},{"floor":31,"key":"Centennial Puzzle"}],"event_choices":[{"damage_healed":0,"gold_gain":75,"player_choice":"Gather Gold","damage_taken":11,"max_hp_gain":0,"max_hp_loss":0,"event_name":"World of Goop","floor":2,"gold_loss":0},{"damage_healed":0,"gold_gain":0,"player_choice":"Entered Light","damage_taken":18,"max_hp_gain":0,"max_hp_loss":0,"event_name":"Shining Light","floor":3,"gold_loss":0,"cards_upgraded":["Defend_R","Defend_R"]},{"cards_removed":["Strike_R"],"damage_healed":0,"gold_gain":0,"player_choice":"Upgrade and Remove","damage_taken":0,"max_hp_gain":0,"max_hp_loss":0,"event_name":"Designer","floor":19,"gold_loss":90,"cards_upgraded":["Twin Strike"]}],"is_beta":false,"boss_relics":[{"not_picked":["Pandora\u0027s Box","White Beast Statue"],"picked":"Runic Pyramid"}],"items_purged_floors":[8,21],"is_endless":false,"potions_floor_spawned":[7,11,16,18,25,27,30,31],"killed_by":"Automaton","ascension_level":5}