{"gold_per_floor":[369,369,127,127,137,166,166,192,215,215,235,253,85,105,105,105],"floor_reached":16,"playtime":637,"items_purged":["Pain","Strike_B"],"score":143,"play_id":"ec7ba21a-aff0-4951-a3cc-7b84ceae213c","local_time":"20190801220202","is_ascension_mode":true,"campfire_choices":[{"data":"Genetic Algorithm","floor":7,"key":"SMITH"},{"floor":15,"key":"REST"}],"neow_cost":"CURSE","seed_source_timestamp":4158820293772142,"circlet_count":0,"master_deck":["Strike_B","Strike_B","Strike_B","Defend_B","Defend_B","Defend_B","Defend_B","Zap","Dualcast","Sweeping Beam","Genetic Algorithm+1","Ball Lightning","Leap","Gash","Undo","Go for the Eyes","Doom and Gloom","Cold Snap","Biased Cognition"],"relics":["Cracked Core","Pen Nib","Mercury Hourglass","Juzu Bracelet","Bag of Marbles"],"potions_floor_usage":[],"damage_taken":[{"damage":5,"enemies":"2 Louse","floor":1,"turns":3},{"damage":0,"enemies":"Small Slimes","floor":5,"turns":2},{"damage":27,"enemies":"Gremlin Nob","floor":6,"turns":4},{"damage":27,"enemies":"3 Sentries","floor":8,"turns":8},{"damage":0,"enemies":"Cultist","floor":11,"turns":3},{"damage":3,"enemies":"Lots of Slimes","floor":12,"turns":2},{"damage":4,"enemies":"Exordium Thugs","floor":14,"turns":2},{"damage":29,"enemies":"Slime Boss","floor":16,"turns":4}],"seed_played":"7179755038468525835","potions_obtained":[{"floor":4,"key":"PowerPotion"},{"floor":4,"key":"Poison Potion"},{"floor":4,"key":"FearPotion"},{"floor":11,"key":"SkillPotion"}],"is_trial":false,"path_per_floor":["M","?","$","?","M","E","R","E","T","?","M","M","$","M","R","B"],"character_chosen":"DEFECT","items_purchased":["Genetic Algorithm","Ball Lightning","Leap","Biased Cognition"],"campfire_rested":1,"item_purchase_floors":[3,3,3,13],"current_hp_per_floor":[63,63,63,63,63,36,36,9,9,9,9,6,6,2,24,0],"gold":105,"neow_bonus":"TWO_FIFTY_GOLD","is_prod":false,"is_daily":false,"chose_seed":false,"campfire_upgraded":1,"win_rate":0,"timestamp":1564711322,"path_taken":["M","?","$","?","?","E","R","E","T","?","M","M","?","M","R","BOSS"],"build_version":"2019-07-17","purchased_purges":2,"victory":false,"max_hp_per_floor":[75,75,75,75,75,75,75,75,75,75,75,75,75,75,75,75],"card_choices":[{"not_picked":["Chill","Double Energy"],"picked":"Sweeping Beam","floor":1},{"not_picked":["Streamline","Sweeping Beam"],"picked":"Gash","floor":5},{"not_picked":["Barrage","Conserve Battery"],"picked":"Undo","floor":6},{"not_picked":["Turbo","Steam"],"picked":"Go for the Eyes","floor":8},{"not_picked":["Reinforced Body","Darkness"],"picked":"Doom and Gloom","floor":11},{"not_picked":["Darkness","Consume"],"picked":"Cold Snap","floor":12},{"not_picked":["Beam Cell","Barrage","Turbo"],"picked":"SKIP","floor":14}],"player_experience":356217,"relics_obtained":[{"floor":6,"key":"Pen Nib"},{"floor":8,"key":"Mercury Hourglass"},{"floor":9,"key":"Juzu Bracelet"},{"floor":10,"key":"Bag of Marbles"}],"event_choices":[{"damage_healed":0,"gold_gain":0,"player_choice":"Ignored","damage_taken":0,"max_hp_gain":0,"max_hp_loss":0,"event_name":"Liars Game","floor":2,"gold_loss":0},{"damage_healed":0,"gold_gain":0,"player_choice":"Got Potions","damage_taken":0,"max_hp_gain":0,"max_hp_loss":0,"event_name":"Lab","floor":4,"gold_loss":0},{"damage_healed":0,"gold_gain":0,"player_choice":"Relic","damage_taken":0,"max_hp_gain":0,"max_hp_loss":0,"event_name":"Wheel of Change","floor":10,"gold_loss":0}],"is_beta":false,"boss_relics":[],"items_purged_floors":[3,13],"is_endless":false,"potions_floor_spawned":[11],"killed_by":"Slime Boss","ascension_level":6}