{"gold_per_floor":[119,119,130,130,143,143,174,174,197,212,237,237,255,255,255,356,356,373,383,383,383,398,427,427,456,456,481,497,530,530,57,57,157,157,167,167,0,13,26,51,51,82,82,111,130,130,130,150,150,150],"floor_reached":51,"playtime":4412,"items_purged":["Defend_G"],"score":875,"play_id":"de0dab17-0b2c-47c7-917b-4dadeeb44126","local_time":"20190314224241","is_ascension_mode":true,"campfire_choices":[{"data":"Neutralize","floor":6,"key":"SMITH"},{"floor":8,"key":"REST"},{"floor":15,"key":"REST"},{"floor":24,"key":"REST"},{"floor":32,"key":"REST"},{"data":"Noxious Fumes","floor":41,"key":"SMITH"},{"data":"Adrenaline","floor":49,"key":"SMITH"}],"neow_cost":"NONE","seed_source_timestamp":1440670073766890,"circlet_count":0,"master_deck":["Defend_G","Defend_G","Defend_G+1","Strike_G+1","Survivor","Neutralize+1","Noxious Fumes+1","Acrobatics","Cloak And Dagger","Dagger Spray","Quick Slash","Adrenaline+1","Glass Knife","Dodge and Roll","Glass Knife","Crippling Poison+1","Sucker Punch+1","Die Die Die+1","Quick Slash+1","Acrobatics","Deflect","Caltrops+1","PiercingWail+1","Cloak And Dagger","Tools of the Trade+1","Footwork+1","A Thousand Cuts+1","Deep Breath","Flash of Steel","Flash of Steel","Outmaneuver+1","Well Laid Plans+1","Cloak And Dagger+1","Footwork+1","Bouncing Flask+1","Dodge and Roll+1","Accuracy+1"],"relics":["Ring of the Snake","Centennial Puzzle","Bag of Marbles","Juzu Bracelet","NlothsMask","Astrolabe","Mummified Hand","Blood Vial","Smiling Mask","Frozen Egg 2","Shuriken","Oddly Smooth Stone","Regal Pillow","WristBlade","Red Mask","Potion Belt","Happy Flower","Question Card"],"potions_floor_usage":[16,16,27,28,33,45],"damage_taken":[{"damage":0,"enemies":"Small Slimes","floor":1,"turns":5},{"damage":4,"enemies":"2 Louse","floor":3,"turns":4},{"damage":1,"enemies":"Cultist","floor":5,"turns":4},{"damage":28,"enemies":"3 Sentries","floor":7,"turns":9},{"damage":4,"enemies":"Gremlin Gang","floor":10,"turns":4},{"damage":26,"enemies":"Gremlin Nob","floor":11,"turns":5},{"damage":2,"enemies":"Lots of Slimes","floor":13,"turns":2},{"damage":21,"enemies":"Hexaghost","floor":16,"turns":11},{"damage":16,"enemies":"2 Thieves","floor":18,"turns":2},{"damage":1,"enemies":"Chosen","floor":19,"turns":4},{"damage":0,"enemies":"3 Cultists","floor":22,"turns":3},{"damage":26,"enemies":"Book of Stabbing","floor":23,"turns":6},{"damage":33,"enemies":"Gremlin Leader","floor":25,"turns":7},{"damage":14,"enemies":"Book of Stabbing","floor":27,"turns":5},{"damage":1,"enemies":"Sentry and Sphere","floor":28,"turns":4},{"damage":15,"enemies":"Slavers","floor":29,"turns":4},{"damage":38,"enemies":"Collector","floor":33,"turns":9},{"damage":4,"enemies":"3 Darklings","floor":35,"turns":4},{"damage":22,"enemies":"3 Shapes","floor":38,"turns":2},{"damage":7,"enemies":"Spire Growth","floor":39,"turns":3},{"damage":5,"enemies":"Reptomancer","floor":40,"turns":5},{"damage":10,"enemies":"Giant Head","floor":42,"turns":7},{"damage":20,"enemies":"Nemesis","floor":44,"turns":7},{"damage":5,"enemies":"4 Shapes","floor":45,"turns":3},{"damage":0,"enemies":"3 Darklings","floor":48,"turns":3},{"damage":59,"enemies":"Awakened One","floor":50,"turns":11}],"seed_played":"1546678471143520681","potions_obtained":[{"floor":10,"key":"SkillPotion"},{"floor":11,"key":"Fire Potion"},{"floor":16,"key":"SteroidPotion"},{"floor":19,"key":"FearPotion"},{"floor":23,"key":"Block Potion"},{"floor":28,"key":"Swift Potion"},{"floor":29,"key":"FearPotion"},{"floor":33,"key":"Poison Potion"},{"floor":40,"key":"Poison Potion"}],"is_trial":false,"path_per_floor":["M","?","M","?","M","R","E","R","T","M","E","?","M","?","R","B",null,"M","M","?","?","M","E","R","E","T","E","M","E","?","$","R","B",null,"M","?","?","M","M","E","R","E","T","E","M","?","?","M","R","B",null],"character_chosen":"THE_SILENT","items_purchased":["Footwork+1","Oddly Smooth Stone","Regal Pillow","SkillPotion"],"campfire_rested":4,"item_purchase_floors":[31,31,31,31],"current_hp_per_floor":[77,70,66,51,50,50,22,45,45,41,15,15,13,13,36,15,77,61,60,60,60,60,34,57,26,26,14,15,2,2,2,40,4,77,73,63,63,43,38,35,35,27,27,9,6,67,67,67,67,8],"gold":150,"neow_bonus":"TEN_PERCENT_HP_BONUS","is_prod":false,"is_daily":false,"chose_seed":false,"campfire_upgraded":3,"win_rate":0,"timestamp":1552617761,"path_taken":["M","?","M","?","M","R","E","R","T","M","E","?","M","?","R","BOSS","M","M","?","?","M","E","R","E","T","E","M","E","?","$","R","BOSS","M","?","?","M","M","E","R","E","T","E","M","?","?","M","R","BOSS"],"build_version":"2019-01-23","purchased_purges":1,"victory":true,"max_hp_per_floor":[77,77,77,77,77,77,77,77,77,77,77,77,77,77,77,77,77,77,77,77,77,77,77,77,77,77,77,77,77,77,77,77,77,77,77,77,77,77,77,77,77,77,77,77,77,67,67,67,67,67],"card_choices":[{"not_picked":["Deadly Poison","Cloak And Dagger"],"picked":"Noxious Fumes","floor":1},{"not_picked":["Noxious Fumes","Underhanded Strike"],"picked":"Acrobatics","floor":3},{"not_picked":["Underhanded Strike","Tactician"],"picked":"Cloak And Dagger","floor":5},{"not_picked":["Underhanded Strike","Caltrops"],"picked":"Dagger Spray","floor":7},{"not_picked":["Flechettes","Prepared"],"picked":"Quick Slash","floor":10},{"not_picked":["Bouncing Flask","Bane"],"picked":"Adrenaline","floor":11},{"not_picked":["Blade Dance","Finisher"],"picked":"Dodge and Roll","floor":13},{"not_picked":["Burst","Unload"],"picked":"Glass Knife","floor":16},{"not_picked":["Riddle With Holes","All Out Attack"],"picked":"Quick Slash+1","floor":18},{"not_picked":["Eviscerate","Slice","Underhanded Strike+1"],"picked":"SKIP","floor":19},{"not_picked":["Poisoned Stab","Sucker Punch"],"picked":"Acrobatics","floor":22},{"not_picked":["Poisoned Stab","Sucker Punch+1"],"picked":"Deflect","floor":23},{"not_picked":["Skewer","Slice+1"],"picked":"Caltrops+1","floor":25},{"not_picked":["Finisher","Dodge and Roll"],"picked":"PiercingWail+1","floor":27},{"not_picked":["Deadly Poison","Dagger Throw","Bane"],"picked":"SKIP","floor":28},{"not_picked":["Finisher","Calculated Gamble"],"picked":"Cloak And Dagger","floor":29},{"not_picked":["Grand Finale","Doppelganger"],"picked":"A Thousand Cuts+1","floor":33},{"not_picked":["Dodge and Roll","Sucker Punch","Poisoned Stab"],"picked":"SKIP","floor":35},{"not_picked":["Good Instincts","Trip"],"picked":"Deep Breath","floor":36},{"not_picked":["Madness","PanicButton"],"picked":"Flash of Steel","floor":36},{"not_picked":["Purity","Jack Of All Trades"],"picked":"Flash of Steel","floor":36},{"not_picked":["Bane+1","Acrobatics+1"],"picked":"Outmaneuver+1","floor":38},{"not_picked":["Setup+1","Poisoned Stab"],"picked":"Well Laid Plans+1","floor":39},{"not_picked":["Deadly Poison","Predator"],"picked":"Cloak And Dagger+1","floor":40},{"not_picked":["Deflect","Calculated Gamble"],"picked":"Footwork+1","floor":42},{"not_picked":["Deflect+1","Expertise"],"picked":"Bouncing Flask+1","floor":44},{"not_picked":["Predator","Deadly Poison","Flying Knee+1"],"picked":"Dodge and Roll+1","floor":45},{"not_picked":["Blade Dance","Crippling Poison","Underhanded Strike"],"picked":"Accuracy+1","floor":48}],"player_experience":144603,"relics_obtained":[{"floor":7,"key":"Centennial Puzzle"},{"floor":9,"key":"Bag of Marbles"},{"floor":11,"key":"Juzu Bracelet"},{"floor":23,"key":"Blood Vial"},{"floor":25,"key":"Smiling Mask"},{"floor":27,"key":"Frozen Egg 2"},{"floor":29,"key":"Shuriken"},{"floor":40,"key":"Potion Belt"},{"floor":42,"key":"Happy Flower"},{"floor":44,"key":"Question Card"}],"event_choices":[{"cards_removed":["Strike_G"],"damage_healed":0,"gold_gain":0,"player_choice":"Card Removal","damage_taken":7,"max_hp_gain":0,"max_hp_loss":0,"event_name":"Golden Wing","floor":2,"gold_loss":0},{"damage_healed":0,"gold_gain":0,"player_choice":"Entered Light","damage_taken":15,"max_hp_gain":0,"max_hp_loss":0,"event_name":"Shining Light","floor":4,"gold_loss":0,"cards_upgraded":["Defend_G","Strike_G"]},{"damage_healed":0,"gold_gain":0,"player_choice":"2 cards matched","damage_taken":0,"max_hp_gain":0,"max_hp_loss":0,"event_name":"Match and Keep!","floor":12,"gold_loss":0,"cards_obtained":["Neutralize","Glass Knife"]},{"damage_healed":0,"gold_gain":0,"player_choice":"2 cards matched","damage_taken":0,"max_hp_gain":0,"max_hp_loss":0,"event_name":"Match and Keep!","floor":12,"gold_loss":0,"cards_obtained":["Neutralize","Glass Knife"]},{"damage_healed":0,"gold_gain":0,"player_choice":"Trade","damage_taken":0,"relics_obtained":["NlothsMask"],"max_hp_gain":0,"max_hp_loss":0,"event_name":"FaceTrader","floor":14,"gold_loss":0},{"cards_removed":["Strike_G"],"damage_healed":0,"gold_gain":0,"player_choice":"Card Removal","damage_taken":0,"max_hp_gain":0,"max_hp_loss":0,"event_name":"Wheel of Change","floor":20,"gold_loss":0},{"damage_healed":0,"gold_gain":0,"player_choice":"Gave Potion","damage_taken":0,"relics_obtained":["Mummified Hand"],"max_hp_gain":0,"max_hp_loss":0,"event_name":"WeMeetAgain","floor":21,"gold_loss":0},{"damage_healed":0,"gold_gain":0,"player_choice":"1 cards matched","damage_taken":0,"max_hp_gain":0,"max_hp_loss":0,"event_name":"Match and Keep!","floor":30,"gold_loss":0,"cards_obtained":["Tools of the Trade"]},{"damage_healed":0,"gold_gain":0,"player_choice":"Memory 3","damage_taken":10,"max_hp_gain":0,"max_hp_loss":0,"event_name":"SensoryStone","floor":36,"gold_loss":0},{"damage_healed":0,"gold_gain":0,"player_choice":"Paid","damage_taken":0,"relics_obtained":["Red Mask"],"max_hp_gain":0,"max_hp_loss":0,"event_name":"Tomb of Lord Red Mask","floor":37,"gold_loss":167},{"damage_healed":67,"gold_gain":0,"player_choice":"Heal","damage_taken":0,"max_hp_gain":0,"max_hp_loss":10,"event_name":"The Moai Head","floor":46,"gold_loss":0},{"cards_removed":["Neutralize"],"damage_healed":0,"gold_gain":0,"player_choice":"Removed Attack","damage_taken":0,"max_hp_gain":0,"max_hp_loss":0,"event_name":"Falling","floor":47,"gold_loss":0}],"is_beta":false,"boss_relics":[{"not_picked":["Philosopher\u0027s Stone","Orrery"],"picked":"Astrolabe"},{"not_picked":["Calling Bell","Pandora\u0027s Box"],"picked":"WristBlade"}],"items_purged_floors":[31],"is_endless":false,"potions_floor_spawned":[10,11,16,19,23,28,29,33,35,40],"ascension_level":2}