{"gold_per_floor":[118,118,134,5,5,36,36,113,113,130,200,232,232,259,259,364,364,380,405,418,418,432,432],"floor_reached":23,"playtime":1124,"items_purged":["Strike_R"],"score":259,"play_id":"876b9692-8563-4af4-9ad9-8027a968b9a5","local_time":"20190617011154","is_ascension_mode":true,"campfire_choices":[{"data":"Shockwave","floor":7,"key":"SMITH"},{"floor":13,"key":"REST"},{"data":"Inflame","floor":15,"key":"SMITH"}],"neow_cost":"NONE","seed_source_timestamp":195368041567261,"circlet_count":0,"master_deck":["Strike_R","Strike_R","Strike_R","Strike_R","Defend_R","Defend_R","Defend_R","Defend_R","Bash+1","Shockwave+1","Inflame+1","Headbutt","Clothesline","Flame Barrier","Anger","Armaments","Juggernaut+1","Demon Form+1","Rampage","Shrug It Off","Feel No Pain+1","Decay","Shrug It Off"],"relics":["Burning Blood","Regal Pillow","Blood Vial","Dream Catcher","Frozen Egg 2","Mummified Hand","Meat on the Bone","Sundial","Runic Pyramid","Red Mask"],"potions_floor_usage":[14,16,19,22],"damage_taken":[{"damage":15,"enemies":"Small Slimes","floor":1,"turns":4},{"damage":2,"enemies":"2 Louse","floor":3,"turns":3},{"damage":16,"enemies":"Gremlin Nob","floor":6,"turns":3},{"damage":7,"enemies":"Jaw Worm","floor":10,"turns":3},{"damage":31,"enemies":"Lagavulin","floor":12,"turns":7},{"damage":25,"enemies":"Gremlin Nob","floor":14,"turns":5},{"damage":7,"enemies":"The Guardian","floor":16,"turns":8},{"damage":15,"enemies":"Shell Parasite","floor":18,"turns":6},{"damage":45,"enemies":"Masked Bandits","floor":19,"turns":4},{"damage":0,"enemies":"3 Byrds","floor":20,"turns":2},{"damage":14,"enemies":"Snake Plant","floor":22,"turns":5},{"damage":66,"enemies":"Slavers","floor":23,"turns":5}],"seed_played":"-1117882375488642920","potions_obtained":[{"floor":10,"key":"PowerPotion"},{"floor":12,"key":"Weak Potion"},{"floor":14,"key":"PowerPotion"},{"floor":16,"key":"Dexterity Potion"},{"floor":18,"key":"SpeedPotion"},{"floor":19,"key":"Dexterity Potion"}],"is_trial":false,"path_per_floor":["M","?","M","$","?","E","R","T","T","M","?","E","R","E","R","B",null,"M","?","M","?","M","E"],"character_chosen":"IRONCLAD","items_purchased":["Headbutt"],"campfire_rested":1,"item_purchase_floors":[4],"current_hp_per_floor":[71,46,52,52,52,44,44,44,44,45,45,22,61,56,56,57,74,67,42,50,50,56,0],"gold":432,"neow_bonus":"RANDOM_COMMON_RELIC","is_prod":false,"is_daily":false,"chose_seed":false,"campfire_upgraded":2,"win_rate":0,"timestamp":1560748314,"path_taken":["M","?","M","$","?","E","R","?","T","M","?","E","R","E","R","BOSS","M","?","M","?","?","E"],"build_version":"2019-01-23","purchased_purges":1,"victory":false,"max_hp_per_floor":[80,80,80,80,80,80,80,80,80,80,80,80,80,80,80,80,80,80,80,80,80,80,80],"card_choices":[{"not_picked":["True Grit","Havoc"],"picked":"Shockwave","floor":1},{"not_picked":["Havoc","Spot Weakness"],"picked":"Inflame","floor":3},{"not_picked":["Dark Embrace","Thunderclap"],"picked":"Clothesline","floor":6},{"not_picked":["Evolve+1","Heavy Blade"],"picked":"Flame Barrier","floor":10},{"not_picked":["Warcry","Dark Embrace+1"],"picked":"Anger","floor":12},{"not_picked":["Infernal Blade","Clothesline"],"picked":"Armaments","floor":13},{"not_picked":["Warcry","Spot Weakness"],"picked":"Juggernaut+1","floor":14},{"not_picked":["Impervious","Double Tap"],"picked":"Demon Form+1","floor":16},{"not_picked":["Cleave","Body Slam"],"picked":"Rampage","floor":18},{"not_picked":["Sword Boomerang","Clothesline"],"picked":"Shrug It Off","floor":19},{"not_picked":["Armaments","Thunderclap"],"picked":"Feel No Pain+1","floor":20},{"not_picked":["Corruption+1","Second Wind"],"picked":"Shrug It Off","floor":22}],"player_experience":326292,"relics_obtained":[{"floor":6,"key":"Dream Catcher"},{"floor":8,"key":"Frozen Egg 2"},{"floor":9,"key":"Mummified Hand"},{"floor":12,"key":"Meat on the Bone"},{"floor":14,"key":"Sundial"},{"floor":19,"key":"Red Mask"}],"event_choices":[{"damage_healed":0,"gold_gain":0,"player_choice":"Success","damage_taken":25,"relics_obtained":["Blood Vial"],"max_hp_gain":0,"max_hp_loss":0,"event_name":"Scrap Ooze","floor":2,"gold_loss":0},{"damage_healed":0,"gold_gain":0,"player_choice":"Grow","damage_taken":0,"max_hp_gain":0,"max_hp_loss":0,"event_name":"Living Wall","floor":5,"gold_loss":0,"cards_upgraded":["Bash"]},{"damage_healed":0,"gold_gain":70,"player_choice":"Gained Gold","damage_taken":0,"max_hp_gain":0,"max_hp_loss":0,"event_name":"Golden Wing","floor":11,"gold_loss":0},{"damage_healed":0,"gold_gain":0,"player_choice":"Fought Bandits","damage_taken":0,"max_hp_gain":0,"max_hp_loss":0,"event_name":"Masked Bandits","floor":19,"gold_loss":0},{"damage_healed":0,"gold_gain":0,"player_choice":"Cursed","damage_taken":0,"max_hp_gain":0,"max_hp_loss":0,"event_name":"Wheel of Change","floor":21,"gold_loss":0,"cards_obtained":["Decay"]}],"is_beta":false,"boss_relics":[{"not_picked":["Pandora\u0027s Box","Runic Cube"],"picked":"Runic Pyramid"}],"items_purged_floors":[4],"is_endless":false,"potions_floor_spawned":[10,12,14,16,18,19],"killed_by":"Slavers","ascension_level":5}