{"path_per_floor":["M","M","?","M","M","E","R","?","T","?","E","?","M","M","R","B",null,"M","M","M","M","M","R","E","R","T","?","R","M","E","M","R","B",null,"M","M","$","?","?","R","E","$","T","$","?","E","M","M","R"],"character_chosen":"IRONCLAD","items_purchased":["Shuriken"],"gold_per_floor":[114,132,132,143,163,190,190,190,190,190,225,195,206,224,224,324,324,336,349,365,377,391,391,421,421,421,621,621,638,663,675,675,775,775,791,811,811,811,811,811,842,842,842,596,644,676,687,705,705],"floor_reached":50,"campfire_rested":1,"playtime":3428,"current_hp_per_floor":[43,49,49,55,54,27,27,27,27,90,78,78,87,96,96,15,99,102,101,67,67,57,57,41,41,41,41,41,37,37,43,43,9,117,117,120,120,110,110,110,99,99,105,105,82,81,46,18,56],"items_purged":[],"gold":705,"play_id":"e6223935-6f0c-4769-96a7-1a31be98fb42","is_prod":false,"is_daily":false,"campfire_rituals":0,"campfire_upgraded":7,"is_hardmode":false,"path_taken":["M","M","?","M","M","E","R","?","T","?","E","?","M","M","R","BOSS","M","M","M","M","M","R","E","R","T","?","R","M","E","M","R","BOSS","M","M","$","?","?","R","E","$","T","?","?","E","M","M","R","BOSS"],"build_version":"2018-01-11-PROD2","purchased_purges":0,"victory":false,"master_deck":["Strike_R","Strike_R","Strike_R","Strike_R","Defend_R","Defend_R","Bash","Flame Barrier","Flame Barrier","Seeing Red","Body Slam","Pommel Strike","Body Slam","Inflame","Mind Blast","Feed","Pommel Strike","Fiend Fire","Dual Wield","Twin Strike","Armaments","Dark Embrace","Warcry","Battle Trance","Limit Break","Evolve","Metallicize","Madness","Madness","Hemokinesis","Pommel Strike","Writhe","Berserk","Spot Weakness","Limit Break","Battle Trance","Headbutt"],"max_hp_per_floor":[80,80,80,80,80,80,80,80,80,90,90,90,93,96,96,99,99,102,105,105,108,108,108,111,111,111,111,111,114,114,117,117,117,117,117,120,120,120,120,120,120,120,126,126,126,126,129,129,129],"relics":["Burning Blood","Bag of Marbles","Juzu Bracelet","Champion Belt","Mark of Pain","Dodecahedron","Ginger","Dream Catcher","Cursed Key","Bronze Scales","Darkstone Periapt","Shuriken","Frozen Eye","Peace Pipe"],"campfire_meditates":0,"card_choices":[{"not_picked":["Cleave","Wild Strike"],"picked":"Seeing Red"},{"not_picked":["Shrug It Off","Infernal Blade"],"picked":"Body Slam"},{"not_picked":["Havoc","Shrug It Off"],"picked":"Pommel Strike"},{"not_picked":["Iron Wave","Dual Wield"],"picked":"Body Slam"},{"not_picked":["Reckless Charge","Immolate"],"picked":"Inflame"},{"not_picked":["Headbutt","Exhume"],"picked":"Feed"},{"not_picked":["Anger","True Grit"],"picked":"Pommel Strike"},{"not_picked":["Barricade","Brutality"],"picked":"Fiend Fire"},{"not_picked":["Searing Blow","Perfected Strike"],"picked":"Dual Wield"},{"not_picked":["Clash","Iron Wave"],"picked":"Twin Strike"},{"not_picked":["Sever Soul","Sentinel"],"picked":"Armaments"},{"not_picked":["Wild Strike","Dropkick"],"picked":"Dark Embrace"},{"not_picked":["Hemokinesis","Entrench"],"picked":"Warcry"},{"not_picked":["Wild Strike","Body Slam"],"picked":"Battle Trance"},{"not_picked":["Barricade","Feed"],"picked":"Limit Break"},{"not_picked":["Thunderclap","Dual Wield"],"picked":"Evolve"},{"not_picked":["Pummel","Body Slam"],"picked":"Metallicize"},{"not_picked":["Cleave","Clash"],"picked":"Pommel Strike"},{"not_picked":["Hemokinesis","Perfected Strike"],"picked":"Berserk"},{"not_picked":["Twin Strike","Armaments"],"picked":"Spot Weakness"},{"not_picked":["Armaments","Pommel Strike"],"picked":"Limit Break"},{"not_picked":["Clash","Body Slam"],"picked":"Battle Trance"},{"not_picked":["Iron Wave","Clash"],"picked":"Headbutt"}],"player_experience":170429,"potions_floor_usage":[24,31,31,31,33,45,46,50],"damage_taken":[{"damage":3,"enemies":"2 Louse","floor":1,"turns":4},{"damage":0,"enemies":"Jaw Worm","floor":2,"turns":4},{"damage":0,"enemies":"Small Slimes","floor":4,"turns":3},{"damage":7,"enemies":"3 Louse","floor":5,"turns":3},{"damage":33,"enemies":"3 Sentries","floor":6,"turns":10},{"damage":18,"enemies":"Gremlin Nob","floor":11,"turns":4},{"damage":0,"enemies":"Gremlin Gang","floor":13,"turns":4},{"damage":0,"enemies":"Large Slime","floor":14,"turns":5},{"damage":90,"enemies":"Hexaghost","floor":16,"turns":12},{"damage":4,"enemies":"3 Byrds","floor":18,"turns":3},{"damage":10,"enemies":"Chosen","floor":19,"turns":4},{"damage":40,"enemies":"Centurion and Healer","floor":20,"turns":6},{"damage":9,"enemies":"3 Cultists","floor":21,"turns":5},{"damage":16,"enemies":"Snecko","floor":22,"turns":4},{"damage":25,"enemies":"Slavers","floor":24,"turns":5},{"damage":13,"enemies":"Centurion and Healer","floor":29,"turns":5},{"damage":6,"enemies":"Gremlin Leader","floor":30,"turns":4},{"damage":3,"enemies":"Slaver and Parasite","floor":31,"turns":3},{"damage":40,"enemies":"Champ","floor":33,"turns":7},{"damage":0,"enemies":"3 Darklings","floor":35,"turns":4},{"damage":6,"enemies":"Orb Walker","floor":36,"turns":3},{"damage":17,"enemies":"Nemesis","floor":41,"turns":4},{"damage":38,"enemies":"Mysterious Sphere","floor":45,"turns":5},{"damage":7,"enemies":"Giant Head","floor":46,"turns":5},{"damage":44,"enemies":"4 Shapes","floor":47,"turns":7},{"damage":34,"enemies":"Sphere and 2 Shapes","floor":48,"turns":5},{"damage":62,"enemies":"Time Eater","floor":50,"turns":5}],"event_choices":[{"event_name":"Liars Game","player_choice":"disagreed","floor":3,"damage_taken":0},{"event_name":"Match and Keep!","player_choice":"2 cards matched","floor":8,"damage_taken":0},{"event_name":"Bonfire Elementals","player_choice":"RARE","floor":10,"damage_taken":0},{"event_name":"The Woman in Blue","player_choice":"Bought 2 Potions","floor":12,"damage_taken":0},{"event_name":"The Joust","player_choice":"Bet on Owner","floor":27,"damage_taken":0},{"event_name":"Winding Halls","player_choice":"Embrace Madness","floor":38,"damage_taken":0},{"event_name":"Transmorgrifier","player_choice":"Transform","floor":39,"damage_taken":0},{"event_name":"Mysterious Sphere","player_choice":"Fight","floor":45,"damage_taken":0}],"boss_relics":[{"not_picked":["Runic Cube","Sozu"],"picked":"Mark of Pain"},{"not_picked":["Runic Pyramid","Philosopher\u0027s Stone"],"picked":"Cursed Key"}],"potions_floor_spawned":[1,14,16,18,22,30,31,41,45,47],"seed_played":"6379583408686421017","killed_by":"Time Eater","is_trial":false}