{"path_per_floor":["M","?","M","$","M","E","R","E","T","?","R","M","E","$","R","B",null,"M","?","M","?","M","R","E","M","T","R","E","?","M","?","R","B",null,"M","?","M","?","M","R","M","$","T","?","R","M","M","M","R","B"],"character_chosen":"IRONCLAD","items_purchased":["Headbutt","Offering","Enlightenment","Paper Frog","Block Potion"],"gold_per_floor":[112,112,128,77,90,119,119,147,147,147,147,166,198,34,34,130,130,150,150,163,163,175,175,203,223,295,295,323,323,340,340,340,444,444,463,463,477,477,495,495,515,38,63,43,43,62,77,95,95,95],"floor_reached":51,"campfire_rested":3,"playtime":3373,"current_hp_per_floor":[80,80,79,79,76,56,56,52,52,52,52,58,43,43,67,51,80,78,78,76,76,74,74,48,59,59,59,53,53,51,51,75,39,80,74,74,72,72,58,58,49,49,49,49,49,42,36,25,49,7],"items_purged":[],"gold":95,"play_id":"afb085f7-fbd4-415b-9df9-2ce1d63d160c","is_prod":false,"is_daily":false,"campfire_rituals":0,"campfire_upgraded":6,"is_hardmode":false,"path_taken":["M","?","?","?","M","E","R","E","T","?","R","M","E","$","R","BOSS","M","?","M","?","M","R","E","M","T","R","E","?","M","?","R","BOSS","M","?","M","?","M","R","M","$","T","?","R","M","M","M","R","BOSS"],"build_version":"2018-01-18-PROD4","purchased_purges":0,"victory":true,"master_deck":["Strike_R","Strike_R","Defend_R","Defend_R","Power Through","Thunderclap","Headbutt","Uppercut","Headbutt","Headbutt","Battle Trance","Headbutt","Offering","Offering","Offering","Armaments","Exhume","Demon Form","Ghostly Armor","True Grit","Pommel Strike","Headbutt","Flex","Enlightenment","Ghostly Armor","Warcry","Heavy Blade"],"max_hp_per_floor":[80,80,80,80,80,80,80,80,80,80,80,80,80,80,80,80,80,80,80,80,80,80,80,80,80,80,80,80,80,80,80,80,80,80,80,80,80,80,80,80,80,80,80,80,80,80,80,80,80,80],"relics":["Burning Blood","Bronze Scales","Ornamental Fan","Gremlin Horn","Self Forming Clay","Snecko Eye","Ancient Tea Set","Shuriken","Oddly Smooth Stone","Astrolabe","Paper Frog","Juzu Bracelet"],"campfire_meditates":0,"card_choices":[{"not_picked":["Cleave","Dual Wield"],"picked":"Thunderclap"},{"not_picked":["Clothesline","Entrench"],"picked":"Uppercut"},{"not_picked":["Twin Strike","Thunderclap"],"picked":"Headbutt"},{"not_picked":["Clothesline","Rage"],"picked":"Battle Trance"},{"not_picked":["Twin Strike","Flex"],"picked":"Headbutt"},{"not_picked":["Feed","Berserk"],"picked":"Offering"},{"not_picked":["Second Wind","True Grit"],"picked":"Offering"},{"not_picked":["Body Slam","Cleave"],"picked":"Armaments"},{"not_picked":["Fire Breathing","Pommel Strike"],"picked":"Exhume"},{"not_picked":["Bludgeon","Impervious"],"picked":"Demon Form"},{"not_picked":["Ghostly Armor","Seeing Red"],"picked":"Headbutt"},{"not_picked":["Warcry","Thunderclap"],"picked":"Flex"},{"not_picked":["Inflame","Dropkick"],"picked":"Ghostly Armor"},{"not_picked":["Flex","Shockwave"],"picked":"Warcry"},{"not_picked":["Cleave","Anger"],"picked":"Heavy Blade"}],"player_experience":222711,"potions_floor_usage":[6,13,24,25,28,33,33,41,46,48,50,50],"damage_taken":[{"damage":0,"enemies":"2 Louse","floor":1,"turns":2},{"damage":7,"enemies":"Jaw Worm","floor":3,"turns":5},{"damage":9,"enemies":"Blue Slaver","floor":5,"turns":4},{"damage":26,"enemies":"3 Sentries","floor":6,"turns":6},{"damage":10,"enemies":"Gremlin Nob","floor":8,"turns":4},{"damage":0,"enemies":"Lots of Slimes","floor":12,"turns":2},{"damage":21,"enemies":"Lagavulin","floor":13,"turns":4},{"damage":22,"enemies":"Hexaghost","floor":16,"turns":8},{"damage":8,"enemies":"Chosen","floor":18,"turns":2},{"damage":8,"enemies":"Spheric Guardian","floor":20,"turns":2},{"damage":8,"enemies":"Snake Plant","floor":22,"turns":2},{"damage":35,"enemies":"Slavers","floor":24,"turns":2},{"damage":4,"enemies":"3 Cultists","floor":25,"turns":4},{"damage":12,"enemies":"Gremlin Leader","floor":28,"turns":2},{"damage":8,"enemies":"Centurion and Healer","floor":30,"turns":3},{"damage":42,"enemies":"Champ","floor":33,"turns":9},{"damage":12,"enemies":"3 Shapes","floor":35,"turns":3},{"damage":8,"enemies":"Orb Walker","floor":37,"turns":3},{"damage":20,"enemies":"3 Darklings","floor":39,"turns":4},{"damage":15,"enemies":"Maw","floor":41,"turns":6},{"damage":13,"enemies":"Sphere and 2 Shapes","floor":46,"turns":5},{"damage":12,"enemies":"4 Shapes","floor":47,"turns":5},{"damage":17,"enemies":"3 Darklings","floor":48,"turns":5},{"damage":48,"enemies":"Time Eater","floor":50,"turns":8}],"event_choices":[{"event_name":"Liars Game","player_choice":"disagreed","floor":2,"damage_taken":0},{"event_name":"Living Wall","player_choice":"Change","floor":10,"damage_taken":0},{"event_name":"Addict","player_choice":"Ignored","floor":19,"damage_taken":0},{"event_name":"The Lab","player_choice":"Got Potions","floor":21,"damage_taken":0},{"event_name":"Beggar","player_choice":"Ignored","floor":29,"damage_taken":0},{"event_name":"N\u0027loth","player_choice":"Ignored","floor":31,"damage_taken":0},{"event_name":"Mysterious Sphere","player_choice":"Ignore","floor":36,"damage_taken":0},{"event_name":"Purifier","player_choice":"One Purge","floor":38,"damage_taken":0},{"event_name":"The Woman in Blue","player_choice":"Bought 1 Potion","floor":44,"damage_taken":0}],"boss_relics":[{"not_picked":["Calling Bell","Question Card"],"picked":"Snecko Eye"},{"not_picked":["Black Blood","Orrery"],"picked":"Astrolabe"}],"potions_floor_spawned":[3,8,12,22,25,28,30,35,41,46],"seed_played":"3280807124451549524","is_trial":false}