{"gold_per_floor":[114,64,64,75,88,88,114,114,184,195,229,240,79,79,79,176,176,194,194,92,107,123,148,148,180,180,209,209,243,259,279,279,381,381,396,396,413,432,532,562,562,577,577,606,616,631,631,230,230,230],"floor_reached":51,"playtime":3860,"items_purged":["Pain"],"score":1011,"play_id":"ca46281e-737b-420e-b94d-b99729522037","local_time":"20190329020949","is_ascension_mode":true,"campfire_choices":[{"data":"Zap","floor":6,"key":"SMITH"},{"floor":8,"key":"REST"},{"floor":15,"key":"REST"},{"floor":24,"key":"REST"},{"floor":32,"key":"REST"},{"floor":41,"key":"RECALL"}],"neow_cost":"NONE","seed_source_timestamp":1190977953413212,"circlet_count":0,"master_deck":["Strike_B+1","Defend_B","Defend_B","Defend_B","Zap+1","Dualcast","Cold Snap+1","Streamline","Ball Lightning","Buffer","Compile Driver","Steam+1","Hologram+1","Conserve Battery+1","Capacitor","Sunder","Electrodynamics","Coolheaded+1","Go for the Eyes","Reinforced Body+1","Hologram+1","Doom and Gloom","Biased Cognition","Compile Driver","Cold Snap+1","Hologram+1","Core Surge","Static Discharge","Melter","Fusion+1","Self Repair+1","Aggregate+1","Aggregate+1","Redo+1","Double Energy+1","Fusion+1","Machine Learning"],"relics":["Cracked Core","Whetstone","Toxic Egg 2","Ancient Tea Set","Fusion Hammer","WarpedTongs","Unceasing Top","Lantern","Strawberry","Omamori","NlothsMask","Anchor","Coffee Dripper","Dead Branch","Bronze Scales","Symbiotic Virus","Cables"],"potions_floor_usage":[11,16,23,27,33,39,42,50],"damage_taken":[{"damage":7,"enemies":"Small Slimes","floor":1,"turns":3},{"damage":3,"enemies":"Cultist","floor":4,"turns":4},{"damage":5,"enemies":"2 Louse","floor":5,"turns":3},{"damage":36,"enemies":"3 Sentries","floor":7,"turns":9},{"damage":2,"enemies":"Red Slaver","floor":10,"turns":4},{"damage":16,"enemies":"Gremlin Nob","floor":11,"turns":3},{"damage":11,"enemies":"Exordium Thugs","floor":12,"turns":3},{"damage":17,"enemies":"The Guardian","floor":16,"turns":9},{"damage":19,"enemies":"2 Thieves","floor":18,"turns":4},{"damage":3,"enemies":"Chosen","floor":21,"turns":5},{"damage":0,"enemies":"Snecko","floor":22,"turns":4},{"damage":35,"enemies":"Book of Stabbing","floor":23,"turns":6},{"damage":27,"enemies":"Slavers","floor":25,"turns":3},{"damage":1,"enemies":"Book of Stabbing","floor":27,"turns":6},{"damage":0,"enemies":"Gremlin Leader","floor":29,"turns":4},{"damage":1,"enemies":"Centurion and Healer","floor":30,"turns":6},{"damage":0,"enemies":"Snake Plant","floor":31,"turns":3},{"damage":52,"enemies":"Champ","floor":33,"turns":10},{"damage":0,"enemies":"Orb Walker","floor":35,"turns":3},{"damage":8,"enemies":"3 Darklings","floor":37,"turns":3},{"damage":6,"enemies":"4 Shapes","floor":38,"turns":3},{"damage":10,"enemies":"Mind Bloom Boss Battle","floor":39,"turns":6},{"damage":38,"enemies":"Reptomancer","floor":40,"turns":6},{"damage":0,"enemies":"Writhing Mass","floor":42,"turns":5},{"damage":0,"enemies":"Giant Head","floor":44,"turns":9},{"damage":0,"enemies":"Jaw Worm Horde","floor":45,"turns":2},{"damage":0,"enemies":"3 Darklings","floor":46,"turns":2},{"damage":10,"enemies":"Donu and Deca","floor":50,"turns":6}],"seed_played":"-3592657828616128949","potions_obtained":[{"floor":4,"key":"SteroidPotion"},{"floor":7,"key":"AttackPotion"},{"floor":11,"key":"Poison Potion"},{"floor":12,"key":"AttackPotion"},{"floor":22,"key":"AttackPotion"},{"floor":25,"key":"Poison Potion"},{"floor":27,"key":"Swift Potion"},{"floor":33,"key":"GamblersBrew"},{"floor":35,"key":"Weak Potion"},{"floor":38,"key":"Regen Potion"},{"floor":46,"key":"SteroidPotion"}],"is_trial":false,"path_per_floor":["M","?","?","M","M","R","E","R","T","M","E","M","$","?","R","B",null,"M","?","$","M","M","E","R","E","T","E","?","E","M","M","R","B",null,"M","?","M","M","?","E","R","M","T","E","M","M","?","$","R","B",null],"character_chosen":"DEFECT","items_purchased":["Conserve Battery+1","Capacitor","Sunder","Go for the Eyes","Cables","Machine Learning"],"campfire_rested":4,"item_purchase_floors":[13,13,13,20,48,48],"current_hp_per_floor":[75,75,68,65,60,60,24,48,48,46,30,19,19,19,43,26,82,63,63,63,60,60,25,49,22,29,28,28,28,27,27,53,1,89,89,89,81,75,89,61,61,71,71,81,89,89,89,89,89,89],"gold":230,"neow_bonus":"TEN_PERCENT_HP_BONUS","is_prod":false,"is_daily":false,"chose_seed":false,"campfire_upgraded":1,"win_rate":0,"timestamp":1553839789,"path_taken":["M","?","?","M","M","R","E","R","T","M","E","M","$","?","R","BOSS","M","?","$","M","?","E","R","E","T","E","?","E","M","M","R","BOSS","M","?","?","M","?","E","R","M","T","E","M","M","?","$","R","BOSS"],"build_version":"2019-01-23","purchased_purges":1,"victory":true,"max_hp_per_floor":[82,82,82,82,82,82,82,82,82,82,82,82,82,82,82,82,82,82,82,82,82,82,82,82,82,89,89,89,89,89,89,89,89,89,89,89,89,89,89,89,89,89,89,89,89,89,89,89,89,89],"card_choices":[{"not_picked":["Redo","Coolheaded"],"picked":"Cold Snap","floor":1},{"not_picked":["Reboot","Chaos"],"picked":"Streamline","floor":4},{"not_picked":["Gash","Blizzard"],"picked":"Ball Lightning","floor":5},{"not_picked":["Blizzard","Streamline"],"picked":"Buffer","floor":7},{"not_picked":["Ball Lightning","Sweeping Beam"],"picked":"Compile Driver","floor":10},{"not_picked":["Streamline","Thunder Strike"],"picked":"Steam+1","floor":11},{"not_picked":["Fusion+1","Loop"],"picked":"Hologram+1","floor":12},{"not_picked":["Amplify+1","Seek+1"],"picked":"Electrodynamics","floor":16},{"not_picked":["Sweeping Beam+1","Blizzard"],"picked":"Coolheaded+1","floor":18},{"not_picked":["Redo+1","Barrage"],"picked":"Reinforced Body+1","floor":21},{"not_picked":["Streamline+1","Recycle+1"],"picked":"Hologram+1","floor":22},{"not_picked":["Stack+1","Chaos+1"],"picked":"Doom and Gloom","floor":23},{"not_picked":["Sweeping Beam","Creative AI"],"picked":"Biased Cognition","floor":25},{"not_picked":["Rainbow+1","Blizzard"],"picked":"Compile Driver","floor":27},{"not_picked":["Hologram+1","Beam Cell"],"picked":"Cold Snap+1","floor":29},{"not_picked":["Rebound+1","Hello World","Ball Lightning"],"picked":"SKIP","floor":30},{"not_picked":["Sweeping Beam","Force Field+1"],"picked":"Hologram+1","floor":31},{"not_picked":["All For One","Fission+1"],"picked":"Core Surge","floor":33},{"not_picked":["Beam Cell+1","Barrage"],"picked":"Static Discharge","floor":35},{"not_picked":["Barrage","Coolheaded+1"],"picked":"Fusion+1","floor":37},{"not_picked":["Glacier+1","Ball Lightning+1"],"picked":"Self Repair+1","floor":38},{"not_picked":["Genetic Algorithm+1","Go for the Eyes+1"],"picked":"Aggregate+1","floor":39},{"not_picked":["Skim+1","Sunder"],"picked":"Aggregate+1","floor":40},{"not_picked":["Sweeping Beam","Skim+1"],"picked":"Redo+1","floor":42},{"not_picked":["Tempest+1","Beam Cell+1"],"picked":"Double Energy+1","floor":44},{"not_picked":["Coolheaded+1","Electrodynamics"],"picked":"Fusion+1","floor":45},{"not_picked":["Tempest+1","Force Field+1","Darkness+1"],"picked":"SKIP","floor":46}],"player_experience":182943,"relics_obtained":[{"floor":7,"key":"Whetstone"},{"floor":9,"key":"Toxic Egg 2"},{"floor":11,"key":"Ancient Tea Set"},{"floor":23,"key":"Unceasing Top"},{"floor":25,"key":"Lantern"},{"floor":26,"key":"Strawberry"},{"floor":27,"key":"Omamori"},{"floor":29,"key":"Anchor"},{"floor":39,"key":"Dead Branch"},{"floor":40,"key":"Bronze Scales"},{"floor":44,"key":"Symbiotic Virus"}],"event_choices":[{"cards_removed":["Strike_B"],"damage_healed":0,"gold_gain":0,"player_choice":"Card Removal","damage_taken":0,"max_hp_gain":0,"max_hp_loss":0,"event_name":"The Cleric","floor":2,"gold_loss":50},{"cards_removed":["Strike_B"],"damage_healed":0,"gold_gain":0,"player_choice":"Card Removal","damage_taken":7,"max_hp_gain":0,"max_hp_loss":0,"event_name":"Golden Wing","floor":3,"gold_loss":0},{"cards_removed":["Strike_B"],"damage_healed":0,"gold_gain":0,"player_choice":"Purged","damage_taken":0,"max_hp_gain":0,"max_hp_loss":0,"event_name":"Purifier","floor":14,"gold_loss":0},{"damage_healed":0,"gold_gain":0,"player_choice":"Rummage","damage_taken":0,"relics_obtained":["WarpedTongs"],"max_hp_gain":0,"max_hp_loss":0,"event_name":"Accursed Blacksmith","floor":19,"gold_loss":0,"cards_obtained":["Pain"]},{"damage_healed":0,"gold_gain":0,"player_choice":"Trade","damage_taken":0,"relics_obtained":["NlothsMask"],"max_hp_gain":0,"max_hp_loss":0,"event_name":"FaceTrader","floor":28,"gold_loss":0},{"damage_healed":0,"gold_gain":0,"cards_transformed":["Defend_B"],"player_choice":"Transformed","damage_taken":0,"max_hp_gain":0,"max_hp_loss":0,"event_name":"Transmorgrifier","floor":36,"gold_loss":0,"cards_obtained":["Melter"]},{"damage_healed":0,"gold_gain":0,"player_choice":"Fight","damage_taken":0,"max_hp_gain":0,"max_hp_loss":0,"event_name":"MindBloom","floor":39,"gold_loss":0},{"damage_healed":0,"gold_gain":0,"player_choice":"Ignored","damage_taken":0,"max_hp_gain":0,"max_hp_loss":0,"event_name":"Tomb of Lord Red Mask","floor":47,"gold_loss":0}],"is_beta":false,"boss_relics":[{"not_picked":["Runic Dome","Orrery"],"picked":"Fusion Hammer"},{"not_picked":["Tiny House","Calling Bell"],"picked":"Coffee Dripper"}],"items_purged_floors":[20],"is_endless":false,"potions_floor_spawned":[4,7,11,12,22,25,27,33,35,37,38,46],"ascension_level":4}