{"gold_per_floor":[115,115,134,134,144,144,177,177,200,230,230,242,242,17,17,112,112,122,122,122,142,152,184,184,197,249,249,249,37,37],"floor_reached":30,"playtime":1358,"items_purged":["Strike_R"],"score":320,"play_id":"d670e292-06e5-4360-b831-5424ec13ca14","local_time":"20190524005434","is_ascension_mode":true,"campfire_choices":[{"data":"True Grit","floor":6,"key":"SMITH"},{"data":"Bash","floor":8,"key":"SMITH"},{"data":"Spot Weakness","floor":13,"key":"SMITH"},{"floor":15,"key":"REST"},{"floor":24,"key":"REST"},{"data":"Barricade","floor":28,"key":"SMITH"}],"neow_cost":"NONE","seed_source_timestamp":3120281339546493,"circlet_count":0,"master_deck":["Defend_R","Defend_R","Defend_R","Defend_R","Bash+1","Headbutt","Anger+1","True Grit+1","Spot Weakness+1","Sword Boomerang","Reaper","Barricade+1","Blood for Blood+1","Seeing Red+1","Burning Pact","Feel No Pain","Inflame","Shrug It Off","Reaper"],"relics":["Burning Blood","Happy Flower","Art of War","Pen Nib","Shuriken","Oddly Smooth Stone","Astrolabe","Orichalcum","Boot"],"potions_floor_usage":[23],"damage_taken":[{"damage":12,"enemies":"Jaw Worm","floor":1,"turns":2},{"damage":3,"enemies":"2 Louse","floor":3,"turns":2},{"damage":0,"enemies":"Small Slimes","floor":5,"turns":2},{"damage":31,"enemies":"Lagavulin","floor":7,"turns":6},{"damage":31,"enemies":"3 Sentries","floor":10,"turns":7},{"damage":3,"enemies":"Blue Slaver","floor":12,"turns":2},{"damage":38,"enemies":"Hexaghost","floor":16,"turns":7},{"damage":42,"enemies":"3 Byrds","floor":18,"turns":5},{"damage":13,"enemies":"Spheric Guardian","floor":21,"turns":4},{"damage":26,"enemies":"Centurion and Healer","floor":22,"turns":8},{"damage":91,"enemies":"Book of Stabbing","floor":23,"turns":6},{"damage":18,"enemies":"Snake Plant","floor":25,"turns":2},{"damage":64,"enemies":"Slavers","floor":30,"turns":4}],"seed_played":"-748740283905097880","potions_obtained":[{"floor":3,"key":"FairyPotion"},{"floor":5,"key":"Ancient Potion"},{"floor":21,"key":"Weak Potion"},{"floor":22,"key":"BloodPotion"}],"is_trial":false,"path_per_floor":["M","?","M","?","M","R","E","R","T","E","?","M","R","$","R","B",null,"M","?","?","M","M","E","R","M","T","?","R","$","E"],"character_chosen":"IRONCLAD","items_purchased":["Oddly Smooth Stone","Shrug It Off","Reaper"],"campfire_rested":2,"item_purchase_floors":[14,29,29],"current_hp_per_floor":[74,74,77,70,76,76,51,51,51,26,26,29,29,29,53,30,68,38,38,80,73,57,14,38,26,26,26,26,26,0],"gold":37,"neow_bonus":"RANDOM_COMMON_RELIC","is_prod":false,"is_daily":false,"chose_seed":false,"campfire_upgraded":4,"win_rate":0,"timestamp":1558673674,"path_taken":["M","?","M","?","M","R","E","R","T","E","?","?","R","$","R","BOSS","M","?","?","?","M","E","R","M","T","?","R","$","E"],"build_version":"2019-01-23","purchased_purges":1,"victory":false,"max_hp_per_floor":[80,80,80,80,80,80,80,80,80,80,80,80,80,80,80,80,80,80,80,80,80,80,80,80,80,80,80,80,80,80],"card_choices":[{"not_picked":["Twin Strike","Carnage"],"picked":"Headbutt","floor":1},{"not_picked":["Flex","Searing Blow"],"picked":"Anger","floor":3},{"not_picked":["Carnage","Clash"],"picked":"True Grit","floor":5},{"not_picked":["Headbutt","Flex"],"picked":"Spot Weakness","floor":7},{"not_picked":["Flex","True Grit"],"picked":"Sword Boomerang","floor":10},{"not_picked":["Shrug It Off","Thunderclap"],"picked":"Reaper","floor":12},{"not_picked":["Offering","Feed"],"picked":"Barricade","floor":16},{"not_picked":["Fire Breathing","Corruption"],"picked":"Burning Pact","floor":18},{"not_picked":["Sword Boomerang","Clothesline"],"picked":"Feel No Pain","floor":21},{"not_picked":["Warcry","Flex","Sword Boomerang"],"picked":"SKIP","floor":22},{"not_picked":["Flex","Combust"],"picked":"Inflame","floor":23},{"not_picked":["Havoc","Body Slam","Cleave"],"picked":"SKIP","floor":25}],"player_experience":300070,"relics_obtained":[{"floor":7,"key":"Art of War"},{"floor":9,"key":"Pen Nib"},{"floor":10,"key":"Shuriken"},{"floor":23,"key":"Orichalcum"},{"floor":26,"key":"Boot"}],"event_choices":[{"damage_healed":0,"gold_gain":0,"player_choice":"Ignored","damage_taken":0,"max_hp_gain":0,"max_hp_loss":0,"event_name":"Liars Game","floor":2,"gold_loss":0},{"cards_removed":["Strike_R"],"damage_healed":0,"gold_gain":0,"player_choice":"Card Removal","damage_taken":7,"max_hp_gain":0,"max_hp_loss":0,"event_name":"Golden Wing","floor":4,"gold_loss":0},{"damage_healed":0,"gold_gain":0,"player_choice":"Grow","damage_taken":0,"max_hp_gain":0,"max_hp_loss":0,"event_name":"Living Wall","floor":11,"gold_loss":0,"cards_upgraded":["Anger"]},{"damage_healed":0,"gold_gain":0,"player_choice":"Ignored","damage_taken":0,"max_hp_gain":0,"max_hp_loss":0,"event_name":"The Mausoleum","floor":19,"gold_loss":0},{"cards_removed":["Rupture"],"damage_healed":42,"gold_gain":0,"player_choice":"Offered Uncommon","damage_taken":0,"max_hp_gain":0,"max_hp_loss":0,"event_name":"Bonfire Elementals","floor":20,"gold_loss":0},{"damage_healed":0,"gold_gain":0,"player_choice":"Ignored","damage_taken":0,"max_hp_gain":0,"max_hp_loss":0,"event_name":"Vampires","floor":27,"gold_loss":0}],"is_beta":false,"boss_relics":[{"not_picked":["Calling Bell","Ectoplasm"],"picked":"Astrolabe"}],"items_purged_floors":[14],"is_endless":false,"potions_floor_spawned":[3,5,21,22],"killed_by":"Slavers","ascension_level":5}