{"path_per_floor":["M","M","M","M","?","R","E","R","T","$","?","E","M","M","R"],"character_chosen":"IRONCLAD","items_purchased":["Shrug It Off","Energy Potion"],"gold_per_floor":[118,138,154,174,174,174,204,204,250,175,175,200,217,232,232],"floor_reached":16,"campfire_rested":0,"playtime":783,"current_hp_per_floor":[67,65,65,64,64,64,24,24,24,24,24,26,32,38,38],"items_purged":[],"gold":232,"play_id":"55d03f31-1cbb-434a-ae1a-5252973887c5","is_prod":false,"is_daily":false,"campfire_rituals":0,"campfire_upgraded":3,"is_hardmode":false,"path_taken":["M","M","M","M","?","R","E","R","T","$","?","E","M","M","R","BOSS"],"build_version":"2018-01-11-PROD2","purchased_purges":0,"victory":false,"master_deck":["Strike_R","Strike_R","Strike_R","Strike_R","Strike_R","Defend_R","Defend_R","Defend_R","Defend_R","Bash","Double Tap","Body Slam","Battle Trance","Body Slam","Shrug It Off","Shrug It Off","Decay","Perfected Strike","Pommel Strike","Shrug It Off"],"max_hp_per_floor":[72,72,72,72,72,72,72,72,72,72,72,72,72,72,72],"relics":["Burning Blood","Lantern","Anchor","Vajra"],"campfire_meditates":0,"card_choices":[{"not_picked":["Bludgeon","Barricade"],"picked":"Double Tap"},{"not_picked":["Power Through","Clash"],"picked":"Body Slam"},{"not_picked":["Cleave","Limit Break"],"picked":"Battle Trance"},{"not_picked":["Sentinel","Headbutt"],"picked":"Body Slam"},{"not_picked":["Rampage","Warcry"],"picked":"Shrug It Off"},{"not_picked":["Cleave","Juggernaut"],"picked":"Perfected Strike"},{"not_picked":["Uppercut","True Grit"],"picked":"Pommel Strike"},{"not_picked":["Warcry","Feel No Pain"],"picked":"Shrug It Off"}],"player_experience":148850,"potions_floor_usage":[12,16,16,16],"damage_taken":[{"damage":11,"enemies":"Jaw Worm","floor":1,"turns":2},{"damage":8,"enemies":"Blue Slaver","floor":2,"turns":5},{"damage":6,"enemies":"Cultist","floor":3,"turns":3},{"damage":7,"enemies":"Looter","floor":4,"turns":4},{"damage":46,"enemies":"Lagavulin","floor":7,"turns":7},{"damage":4,"enemies":"Gremlin Nob","floor":12,"turns":3},{"damage":0,"enemies":"2 Fungi Beasts","floor":13,"turns":2},{"damage":0,"enemies":"Large Slime","floor":14,"turns":3},{"damage":27,"enemies":"The Guardian","floor":16,"turns":3}],"event_choices":[{"event_name":"Accursed Blacksmith","player_choice":"Forge","floor":5,"damage_taken":0},{"event_name":"Wheel of Change","player_choice":"Curse","floor":11,"damage_taken":0}],"boss_relics":[],"potions_floor_spawned":[2,4,7,12,13],"seed_played":"4028355292523805581","killed_by":"The Guardian","is_trial":false}