{"path_per_floor":["M","M","M","M","M","R","E","?","T","?","R","?","T","?","R"],"character_chosen":"IRONCLAD","items_purchased":[],"gold_per_floor":[99,99,99,99,99,99,99,99,99,99,99,99,99,99,99],"floor_reached":16,"campfire_rested":1,"playtime":476,"current_hp_per_floor":[80,79,73,62,62,62,62,59,59,48,48,48,48,48,72],"items_purged":[],"gold":99,"play_id":"c30817ed-64fb-43bc-a3d4-165888115ea8","is_prod":false,"is_daily":false,"campfire_rituals":0,"campfire_upgraded":2,"is_hardmode":false,"path_taken":["M","M","M","M","M","R","E","?","T","?","R","?","?","?","R","BOSS"],"build_version":"2018-01-11-PROD2","purchased_purges":0,"victory":false,"master_deck":["Strike_R","Strike_R","Strike_R","Strike_R","Strike_R","Defend_R","Defend_R","Defend_R","Defend_R","Bash","Cleave","Headbutt","Pommel Strike","Perfected Strike","Flex","Rampage","Perfected Strike","Fiend Fire"],"max_hp_per_floor":[80,80,80,80,80,80,80,80,80,80,80,80,80,80,80],"relics":["Ectoplasm","Bronze Scales","Odd Mushroom","Whetstone","Juzu Bracelet"],"campfire_meditates":0,"card_choices":[{"not_picked":["Warcry","Dropkick"],"picked":"Cleave"},{"not_picked":["Berserk","Intimidate"],"picked":"Headbutt"},{"not_picked":["Blood for Blood","Twin Strike"],"picked":"Pommel Strike"},{"not_picked":["Flame Barrier","Iron Wave"],"picked":"Perfected Strike"},{"not_picked":["Fire Breathing","Sword Boomerang"],"picked":"Flex"},{"not_picked":["Whirlwind","Armaments"],"picked":"Rampage"},{"not_picked":["Anger","Dropkick"],"picked":"Perfected Strike"},{"not_picked":["Immolate","Berserk"],"picked":"Fiend Fire"}],"player_experience":145974,"potions_floor_usage":[7,7],"damage_taken":[{"damage":0,"enemies":"Cultist","floor":1,"turns":2},{"damage":1,"enemies":"Jaw Worm","floor":2,"turns":3},{"damage":6,"enemies":"Blue Slaver","floor":3,"turns":4},{"damage":11,"enemies":"3 Louse","floor":4,"turns":2},{"damage":0,"enemies":"2 Fungi Beasts","floor":5,"turns":2},{"damage":0,"enemies":"3 Sentries","floor":7,"turns":2},{"damage":3,"enemies":"The Mushroom Lair","floor":8,"turns":3},{"damage":33,"enemies":"The Guardian","floor":16,"turns":5}],"event_choices":[{"event_name":"Mushrooms","player_choice":"Fought Mushrooms","floor":8,"damage_taken":0},{"event_name":"World of Goop","player_choice":"Gather Gold","floor":10,"damage_taken":0},{"event_name":"Liars Game","player_choice":"disagreed","floor":12,"damage_taken":0},{"event_name":"Living Wall","player_choice":"Grow","floor":14,"damage_taken":0}],"boss_relics":[],"potions_floor_spawned":[1,4],"seed_played":"-5687138595078317497","killed_by":"The Guardian","is_trial":false}