{"gold_per_floor":[117,130,142,142,159,194,206,240,240,258,258,144,144,156,156,258,258,243,243,243,243],"floor_reached":21,"playtime":1248,"items_purged":["Strike_B"],"score":248,"play_id":"e5d5bc33-8565-48a0-8608-db2a2b422be5","local_time":"20190619040942","is_ascension_mode":true,"campfire_choices":[{"floor":11,"key":"REST"},{"data":"Buffer","floor":13,"key":"SMITH"},{"data":"Zap","floor":15,"key":"SMITH"}],"neow_cost":"NONE","seed_source_timestamp":378710845153972,"circlet_count":0,"master_deck":["Strike_B","Strike_B","Strike_B","Defend_B","Defend_B","Defend_B","Defend_B","Zap+1","Dualcast","Streamline","BootSequence","Hologram","Barrage","Go for the Eyes","Buffer+1","Cold Snap","Auto Shields","Self Repair","Machine Learning","Undo+1","Coolheaded+1"],"relics":["Cracked Core","PreservedInsect","Strawberry","Pantograph","Toxic Egg 2","Cursed Key","Nilry\u0027s Codex"],"potions_floor_usage":[8,16,16],"damage_taken":[{"damage":7,"enemies":"Small Slimes","floor":1,"turns":3},{"damage":0,"enemies":"Cultist","floor":2,"turns":2},{"damage":2,"enemies":"Jaw Worm","floor":3,"turns":2},{"damage":13,"enemies":"3 Louse","floor":5,"turns":3},{"damage":7,"enemies":"3 Sentries","floor":6,"turns":6},{"damage":3,"enemies":"Large Slime","floor":7,"turns":5},{"damage":19,"enemies":"Gremlin Nob","floor":8,"turns":4},{"damage":10,"enemies":"Gremlin Gang","floor":10,"turns":5},{"damage":1,"enemies":"Blue Slaver","floor":14,"turns":3},{"damage":5,"enemies":"The Guardian","floor":16,"turns":8},{"damage":21,"enemies":"2 Thieves","floor":18,"turns":4},{"damage":32,"enemies":"3 Byrds","floor":21,"turns":3}],"seed_played":"1103043746716636558","potions_obtained":[{"floor":1,"key":"Block Potion"},{"floor":2,"key":"Poison Potion"},{"floor":7,"key":"Poison Potion"},{"floor":10,"key":"Poison Potion"},{"floor":14,"key":"Poison Potion"},{"floor":18,"key":"Dexterity Potion"}],"is_trial":false,"path_per_floor":["M","M","M","?","M","E","M","E","T","M","R","$","R","M","R","B",null,"M","?","?","M"],"character_chosen":"DEFECT","items_purchased":["Self Repair"],"campfire_rested":1,"item_purchase_floors":[12],"current_hp_per_floor":[61,61,59,59,46,46,43,24,24,14,38,38,38,44,44,71,79,65,65,49,17],"gold":243,"neow_bonus":"THREE_CARDS","is_prod":false,"is_daily":false,"chose_seed":false,"campfire_upgraded":2,"win_rate":0,"timestamp":1560931782,"path_taken":["M","M","M","?","?","E","M","E","T","?","R","$","R","M","R","BOSS","M","?","?","M"],"build_version":"2019-01-23","purchased_purges":1,"victory":false,"max_hp_per_floor":[75,75,75,75,75,82,82,82,82,82,82,82,82,82,82,82,82,82,82,82,82],"card_choices":[{"not_picked":["Turbo","Reinforced Body"],"picked":"Streamline","floor":0},{"not_picked":["Static Discharge","Skim"],"picked":"BootSequence","floor":1},{"not_picked":["Force Field","Storm"],"picked":"Hologram","floor":2},{"not_picked":["Streamline","Stack"],"picked":"Barrage","floor":3},{"not_picked":["White Noise","Skim"],"picked":"Go for the Eyes","floor":5},{"not_picked":["Beam Cell","Sweeping Beam"],"picked":"Buffer","floor":6},{"not_picked":["Capacitor","Beam Cell"],"picked":"Cold Snap","floor":7},{"not_picked":["Cold Snap","Storm"],"picked":"Auto Shields","floor":8},{"not_picked":["Blizzard","Gash","Rebound"],"picked":"SKIP","floor":10},{"not_picked":["Beam Cell","Hello World","Stack+1"],"picked":"SKIP","floor":14},{"not_picked":["Buffer","Meteor Strike"],"picked":"Machine Learning","floor":16},{"not_picked":["Sunder+1","Gash"],"picked":"Undo+1","floor":18}],"player_experience":328940,"relics_obtained":[{"floor":6,"key":"Strawberry"},{"floor":8,"key":"Pantograph"},{"floor":9,"key":"Toxic Egg 2"},{"floor":20,"key":"Nilry\u0027s Codex"}],"event_choices":[{"damage_healed":0,"gold_gain":0,"player_choice":"Gave Potion","damage_taken":0,"relics_obtained":["PreservedInsect"],"max_hp_gain":0,"max_hp_loss":0,"event_name":"WeMeetAgain","floor":4,"gold_loss":0},{"damage_healed":0,"gold_gain":0,"player_choice":"Read","damage_taken":0,"max_hp_gain":0,"max_hp_loss":0,"event_name":"The Library","floor":19,"gold_loss":0,"cards_obtained":["Coolheaded"]},{"damage_healed":0,"gold_gain":0,"player_choice":"Obtained Book","damage_taken":16,"max_hp_gain":0,"max_hp_loss":0,"event_name":"Cursed Tome","floor":20,"gold_loss":0}],"is_beta":false,"boss_relics":[{"not_picked":["Lizard Tail","Coffee Dripper"],"picked":"Cursed Key"}],"items_purged_floors":[12],"is_endless":false,"potions_floor_spawned":[1,2,7,10,14,18],"killed_by":"3 Byrds","ascension_level":6}