{"gold_per_floor":[114,44,56,56,36,36,70,83,108,134,134,134,195,223,223,223],"floor_reached":16,"playtime":573,"items_purged":[],"score":176,"play_id":"1be10929-2343-4e48-88a8-279135d04fa0","local_time":"20190624033130","is_ascension_mode":true,"campfire_choices":[{"data":"Shockwave","floor":6,"key":"SMITH"},{"data":"Bash","floor":12,"key":"SMITH"},{"floor":15,"key":"REST"}],"neow_cost":"NONE","seed_source_timestamp":809088190777970,"circlet_count":0,"master_deck":["Strike_R","Strike_R","Strike_R","Strike_R","Strike_R","Defend_R","Defend_R","Defend_R","Defend_R","Bash+1","Headbutt","Shockwave+1","Twin Strike","Sword Boomerang","Pommel Strike","Offering","Pain","Armaments","Armaments"],"relics":["Burning Blood","NeowsBlessing","Juzu Bracelet","Bag of Marbles","Sundial","WarpedTongs","Boot","Smiling Mask"],"potions_floor_usage":[10,14],"damage_taken":[{"damage":0,"enemies":"Small Slimes","floor":1,"turns":1},{"damage":0,"enemies":"Cultist","floor":3,"turns":1},{"damage":0,"enemies":"Gremlin Nob","floor":7,"turns":1},{"damage":7,"enemies":"Jaw Worm","floor":8,"turns":2},{"damage":35,"enemies":"Lagavulin","floor":10,"turns":6},{"damage":29,"enemies":"3 Sentries","floor":13,"turns":6},{"damage":22,"enemies":"3 Sentries","floor":14,"turns":6},{"damage":37,"enemies":"Slime Boss","floor":16,"turns":6}],"seed_played":"-3160622227982787225","potions_obtained":[{"floor":5,"key":"PowerPotion"},{"floor":7,"key":"Poison Potion"},{"floor":10,"key":"Swift Potion"},{"floor":14,"key":"LiquidBronze"}],"is_trial":false,"path_per_floor":["M","$","M","?","?","R","E","M","T","E","?","R","?","E","R","B"],"character_chosen":"IRONCLAD","items_purchased":["Shockwave"],"campfire_rested":1,"item_purchase_floors":[2],"current_hp_per_floor":[80,80,80,80,80,80,80,79,79,50,50,50,27,11,35,0],"gold":223,"neow_bonus":"THREE_ENEMY_KILL","is_prod":false,"is_daily":false,"chose_seed":false,"campfire_upgraded":2,"win_rate":0,"timestamp":1561361490,"path_taken":["M","$","M","?","?","R","E","M","T","E","?","R","?","E","R","BOSS"],"build_version":"2019-01-23","purchased_purges":0,"victory":false,"max_hp_per_floor":[80,80,80,80,80,80,80,80,80,80,80,80,80,80,80,80],"card_choices":[{"not_picked":["Flex","Whirlwind"],"picked":"Headbutt","floor":1},{"not_picked":["Hemokinesis","Havoc"],"picked":"Twin Strike","floor":3},{"not_picked":["Thunderclap","Shockwave"],"picked":"Sword Boomerang","floor":7},{"not_picked":["Sever Soul","Body Slam"],"picked":"Pommel Strike","floor":8},{"not_picked":["Evolve","Thunderclap"],"picked":"Offering","floor":10},{"not_picked":["Rampage","Twin Strike"],"picked":"Armaments","floor":13},{"not_picked":["Wild Strike","Power Through"],"picked":"Armaments","floor":14}],"player_experience":333577,"relics_obtained":[{"floor":7,"key":"Juzu Bracelet"},{"floor":9,"key":"Bag of Marbles"},{"floor":10,"key":"Sundial"},{"floor":13,"key":"Boot"},{"floor":14,"key":"Smiling Mask"}],"event_choices":[{"damage_healed":0,"gold_gain":0,"player_choice":"Ignored","damage_taken":0,"max_hp_gain":0,"max_hp_loss":0,"event_name":"Liars Game","floor":4,"gold_loss":0},{"damage_healed":0,"gold_gain":0,"player_choice":"Bought 1 Potion","damage_taken":0,"max_hp_gain":0,"max_hp_loss":0,"event_name":"The Woman in Blue","floor":5,"gold_loss":0},{"damage_healed":0,"gold_gain":0,"player_choice":"Rummage","damage_taken":0,"relics_obtained":["WarpedTongs"],"max_hp_gain":0,"max_hp_loss":0,"event_name":"Accursed Blacksmith","floor":11,"gold_loss":0,"cards_obtained":["Pain"]},{"damage_healed":0,"gold_gain":0,"player_choice":"Searched \u00271\u0027 times","damage_taken":0,"max_hp_gain":0,"max_hp_loss":0,"event_name":"Dead Adventurer","floor":13,"gold_loss":0}],"is_beta":false,"boss_relics":[],"items_purged_floors":[],"is_endless":false,"potions_floor_spawned":[7,10,14],"killed_by":"Slime Boss","ascension_level":5}