{"path_per_floor":["M","M","M","?","M","R","M","R","T","M","$","M","M","$","R","B",null,"M","?","$","?","M"],"character_chosen":"IRONCLAD","items_purchased":["Lee\u0027s Waffle"],"gold_per_floor":[118,135,145,145,165,165,179,179,179,196,196,212,228,25,25,129,129,147,147,147,147,161],"floor_reached":23,"campfire_rested":0,"playtime":1795,"current_hp_per_floor":[79,80,80,85,72,72,64,64,64,56,56,42,45,92,92,33,92,85,69,69,69,61],"items_purged":[],"gold":161,"play_id":"a63a9499-e7c3-494d-bbb4-ac9b3df4a3be","is_prod":false,"is_daily":false,"campfire_rituals":0,"campfire_upgraded":3,"is_hardmode":false,"path_taken":["M","M","M","?","?","R","M","R","T","M","$","M","M","$","R","BOSS","M","?","$","?","M","E"],"build_version":"2018-01-11-PROD2","purchased_purges":2,"victory":false,"master_deck":["Strike_R","Strike_R","Strike_R","Strike_R","Strike_R","Defend_R","Defend_R","Defend_R","Defend_R","Bash","Evolve","Pommel Strike","Inflame","Armaments","Iron Wave","Berserk","Pommel Strike","Double Tap","Twin Strike","Necronomicurse","Flex"],"max_hp_per_floor":[80,80,80,85,85,85,85,85,85,85,85,85,85,92,92,92,92,92,92,92,92,92],"relics":["Burning Blood","Blood Vial","Matryoshka","Lee\u0027s Waffle","Mark of Pain","Necronomicon"],"campfire_meditates":0,"card_choices":[{"not_picked":["Pommel Strike","Twin Strike"],"picked":"Evolve"},{"not_picked":["Dual Wield","Armaments"],"picked":"Pommel Strike"},{"not_picked":["Dual Wield","Rampage"],"picked":"Inflame"},{"not_picked":["Impervious","Flex"],"picked":"Armaments"},{"not_picked":["Dual Wield","Cleave"],"picked":"Iron Wave"},{"not_picked":["Feel No Pain","Dual Wield"],"picked":"Berserk"},{"not_picked":["Cleave","Shrug It Off"],"picked":"Pommel Strike"},{"not_picked":["Juggernaut","Impervious"],"picked":"Double Tap"},{"not_picked":["Intimidate","Thunderclap"],"picked":"Twin Strike"},{"not_picked":["Bloodletting","Anger"],"picked":"Flex"}],"player_experience":23381,"potions_floor_usage":[7,10,16,23],"damage_taken":[{"damage":7,"enemies":"Small Slimes","floor":1,"turns":4},{"damage":0,"enemies":"2 Louse","floor":2,"turns":4},{"damage":5,"enemies":"Cultist","floor":3,"turns":4},{"damage":19,"enemies":"Lots of Slimes","floor":5,"turns":6},{"damage":16,"enemies":"Exordium Thugs","floor":7,"turns":6},{"damage":16,"enemies":"Large Slime","floor":10,"turns":5},{"damage":22,"enemies":"Gremlin Gang","floor":12,"turns":5},{"damage":5,"enemies":"Looter","floor":13,"turns":3},{"damage":65,"enemies":"Hexaghost","floor":16,"turns":9},{"damage":13,"enemies":"Spheric Guardian","floor":18,"turns":5},{"damage":16,"enemies":"3 Byrds","floor":22,"turns":6},{"damage":67,"enemies":"Slavers","floor":23,"turns":5}],"event_choices":[{"event_name":"Big Fish","player_choice":"Donut","floor":4,"damage_taken":0},{"event_name":"Cursed Tome","player_choice":"Obtained Book","floor":19,"damage_taken":0},{"event_name":"Beggar","player_choice":"Ignored","floor":21,"damage_taken":0}],"boss_relics":[{"not_picked":["Runic Pyramid","Orrery"],"picked":"Mark of Pain"}],"potions_floor_spawned":[3,7,13,16,18],"seed_played":"1400461077958013968","killed_by":"Slavers","is_trial":false}