{"gold_per_floor":[214,225,32,48,48,78,78,78,148,178,28,59,59,78,78,179,179,197,252,272,290,303,303,334,334,334,334,359,359,359,385,385,487,487,506,517,517,517,529,554,564,597,597,623,637,670,670,680,680,680,680,680,12,46,46],"floor_reached":56,"playtime":5517,"items_purged":["Pain"],"score":1562,"play_id":"bec0eb55-d3c4-4d3a-b736-aa8e03280a17","local_time":"20190312004319","is_ascension_mode":true,"campfire_choices":[{"data":"Zap","floor":8,"key":"SMITH"},{"floor":15,"key":"REST"},{"data":"Dualcast","floor":23,"key":"SMITH"},{"floor":25,"key":"REST"},{"floor":30,"key":"RECALL"},{"floor":32,"key":"REST"},{"floor":47,"key":"REST"},{"floor":49,"key":"REST"},{"data":"Biased Cognition","floor":52,"key":"SMITH"}],"neow_cost":"NONE","seed_source_timestamp":1187594798705037,"circlet_count":0,"master_deck":["Strike_B","Defend_B","Defend_B","Zap+1","Dualcast+1","Go for the Eyes+1","Loop","Biased Cognition+1","Steam+1","Chill+1","Ball Lightning+1","Sweeping Beam","Seek+1","Genetic Algorithm+1","Coolheaded+1","Hologram+1","Go for the Eyes","Electrodynamics","Glacier+1","Core Surge","BootSequence+1","Core Surge+1","Machine Learning+1","Cold Snap+1","Sunder+1","Capacitor+1","Amplify+1","Hello World+1","Lockon","Conserve Battery+1"],"relics":["Cracked Core","Runic Capacitor","Vajra","WarpedTongs","Toxic Egg 2","Art of War","Juzu Bracelet","Sozu","Whetstone","Sundial","Ancient Tea Set","Ice Cream","Astrolabe","Bottled Tornado","Oddly Smooth Stone","Pocketwatch","Pen Nib","Lantern","OrangePellets","Mercury Hourglass","Strawberry","Bag of Marbles"],"potions_floor_usage":[6,16,48,55],"damage_taken":[{"damage":9,"enemies":"Jaw Worm","floor":1,"turns":4},{"damage":0,"enemies":"Small Slimes","floor":2,"turns":3},{"damage":0,"enemies":"Cultist","floor":4,"turns":2},{"damage":16,"enemies":"Lagavulin","floor":6,"turns":5},{"damage":26,"enemies":"3 Sentries","floor":10,"turns":5},{"damage":1,"enemies":"Lagavulin","floor":12,"turns":5},{"damage":2,"enemies":"Red Slaver","floor":14,"turns":3},{"damage":12,"enemies":"The Guardian","floor":16,"turns":10},{"damage":9,"enemies":"3 Byrds","floor":18,"turns":4},{"damage":0,"enemies":"Chosen","floor":20,"turns":4},{"damage":12,"enemies":"Snake Plant","floor":21,"turns":4},{"damage":1,"enemies":"Centurion and Healer","floor":22,"turns":6},{"damage":19,"enemies":"Slavers","floor":24,"turns":6},{"damage":1,"enemies":"Gremlin Leader","floor":28,"turns":5},{"damage":0,"enemies":"Book of Stabbing","floor":31,"turns":5},{"damage":0,"enemies":"Collector","floor":33,"turns":8},{"damage":0,"enemies":"3 Shapes","floor":35,"turns":3},{"damage":0,"enemies":"3 Darklings","floor":36,"turns":3},{"damage":2,"enemies":"4 Shapes","floor":39,"turns":4},{"damage":0,"enemies":"Giant Head","floor":40,"turns":10},{"damage":3,"enemies":"Sphere and 2 Shapes","floor":41,"turns":4},{"damage":0,"enemies":"Nemesis","floor":42,"turns":7},{"damage":0,"enemies":"Giant Head","floor":44,"turns":7},{"damage":20,"enemies":"Writhing Mass","floor":45,"turns":5},{"damage":14,"enemies":"Reptomancer","floor":46,"turns":5},{"damage":5,"enemies":"Transient","floor":48,"turns":5},{"damage":7,"enemies":"Donu and Deca","floor":50,"turns":6},{"damage":27,"enemies":"Shield and Spear","floor":54,"turns":4},{"damage":51,"enemies":"The Heart","floor":55,"turns":9}],"seed_played":"-1532432028967814382","potions_obtained":[{"floor":1,"key":"AttackPotion"},{"floor":2,"key":"GamblersBrew"},{"floor":10,"key":"Strength Potion"},{"floor":14,"key":"Explosive Potion"}],"is_trial":false,"path_per_floor":["M","M","$","M","?","E","?","R","T","E","$","E","?","M","R","B",null,"M","T","M","M","M","R","E","R","T","?","E","?","R","E","R","B",null,"M","M","?","?","M","E","M","E","T","E","M","E","R","M","R","B",null,"R","$","E","B",null],"character_chosen":"DEFECT","items_purchased":["Runic Capacitor","Chill+1","OrangePellets","Mercury Hourglass","Strawberry","Lockon"],"campfire_rested":5,"item_purchase_floors":[3,11,53,53,53,53],"current_hp_per_floor":[66,66,66,66,59,43,43,43,43,17,17,16,21,19,41,29,75,66,66,66,54,53,53,34,56,56,42,41,33,33,33,57,57,80,80,80,80,80,78,78,75,75,75,75,55,41,65,60,80,73,80,80,87,60,9],"gold":46,"neow_bonus":"HUNDRED_GOLD","is_prod":false,"is_daily":false,"chose_seed":false,"campfire_upgraded":3,"win_rate":0,"timestamp":1552365799,"path_taken":["M","M","$","M","?","E","?","R","T","E","$","E","?","M","R","BOSS","M","?","M","M","M","R","E","R","T","?","E","?","R","E","R","BOSS","M","M","?","?","M","E","M","E","T","E","M","E","R","M","R","BOSS","R","$","E","BOSS"],"build_version":"2019-01-23","purchased_purges":1,"victory":true,"max_hp_per_floor":[75,75,75,75,75,75,75,75,75,75,75,75,75,75,75,75,75,75,75,75,75,75,75,75,75,75,80,80,80,80,80,80,80,80,80,80,80,80,80,80,80,80,80,80,80,80,80,80,80,80,80,80,87,87,87],"card_choices":[{"not_picked":["Stack","Turbo"],"picked":"Go for the Eyes","floor":1},{"not_picked":["Storm","Coolheaded"],"picked":"Compile Driver","floor":2},{"not_picked":["Reboot","Chaos"],"picked":"Loop","floor":4},{"not_picked":["Beam Cell","Coolheaded"],"picked":"Biased Cognition","floor":6},{"not_picked":["Stack+1","Go for the Eyes"],"picked":"Steam+1","floor":10},{"not_picked":["Sunder","Electrodynamics"],"picked":"Ball Lightning","floor":12},{"not_picked":["Rebound","Recycle+1"],"picked":"Sweeping Beam","floor":14},{"not_picked":["Amplify+1","Fission+1"],"picked":"Seek+1","floor":16},{"not_picked":["Gash","Sweeping Beam"],"picked":"Genetic Algorithm+1","floor":18},{"not_picked":["Rebound","Streamline"],"picked":"Coolheaded+1","floor":20},{"not_picked":["Turbo+1","Streamline"],"picked":"Hologram+1","floor":21},{"not_picked":["Gash","Scrape","Streamline"],"picked":"SKIP","floor":22},{"not_picked":["Steam+1","Skim+1"],"picked":"Go for the Eyes","floor":24},{"not_picked":["Double Energy+1","Genetic Algorithm+1"],"picked":"Electrodynamics","floor":28},{"not_picked":["Melter","Reinforced Body+1"],"picked":"Glacier+1","floor":31},{"not_picked":["Reboot+1","Thunder Strike"],"picked":"Core Surge","floor":33},{"not_picked":["Aggregate+1","Consume+1"],"picked":"Cold Snap+1","floor":35},{"not_picked":["Stack+1","Rebound+1"],"picked":"Sunder+1","floor":36},{"not_picked":["Steam+1","Scrape","Gash"],"picked":"SKIP","floor":39},{"not_picked":["Auto Shields+1","Redo+1"],"picked":"Capacitor+1","floor":40},{"not_picked":["Rebound+1","Barrage","Cold Snap"],"picked":"SKIP","floor":41},{"not_picked":["Streamline","Rebound","Steam+1"],"picked":"SKIP","floor":42},{"not_picked":["Turbo+1","Steam Power+1","Tempest+1"],"picked":"SKIP","floor":44},{"not_picked":["Go for the Eyes","Compile Driver","Scrape+1"],"picked":"SKIP","floor":45},{"not_picked":["Beam Cell+1","Doom and Gloom+1"],"picked":"Amplify+1","floor":46},{"not_picked":["Genetic Algorithm+1","Beam Cell"],"picked":"Hello World+1","floor":48},{"not_picked":["Beam Cell","Steam+1"],"picked":"Conserve Battery+1","floor":54}],"player_experience":132365,"relics_obtained":[{"floor":6,"key":"Vajra"},{"floor":9,"key":"Toxic Egg 2"},{"floor":10,"key":"Art of War"},{"floor":12,"key":"Juzu Bracelet"},{"floor":24,"key":"Whetstone"},{"floor":26,"key":"Sundial"},{"floor":28,"key":"Ancient Tea Set"},{"floor":31,"key":"Ice Cream"},{"floor":40,"key":"Bottled Tornado"},{"floor":42,"key":"Oddly Smooth Stone"},{"floor":43,"key":"Pocketwatch"},{"floor":44,"key":"Pen Nib"},{"floor":46,"key":"Lantern"},{"floor":54,"key":"Bag of Marbles"}],"event_choices":[{"cards_removed":["Strike_B"],"damage_healed":0,"gold_gain":0,"player_choice":"Card Removal","damage_taken":7,"max_hp_gain":0,"max_hp_loss":0,"event_name":"Golden Wing","floor":5,"gold_loss":0},{"damage_healed":0,"gold_gain":0,"player_choice":"Rummage","damage_taken":0,"relics_obtained":["WarpedTongs"],"max_hp_gain":0,"max_hp_loss":0,"event_name":"Accursed Blacksmith","floor":7,"gold_loss":0,"cards_obtained":["Pain"]},{"cards_removed":["Compile Driver"],"damage_healed":5,"gold_gain":0,"player_choice":"Offered Common","damage_taken":0,"max_hp_gain":0,"max_hp_loss":0,"event_name":"Bonfire Elementals","floor":13,"gold_loss":0},{"cards_removed":["Compile Driver"],"damage_healed":5,"gold_gain":0,"player_choice":"Offered Special","damage_taken":0,"max_hp_gain":0,"max_hp_loss":0,"event_name":"Bonfire Elementals","floor":13,"gold_loss":0},{"damage_healed":0,"gold_gain":0,"player_choice":"Shed Blood","damage_taken":19,"max_hp_gain":5,"max_hp_loss":0,"event_name":"Forgotten Altar","floor":27,"gold_loss":0},{"damage_healed":0,"gold_gain":0,"player_choice":"Damaged","damage_taken":8,"max_hp_gain":0,"max_hp_loss":0,"event_name":"Wheel of Change","floor":29,"gold_loss":0},{"cards_removed":["Defend_B"],"damage_healed":0,"gold_gain":0,"player_choice":"Removed Skill","damage_taken":0,"max_hp_gain":0,"max_hp_loss":0,"event_name":"Falling","floor":37,"gold_loss":0},{"damage_healed":0,"gold_gain":0,"player_choice":"Ignored","damage_taken":0,"max_hp_gain":0,"max_hp_loss":0,"event_name":"SecretPortal","floor":38,"gold_loss":0}],"is_beta":false,"boss_relics":[{"not_picked":["Ectoplasm","Busted Crown"],"picked":"Sozu"},{"not_picked":["Empty Cage","Pandora\u0027s Box"],"picked":"Astrolabe"}],"items_purged_floors":[11],"is_endless":false,"potions_floor_spawned":[1,2,10,14,20,21,24,35,36,40,45,48],"ascension_level":2}