{"path_per_floor":["M","M","$","M","M","R","E","$","T","M","?","R","M","M","R","B",null,"M","?","M","M","M"],"character_chosen":"IRONCLAD","items_purchased":["Iron Wave","Inflame"],"gold_per_floor":[115,133,40,53,66,66,98,23,105,120,120,120,135,149,149,254,254,265,265,284,295,315],"floor_reached":23,"campfire_rested":1,"playtime":1691,"current_hp_per_floor":[80,80,80,75,80,80,72,72,72,54,54,54,55,57,80,53,80,66,80,80,58,26],"items_purged":["Bash"],"gold":315,"play_id":"592a427c-0e79-4040-87a7-aca93c36dc22","is_prod":false,"is_daily":false,"campfire_rituals":0,"campfire_upgraded":2,"is_hardmode":false,"path_taken":["M","M","$","M","M","R","E","$","T","M","?","R","M","M","R","BOSS","M","?","?","M","M","E"],"build_version":"2018-01-04-PROD1","purchased_purges":1,"victory":false,"master_deck":["Strike_R","Strike_R","Strike_R","Strike_R","Strike_R","Defend_R","Defend_R","Defend_R","Defend_R","Cleave","Pummel","Iron Wave","Inflame","Inflame","Sword Boomerang","Anger","Seeing Red","Shrug It Off","Double Tap","True Grit","Hemokinesis","Perfected Strike"],"max_hp_per_floor":[80,80,80,80,80,80,80,80,80,80,80,80,80,80,80,80,80,80,80,80,80,80],"relics":["Burning Blood","Ancient Tea Set","Matryoshka","Question Card"],"campfire_meditates":0,"card_choices":[{"not_picked":["Anger","Uppercut"],"picked":"Cleave"},{"not_picked":["Clash","Thunderclap"],"picked":"Pummel"},{"not_picked":["Bludgeon","Searing Blow"],"picked":"Inflame"},{"not_picked":["Body Slam","Sever Soul"],"picked":"Sword Boomerang"},{"not_picked":["Dropkick","Warcry"],"picked":"Anger"},{"not_picked":["True Grit","Warcry"],"picked":"Seeing Red"},{"not_picked":["Thunderclap","Feel No Pain"],"picked":"Shrug It Off"},{"not_picked":["Brutality","Demon Form"],"picked":"Double Tap"},{"not_picked":["Inflame","Warcry","Dual Wield"],"picked":"Disarm"},{"not_picked":["Clash","Cleave","Hemokinesis"],"picked":"True Grit"},{"not_picked":["Second Wind","Body Slam","Clash"],"picked":"Hemokinesis"},{"not_picked":["Seeing Red","Thunderclap","Body Slam"],"picked":"Perfected Strike"}],"player_experience":1348,"potions_floor_usage":[5,16,16,22,22,23],"damage_taken":[{"damage":0,"enemies":"Small Slimes","floor":1,"turns":3},{"damage":1,"enemies":"2 Louse","floor":2,"turns":3},{"damage":11,"enemies":"Blue Slaver","floor":4,"turns":4},{"damage":9,"enemies":"Exordium Wildlife","floor":5,"turns":4},{"damage":14,"enemies":"Gremlin Nob","floor":7,"turns":3},{"damage":24,"enemies":"Gremlin Gang","floor":10,"turns":4},{"damage":5,"enemies":"Looter","floor":13,"turns":3},{"damage":4,"enemies":"Exordium Thugs","floor":14,"turns":3},{"damage":33,"enemies":"Hexaghost","floor":16,"turns":7},{"damage":20,"enemies":"2 Thieves","floor":18,"turns":3},{"damage":5,"enemies":"Chosen","floor":20,"turns":5},{"damage":28,"enemies":"Snake Plant","floor":21,"turns":4},{"damage":53,"enemies":"Chosen and Byrds","floor":22,"turns":8},{"damage":29,"enemies":"Slavers","floor":23,"turns":1}],"event_choices":[{"event_name":"Living Wall","player_choice":"Grow","floor":11,"damage_taken":0},{"event_name":"Bonfire Elementals","player_choice":"SKILL","floor":19,"damage_taken":0}],"boss_relics":[{"not_picked":["Calling Bell","Black Star"],"picked":"Question Card"}],"potions_floor_spawned":[2,4,10,13,16,20],"seed_played":"4648568747753074584","killed_by":"Slavers","is_trial":false}