{"path_per_floor":["M","?","M","$","M","E","R","E","T","?","M","M","M","E","R","B",null,"M","?","M","?","?","M","E"],"character_chosen":"IRONCLAD","items_purchased":[],"gold_per_floor":[11,186,204,129,146,177,177,207,233,233,244,255,270,296,296,398,398,412,412,422,422,422,442,470],"floor_reached":25,"campfire_rested":0,"playtime":1346,"current_hp_per_floor":[80,80,80,80,80,80,80,68,68,68,75,80,80,60,60,40,80,80,65,57,57,57,39,9],"items_purged":["Doubt"],"gold":470,"play_id":"9e858062-cf13-4bbb-9520-c9739bc1ced1","is_prod":false,"is_daily":false,"campfire_rituals":0,"campfire_upgraded":2,"is_hardmode":false,"path_taken":["M","?","M","$","M","E","R","E","T","?","M","M","M","E","R","BOSS","M","?","M","?","?","M","E","?"],"build_version":"2018-01-11-PROD2","purchased_purges":1,"victory":false,"master_deck":["Strike_R","Strike_R","Strike_R","Defend_R","Defend_R","Defend_R","Defend_R","Bash","Shrug It Off","Rampage","Iron Wave","Seeing Red","Ghostly Armor","Flex","Fiend Fire","Offering","Clothesline"],"max_hp_per_floor":[80,80,80,80,80,80,80,80,80,80,80,80,80,80,80,80,80,80,85,85,85,85,85,85],"relics":["Burning Blood","Whetstone","Regal Pillow","Blood Vial","Oddly Smooth Stone","Snecko Eye","Magic Flower"],"campfire_meditates":0,"card_choices":[{"not_picked":["Intimidate","Sentinel"],"picked":"Iron Wave"},{"not_picked":["Clothesline","Body Slam"],"picked":"Seeing Red"},{"not_picked":["Havoc","Shockwave"],"picked":"Ghostly Armor"},{"not_picked":["Clothesline","Dropkick"],"picked":"Flex"},{"not_picked":["True Grit","Sentinel"],"picked":"Fiend Fire"},{"not_picked":["Impervious","Barricade"],"picked":"Offering"},{"not_picked":["Sword Boomerang","True Grit"],"picked":"Clothesline"}],"player_experience":211133,"potions_floor_usage":[6,6,16,16,24,24,24],"damage_taken":[{"damage":2,"enemies":"2 Louse","floor":1,"turns":3},{"damage":0,"enemies":"Small Slimes","floor":3,"turns":3},{"damage":2,"enemies":"Blue Slaver","floor":5,"turns":4},{"damage":11,"enemies":"Gremlin Nob","floor":6,"turns":5},{"damage":18,"enemies":"Lagavulin","floor":8,"turns":7},{"damage":1,"enemies":"Large Slime","floor":11,"turns":9},{"damage":3,"enemies":"Red Slaver","floor":12,"turns":3},{"damage":0,"enemies":"Looter","floor":13,"turns":4},{"damage":26,"enemies":"3 Sentries","floor":14,"turns":9},{"damage":43,"enemies":"The Guardian","floor":16,"turns":9},{"damage":4,"enemies":"Spheric Guardian","floor":18,"turns":2},{"damage":16,"enemies":"Shell Parasite","floor":20,"turns":3},{"damage":26,"enemies":"Snecko","floor":23,"turns":4},{"damage":38,"enemies":"Book of Stabbing","floor":24,"turns":5},{"damage":14,"enemies":"3 Cultists","floor":25,"turns":3}],"event_choices":[{"event_name":"Liars Game","player_choice":"agreed","floor":2,"damage_taken":0},{"event_name":"The Lab","player_choice":"Got Potions","floor":10,"damage_taken":0},{"event_name":"Forgotten Altar","player_choice":"Shed Blood","floor":19,"damage_taken":0},{"event_name":"Cursed Tome","player_choice":"Ignored","floor":21,"damage_taken":0},{"event_name":"Beggar","player_choice":"Ignored","floor":22,"damage_taken":0}],"boss_relics":[{"not_picked":["Calling Bell","Question Card"],"picked":"Snecko Eye"}],"potions_floor_spawned":[1,5,8,14,20,23],"seed_played":"-4182794886945458220","killed_by":"3 Cultists","is_trial":false}