{"gold_per_floor":[115,127,147,23,33,58,58,58,58,58,68,68,104,104,104,230,230,243,279,298,298,316,316],"floor_reached":23,"playtime":1431,"items_purged":["Strike_G"],"score":271,"play_id":"d0d3eb17-fd72-4c80-8f6b-fb93e00e3151","local_time":"20190822005819","is_ascension_mode":true,"campfire_choices":[{"floor":8,"key":"REST"},{"data":"Neutralize","floor":10,"key":"SMITH"},{"floor":15,"key":"REST"}],"neow_cost":"NONE","seed_source_timestamp":5896583541619486,"circlet_count":0,"master_deck":["Strike_G","Strike_G","Strike_G","Strike_G+1","Defend_G+1","Defend_G","Defend_G","Defend_G","Defend_G+1","Survivor+1","Neutralize+1","Dagger Throw","Poisoned Stab","Blur","PiercingWail","Quick Slash","Dodge and Roll","PiercingWail","Catalyst+1","Burst","PiercingWail","Backflip","Malaise","Dagger Spray+1"],"relics":["Ring of the Snake","Lantern","Letter Opener","Dead Branch","Golden Idol","FossilizedHelix","Sozu","Red Mask","War Paint"],"potions_floor_usage":[16,16],"damage_taken":[{"damage":4,"enemies":"Small Slimes","floor":1,"turns":4},{"damage":0,"enemies":"2 Louse","floor":2,"turns":2},{"damage":0,"enemies":"Jaw Worm","floor":3,"turns":3},{"damage":6,"enemies":"3 Louse","floor":5,"turns":3},{"damage":23,"enemies":"3 Sentries","floor":6,"turns":12},{"damage":0,"enemies":"Exordium Wildlife","floor":11,"turns":3},{"damage":20,"enemies":"Lagavulin","floor":13,"turns":7},{"damage":30,"enemies":"Hexaghost","floor":16,"turns":12},{"damage":23,"enemies":"Spheric Guardian","floor":18,"turns":5},{"damage":5,"enemies":"Masked Bandits","floor":19,"turns":4},{"damage":0,"enemies":"Chosen","floor":20,"turns":6},{"damage":5,"enemies":"Snecko","floor":22,"turns":6},{"damage":17,"enemies":"Book of Stabbing","floor":23,"turns":7}],"seed_played":"-5319012349302983357","potions_obtained":[{"floor":6,"key":"SteroidPotion"},{"floor":11,"key":"Swift Potion"},{"floor":13,"key":"Weak Potion"},{"floor":16,"key":"GhostInAJar"}],"is_trial":false,"path_per_floor":["M","M","M","$","M","E","?","R","T","R","M","?","E","?","R","B",null,"M","?","M","?","M","E"],"character_chosen":"THE_SILENT","items_purchased":["PiercingWail"],"campfire_rested":2,"item_purchase_floors":[4],"current_hp_per_floor":[59,59,59,59,53,30,16,37,37,37,37,37,17,17,36,6,50,27,22,22,22,17,0],"gold":316,"neow_bonus":"RANDOM_COMMON_RELIC","is_prod":false,"is_daily":false,"chose_seed":false,"campfire_upgraded":1,"win_rate":0,"timestamp":1566449899,"path_taken":["M","M","M","$","M","E","?","R","T","R","M","?","E","?","R","BOSS","M","?","M","?","M","E"],"build_version":"2019-07-17","purchased_purges":1,"victory":false,"max_hp_per_floor":[70,70,70,70,70,70,70,70,70,70,70,65,65,65,65,65,65,65,65,65,65,65,65],"card_choices":[{"not_picked":["Quick Slash","Acrobatics"],"picked":"Dagger Throw","floor":1},{"not_picked":["Choke","Expertise"],"picked":"Poisoned Stab","floor":2},{"not_picked":["Choke","Tactician"],"picked":"Blur","floor":3},{"not_picked":["Bane","Tactician"],"picked":"Quick Slash","floor":5},{"not_picked":["Dagger Throw","Escape Plan"],"picked":"Dodge and Roll","floor":6},{"not_picked":["Masterful Stab","Poisoned Stab"],"picked":"PiercingWail","floor":11},{"not_picked":["Dagger Throw","Blade Dance"],"picked":"Catalyst","floor":13},{"not_picked":["Glass Knife","Bullet Time"],"picked":"Burst","floor":16},{"not_picked":["Slice","Prepared"],"picked":"PiercingWail","floor":18},{"not_picked":["Calculated Gamble","Cloak And Dagger"],"picked":"Backflip","floor":19},{"not_picked":["Blade Dance","Outmaneuver"],"picked":"Malaise","floor":20},{"not_picked":["Outmaneuver","Blade Dance"],"picked":"Dagger Spray+1","floor":22}],"player_experience":371606,"relics_obtained":[{"floor":6,"key":"Letter Opener"},{"floor":9,"key":"Dead Branch"},{"floor":13,"key":"FossilizedHelix"},{"floor":19,"key":"Red Mask"}],"event_choices":[{"damage_healed":0,"gold_gain":0,"player_choice":"Entered Light","damage_taken":14,"max_hp_gain":0,"max_hp_loss":0,"event_name":"Shining Light","floor":7,"gold_loss":0,"cards_upgraded":["Strike_G","Defend_G"]},{"damage_healed":0,"gold_gain":0,"player_choice":"Lose Max HP","damage_taken":0,"relics_obtained":["Golden Idol"],"max_hp_gain":0,"max_hp_loss":5,"event_name":"Golden Idol","floor":12,"gold_loss":0},{"damage_healed":0,"gold_gain":0,"player_choice":"Grow","damage_taken":0,"max_hp_gain":0,"max_hp_loss":0,"event_name":"Living Wall","floor":14,"gold_loss":0,"cards_upgraded":["Catalyst"]},{"damage_healed":0,"gold_gain":0,"player_choice":"Fought Bandits","damage_taken":0,"max_hp_gain":0,"max_hp_loss":0,"event_name":"Masked Bandits","floor":19,"gold_loss":0},{"damage_healed":0,"gold_gain":0,"player_choice":"Opened","damage_taken":0,"relics_obtained":["War Paint"],"max_hp_gain":0,"max_hp_loss":0,"event_name":"The Mausoleum","floor":21,"gold_loss":0}],"is_beta":false,"boss_relics":[{"not_picked":["Pandora\u0027s Box","White Beast Statue"],"picked":"Sozu"}],"items_purged_floors":[4],"is_endless":false,"potions_floor_spawned":[6,11,13,16,18,22],"killed_by":"Book of Stabbing","ascension_level":7}