{"gold_per_floor":[113,37,52,67,136,170,183,183,183,210,226,226,226,257,257,352,352,367,367,13,33,132,160,160,160],"floor_reached":25,"playtime":1066,"items_purged":["Strike_B"],"score":311,"play_id":"6ae34a94-e3c3-40f9-b799-73754974435b","local_time":"20190821045541","is_ascension_mode":true,"campfire_choices":[{"data":"Zap","floor":8,"key":"SMITH"},{"floor":15,"key":"REST"},{"data":"Self Repair","floor":24,"key":"SMITH"}],"neow_cost":"NONE","seed_source_timestamp":5824790836737567,"circlet_count":0,"master_deck":["Strike_B","Strike_B","Strike_B","Defend_B","Defend_B","Defend_B","Defend_B","Zap+1","Dualcast","FTL","Melter","Ball Lightning","Sweeping Beam","Doom and Gloom","Doom and Gloom","Conserve Battery","Gash","Capacitor","Machine Learning","Skim+1","Coolheaded","Undo","Steam","Cold Snap","Self Repair+1"],"relics":["Cracked Core","Prayer Wheel","Kunai","Sundial","Pocketwatch","Coffee Dripper","Bag of Preparation","Peace Pipe"],"potions_floor_usage":[6,14,25,25],"damage_taken":[{"damage":1,"enemies":"Cultist","floor":1,"turns":3},{"damage":11,"enemies":"2 Louse","floor":3,"turns":2},{"damage":6,"enemies":"Small Slimes","floor":4,"turns":3},{"damage":8,"enemies":"Gremlin Nob","floor":6,"turns":4},{"damage":16,"enemies":"Blue Slaver","floor":7,"turns":3},{"damage":25,"enemies":"Lagavulin","floor":10,"turns":5},{"damage":0,"enemies":"Large Slime","floor":11,"turns":3},{"damage":13,"enemies":"3 Sentries","floor":14,"turns":3},{"damage":18,"enemies":"Slime Boss","floor":16,"turns":7},{"damage":21,"enemies":"Shell Parasite","floor":18,"turns":3},{"damage":3,"enemies":"Chosen","floor":21,"turns":4},{"damage":22,"enemies":"Gremlin Leader","floor":23,"turns":4},{"damage":52,"enemies":"Slavers","floor":25,"turns":3}],"seed_played":"8276882164430338025","potions_obtained":[{"floor":1,"key":"Swift Potion"},{"floor":4,"key":"Block Potion"},{"floor":10,"key":"Block Potion"},{"floor":11,"key":"Energy Potion"},{"floor":18,"key":"FearPotion"},{"floor":23,"key":"SkillPotion"}],"is_trial":false,"path_per_floor":["M","$","M","M","?","E","M","R","T","E","M","?","?","E","R","B",null,"M","?","$","M","?","E","R","E"],"character_chosen":"DEFECT","items_purchased":["Melter","Coolheaded","Bag of Preparation","Undo"],"campfire_rested":1,"item_purchase_floors":[2,20,20,20],"current_hp_per_floor":[74,74,63,57,57,49,33,33,33,8,8,35,35,22,46,28,69,48,75,75,72,72,50,50,0],"gold":160,"neow_bonus":"TEN_PERCENT_HP_BONUS","is_prod":false,"is_daily":false,"chose_seed":false,"campfire_upgraded":2,"win_rate":0,"timestamp":1566377741,"path_taken":["M","?","M","M","?","E","M","R","T","E","M","?","?","E","R","BOSS","M","?","$","M","?","E","R","E"],"build_version":"2019-07-17","purchased_purges":1,"victory":false,"max_hp_per_floor":[82,82,82,82,82,82,82,82,82,82,82,82,82,82,82,82,82,82,82,82,82,82,82,82,82],"card_choices":[{"not_picked":["Reinforced Body","Hologram"],"picked":"FTL","floor":1},{"not_picked":["Steam Power","Melter"],"picked":"Ball Lightning","floor":3},{"not_picked":["Beam Cell","Aggregate","Rebound"],"picked":"SKIP","floor":4},{"not_picked":["FTL","Rebound"],"picked":"Sweeping Beam","floor":6},{"not_picked":["Sweeping Beam","Gash"],"picked":"Doom and Gloom","floor":7},{"not_picked":["Sweeping Beam","Rainbow"],"picked":"Doom and Gloom","floor":7},{"not_picked":["Scrape","Turbo"],"picked":"Conserve Battery","floor":10},{"not_picked":["Rebound","Hello World"],"picked":"Gash","floor":11},{"not_picked":["Consume","Cold Snap"],"picked":"Capacitor","floor":11},{"not_picked":["Sunder","Doom and Gloom","Rebound"],"picked":"SKIP","floor":14},{"not_picked":["Meteor Strike","Multi-Cast"],"picked":"Machine Learning","floor":16},{"not_picked":["Steam Power+1","Fusion+1"],"picked":"Skim+1","floor":18},{"not_picked":["Darkness","Streamline","Doom and Gloom"],"picked":"SKIP","floor":18},{"not_picked":["Beam Cell+1","Ball Lightning"],"picked":"Steam","floor":21},{"not_picked":["Sweeping Beam","Steam Power"],"picked":"Cold Snap","floor":21},{"not_picked":["Biased Cognition","Go for the Eyes"],"picked":"Self Repair","floor":23}],"player_experience":370540,"relics_obtained":[{"floor":6,"key":"Prayer Wheel"},{"floor":9,"key":"Kunai"},{"floor":10,"key":"Sundial"},{"floor":14,"key":"Pocketwatch"},{"floor":23,"key":"Peace Pipe"}],"event_choices":[{"damage_healed":0,"gold_gain":69,"player_choice":"Gained Gold","damage_taken":0,"max_hp_gain":0,"max_hp_loss":0,"event_name":"Golden Wing","floor":5,"gold_loss":0},{"damage_healed":27,"gold_gain":0,"player_choice":"Banana","damage_taken":0,"max_hp_gain":0,"max_hp_loss":0,"event_name":"Big Fish","floor":12,"gold_loss":0},{"damage_healed":0,"gold_gain":0,"player_choice":"Ignored","damage_taken":0,"max_hp_gain":0,"max_hp_loss":0,"event_name":"Liars Game","floor":13,"gold_loss":0},{"damage_healed":27,"gold_gain":0,"player_choice":"Heal","damage_taken":0,"max_hp_gain":0,"max_hp_loss":0,"event_name":"The Library","floor":19,"gold_loss":0},{"damage_healed":0,"gold_gain":99,"player_choice":"Stole From Cult","damage_taken":0,"max_hp_gain":0,"max_hp_loss":0,"event_name":"Nest","floor":22,"gold_loss":0}],"is_beta":false,"boss_relics":[{"not_picked":["White Beast Statue","Lizard Tail"],"picked":"Coffee Dripper"}],"items_purged_floors":[20],"is_endless":false,"potions_floor_spawned":[1,4,10,11,18,23],"killed_by":"Slavers","ascension_level":6}