{"gold_per_floor":[115,131,9,0,15,15,41,41,67,67,0,14,14,32,32,130,130,142,157,157,157,175,175,175],"floor_reached":24,"playtime":1256,"items_purged":["Strike_R"],"score":235,"play_id":"9a356f34-25ff-4a50-826b-63a5735fdd46","local_time":"20190424012434","is_ascension_mode":true,"campfire_choices":[{"data":"Armaments","floor":6,"key":"SMITH"},{"floor":8,"key":"REST"},{"data":"Disarm","floor":10,"key":"SMITH"},{"floor":15,"key":"REST"},{"data":"Entrench","floor":23,"key":"SMITH"}],"neow_cost":"NONE","seed_source_timestamp":530201463961697,"circlet_count":0,"master_deck":["Strike_R","Strike_R","Strike_R","Strike_R","Defend_R+1","Defend_R","Defend_R","Defend_R+1","Bash","Armaments+1","Disarm+1","Pommel Strike","Pommel Strike","Dual Wield","Rampage","Entrench+1","Burning Pact","Fiend Fire","Wild Strike+1","Thunderclap+1"],"relics":["Burning Blood","Boot","Happy Flower","Coffee Dripper"],"potions_floor_usage":[16,16,16,18,19,19],"damage_taken":[{"damage":5,"enemies":"Small Slimes","floor":1,"turns":4},{"damage":12,"enemies":"Jaw Worm","floor":2,"turns":4},{"damage":8,"enemies":"2 Louse","floor":5,"turns":4},{"damage":61,"enemies":"Gremlin Nob","floor":7,"turns":6},{"damage":16,"enemies":"Looter","floor":12,"turns":3},{"damage":5,"enemies":"Large Slime","floor":14,"turns":7},{"damage":32,"enemies":"The Guardian","floor":16,"turns":13},{"damage":12,"enemies":"Shell Parasite","floor":18,"turns":6},{"damage":1,"enemies":"Chosen","floor":19,"turns":4},{"damage":29,"enemies":"Shelled Parasite and Fungi","floor":22,"turns":7},{"damage":45,"enemies":"Gremlin Leader","floor":24,"turns":5}],"seed_played":"5601305862723513207","potions_obtained":[{"floor":1,"key":"EntropicBrew"},{"floor":5,"key":"FearPotion"},{"floor":12,"key":"Dexterity Potion"},{"floor":18,"key":"SteroidPotion"}],"is_trial":false,"path_per_floor":["M","M","$","?","M","R","E","R","T","R","$","M","?","M","R","B",null,"M","M","?","?","M","R","E"],"character_chosen":"IRONCLAD","items_purchased":["Pommel Strike","Rampage"],"campfire_rested":2,"item_purchase_floors":[3,11],"current_hp_per_floor":[80,74,74,74,72,72,17,41,41,41,41,31,15,16,40,14,80,74,79,79,64,41,41,0],"gold":175,"neow_bonus":"THREE_CARDS","is_prod":false,"is_daily":false,"chose_seed":false,"campfire_upgraded":3,"win_rate":0,"timestamp":1556083474,"path_taken":["M","M","$","?","M","R","E","R","T","R","?","M","?","M","R","BOSS","M","M","?","?","M","R","E"],"build_version":"2019-01-23","purchased_purges":1,"victory":false,"max_hp_per_floor":[80,80,80,80,80,80,80,80,80,80,80,80,80,80,80,80,80,80,80,80,85,85,85,85],"card_choices":[{"not_picked":["Warcry","Anger"],"picked":"Armaments","floor":0},{"not_picked":["Dropkick","Wild Strike"],"picked":"Disarm","floor":1},{"not_picked":["Bloodletting","Fire Breathing","Searing Blow"],"picked":"SKIP","floor":2},{"not_picked":["Bloodletting","Intimidate"],"picked":"Pommel Strike","floor":5},{"not_picked":["Evolve","Rupture"],"picked":"Dual Wield","floor":7},{"not_picked":["Reckless Charge","Wild Strike"],"picked":"Entrench","floor":12},{"not_picked":["Iron Wave","Searing Blow"],"picked":"Burning Pact","floor":14},{"not_picked":["Double Tap","Brutality"],"picked":"Fiend Fire","floor":16},{"not_picked":["Havoc","Blood for Blood"],"picked":"Wild Strike+1","floor":18},{"not_picked":["Warcry","Flex+1"],"picked":"Thunderclap+1","floor":19},{"not_picked":["Thunderclap","Perfected Strike+1","Bloodletting"],"picked":"SKIP","floor":22}],"player_experience":221330,"relics_obtained":[{"floor":7,"key":"Boot"},{"floor":9,"key":"Happy Flower"}],"event_choices":[{"damage_healed":0,"gold_gain":0,"player_choice":"Left Gold","damage_taken":0,"max_hp_gain":0,"max_hp_loss":0,"event_name":"World of Goop","floor":4,"gold_loss":9},{"damage_healed":0,"gold_gain":0,"player_choice":"Entered Light","damage_taken":16,"max_hp_gain":0,"max_hp_loss":0,"event_name":"Shining Light","floor":13,"gold_loss":0,"cards_upgraded":["Defend_R","Defend_R"]},{"damage_healed":0,"gold_gain":0,"player_choice":"Ignored","damage_taken":0,"max_hp_gain":0,"max_hp_loss":0,"event_name":"Ghosts","floor":20,"gold_loss":0},{"damage_healed":0,"gold_gain":0,"player_choice":"Shed Blood","damage_taken":20,"max_hp_gain":5,"max_hp_loss":0,"event_name":"Forgotten Altar","floor":21,"gold_loss":0}],"is_beta":false,"boss_relics":[{"not_picked":["Runic Cube","Astrolabe"],"picked":"Coffee Dripper"}],"items_purged_floors":[3],"is_endless":false,"potions_floor_spawned":[1,5,12,18],"killed_by":"Gremlin Leader","ascension_level":4}