{"gold_per_floor":[109,109,59,71,89,121,121,150,150,166,9,9,20,46,46,46],"floor_reached":16,"playtime":940,"items_purged":[],"score":150,"play_id":"a2507f4c-6e4f-41bb-ba2f-62c164c3bef9","local_time":"20190512233620","is_ascension_mode":true,"campfire_choices":[{"data":"Armaments","floor":7,"key":"SMITH"},{"data":"Forethought","floor":12,"key":"SMITH"},{"data":"True Grit","floor":15,"key":"SMITH"}],"neow_cost":"NONE","seed_source_timestamp":2165617969130172,"circlet_count":0,"master_deck":["Strike_R","Strike_R","Strike_R","Strike_R","Defend_R","Defend_R","Defend_R","Defend_R","Bash+1","Forethought+1","Headbutt","Headbutt","True Grit+1","Armaments+1","Shockwave","Sword Boomerang","Reaper","Disarm","Reaper"],"relics":["Burning Blood","Darkstone Periapt","Bottled Lightning","Mummified Hand","Mercury Hourglass"],"potions_floor_usage":[8,10,14],"damage_taken":[{"damage":3,"enemies":"Jaw Worm","floor":1,"turns":4},{"damage":0,"enemies":"Small Slimes","floor":4,"turns":2},{"damage":0,"enemies":"Cultist","floor":5,"turns":2},{"damage":44,"enemies":"3 Sentries","floor":6,"turns":10},{"damage":28,"enemies":"Gremlin Nob","floor":8,"turns":4},{"damage":0,"enemies":"Lots of Slimes","floor":10,"turns":2},{"damage":4,"enemies":"Large Slime","floor":13,"turns":7},{"damage":35,"enemies":"3 Sentries","floor":14,"turns":9},{"damage":37,"enemies":"The Guardian","floor":16,"turns":12}],"seed_played":"2717441064982826340","potions_obtained":[{"floor":1,"key":"GamblersBrew"},{"floor":4,"key":"Dexterity Potion"},{"floor":8,"key":"Explosive Potion"},{"floor":13,"key":"BloodPotion"}],"is_trial":false,"path_per_floor":["M","?","?","M","M","E","R","E","T","M","$","R","M","E","R","B"],"character_chosen":"IRONCLAD","items_purchased":["Reaper"],"campfire_rested":0,"item_purchase_floors":[11],"current_hp_per_floor":[80,80,80,80,80,42,42,20,20,26,26,26,34,25,25,0],"gold":46,"neow_bonus":"RANDOM_COLORLESS","is_prod":false,"is_daily":false,"chose_seed":false,"campfire_upgraded":3,"win_rate":0,"timestamp":1557718580,"path_taken":["M","?","?","M","M","E","R","E","T","M","$","R","M","E","R","BOSS"],"build_version":"2019-01-23","purchased_purges":0,"victory":false,"max_hp_per_floor":[80,80,80,80,80,80,80,80,80,80,80,80,80,80,80,80],"card_choices":[{"not_picked":["Iron Wave","Anger"],"picked":"Headbutt","floor":1},{"not_picked":["Clash","Sentinel"],"picked":"Headbutt","floor":4},{"not_picked":["Headbutt","Intimidate"],"picked":"True Grit","floor":5},{"not_picked":["Heavy Blade","Anger"],"picked":"Armaments","floor":6},{"not_picked":["Cleave","Havoc"],"picked":"Shockwave","floor":8},{"not_picked":["Flex","Whirlwind"],"picked":"Sword Boomerang","floor":10},{"not_picked":["Blood for Blood","Shockwave"],"picked":"Disarm","floor":13},{"not_picked":["Sever Soul","Dropkick"],"picked":"Reaper","floor":14}],"player_experience":293440,"relics_obtained":[{"floor":6,"key":"Darkstone Periapt"},{"floor":8,"key":"Bottled Lightning"},{"floor":9,"key":"Mummified Hand"},{"floor":14,"key":"Mercury Hourglass"}],"event_choices":[{"damage_healed":0,"gold_gain":0,"player_choice":"Grow","damage_taken":0,"max_hp_gain":0,"max_hp_loss":0,"event_name":"Living Wall","floor":2,"gold_loss":0,"cards_upgraded":["Bash"]},{"cards_removed":["Strike_R"],"damage_healed":0,"gold_gain":0,"player_choice":"Card Removal","damage_taken":0,"max_hp_gain":0,"max_hp_loss":0,"event_name":"The Cleric","floor":3,"gold_loss":50}],"is_beta":false,"boss_relics":[],"items_purged_floors":[],"is_endless":false,"potions_floor_spawned":[1,4,8,13],"killed_by":"The Guardian","ascension_level":5}