{"gold_per_floor":[367,10,10,24,35,35,50,62,62,62,72,72],"floor_reached":12,"playtime":654,"items_purged":["Decay"],"score":97,"play_id":"c08cfec1-6084-4963-91cf-c1b83de15d47","local_time":"20190713234540","is_ascension_mode":true,"campfire_choices":[{"data":"Neutralize","floor":6,"key":"SMITH"},{"floor":10,"key":"REST"}],"neow_cost":"CURSE","seed_source_timestamp":2523437747868816,"circlet_count":0,"master_deck":["Strike_G","Strike_G","Strike_G","Strike_G","Defend_G","Defend_G","Defend_G","Defend_G","Defend_G","Survivor","Neutralize+1","Bouncing Flask","PiercingWail","Calculated Gamble","Deadly Poison","Dagger Spray","Deadly Poison"],"relics":["Ring of the Snake","Membership Card","Blood Vial","Gremlin Horn"],"potions_floor_usage":[],"damage_taken":[{"damage":16,"enemies":"Jaw Worm","floor":1,"turns":6},{"damage":8,"enemies":"Small Slimes","floor":4,"turns":5},{"damage":2,"enemies":"2 Louse","floor":5,"turns":3},{"damage":16,"enemies":"Large Slime","floor":7,"turns":10},{"damage":9,"enemies":"Exordium Thugs","floor":8,"turns":5},{"damage":18,"enemies":"Gremlin Gang","floor":11,"turns":5},{"damage":38,"enemies":"Gremlin Nob","floor":12,"turns":3}],"seed_played":"3406877040934568188","potions_obtained":[{"floor":1,"key":"FearPotion"},{"floor":7,"key":"Energy Potion"},{"floor":11,"key":"SpeedPotion"}],"is_trial":false,"path_per_floor":["M","$","?","M","M","R","M","M","T","R","M","E"],"character_chosen":"THE_SILENT","items_purchased":["Membership Card","Blood Vial"],"campfire_rested":1,"item_purchase_floors":[2,2],"current_hp_per_floor":[47,47,40,34,34,34,20,13,13,34,18,0],"gold":72,"neow_bonus":"TWO_FIFTY_GOLD","is_prod":false,"is_daily":false,"chose_seed":false,"campfire_upgraded":1,"win_rate":0,"timestamp":1563075940,"path_taken":["M","$","?","M","M","R","M","M","T","R","M","E"],"build_version":"2019-07-05","purchased_purges":1,"victory":false,"max_hp_per_floor":[70,70,70,70,70,70,70,70,70,70,70,70],"card_choices":[{"not_picked":["Slice","Dagger Throw"],"picked":"Bouncing Flask","floor":1},{"not_picked":["Sucker Punch","Slice"],"picked":"PiercingWail","floor":4},{"not_picked":["Choke","Dagger Throw"],"picked":"Calculated Gamble","floor":5},{"not_picked":["Quick Slash","Underhanded Strike"],"picked":"Deadly Poison","floor":7},{"not_picked":["Slice","Quick Slash"],"picked":"Dagger Spray","floor":8},{"not_picked":["Prepared","Blade Dance"],"picked":"Deadly Poison","floor":11}],"player_experience":341186,"relics_obtained":[{"floor":9,"key":"Gremlin Horn"}],"event_choices":[{"cards_removed":["Strike_G"],"damage_healed":0,"gold_gain":0,"player_choice":"Card Removal","damage_taken":7,"max_hp_gain":0,"max_hp_loss":0,"event_name":"Golden Wing","floor":3,"gold_loss":0}],"is_beta":false,"boss_relics":[],"items_purged_floors":[2],"is_endless":false,"potions_floor_spawned":[1,7,11],"killed_by":"Gremlin Nob","ascension_level":7}