{"gold_per_floor":[118,131,143,43,43,77,93,93,93,13,24,36,36],"floor_reached":13,"playtime":825,"items_purged":["Strike_G","Defend_G"],"score":100,"play_id":"5dea4570-3351-44f5-a6fa-e2a9c0ed788b","local_time":"20190321174612","is_ascension_mode":true,"campfire_choices":[{"floor":8,"key":"REST"}],"neow_cost":"NONE","seed_source_timestamp":559019360308763,"circlet_count":0,"master_deck":["Defend_G","Defend_G","Defend_G","Defend_G","Strike_G","Strike_G","Strike_G","Survivor","Neutralize","Endless Agony","Dagger Spray","Cloak And Dagger","Poisoned Stab","Dodge and Roll","Deadly Poison+1","Noxious Fumes","PiercingWail+1","Dodge and Roll+1"],"relics":["Ring of the Snake","Toxic Egg 2","The Courier"],"potions_floor_usage":[6,11],"damage_taken":[{"damage":7,"enemies":"2 Louse","floor":1,"turns":4},{"damage":12,"enemies":"Jaw Worm","floor":2,"turns":5},{"damage":7,"enemies":"Small Slimes","floor":3,"turns":3},{"damage":40,"enemies":"Lagavulin","floor":6,"turns":7},{"damage":3,"enemies":"Looter","floor":7,"turns":3},{"damage":5,"enemies":"Gremlin Gang","floor":11,"turns":2},{"damage":18,"enemies":"Exordium Thugs","floor":12,"turns":5},{"damage":11,"enemies":"3 Sentries","floor":13,"turns":6}],"seed_played":"-2561815306102431915","potions_obtained":[{"floor":1,"key":"Explosive Potion"},{"floor":2,"key":"Dexterity Potion"},{"floor":3,"key":"Poison Potion"},{"floor":11,"key":"Weak Potion"}],"is_trial":false,"path_per_floor":["M","M","M","$","?","E","M","R","T","$","M","M","E"],"character_chosen":"THE_SILENT","items_purchased":["Poisoned Stab"],"campfire_rested":1,"item_purchase_floors":[4],"current_hp_per_floor":[70,58,51,51,51,11,8,31,31,31,26,8,0],"gold":36,"neow_bonus":"TEN_PERCENT_HP_BONUS","is_prod":false,"is_daily":false,"chose_seed":false,"campfire_upgraded":0,"win_rate":0,"timestamp":1553204772,"path_taken":["M","M","M","$","?","E","M","R","T","?","M","M","E"],"build_version":"2019-01-23","purchased_purges":2,"victory":false,"max_hp_per_floor":[77,77,77,77,77,77,77,77,77,77,77,77,77],"card_choices":[{"not_picked":["Concentrate","Distraction"],"picked":"Endless Agony","floor":1},{"not_picked":["PiercingWail","Underhanded Strike"],"picked":"Dagger Spray","floor":2},{"not_picked":["Blade Dance","Concentrate"],"picked":"Cloak And Dagger","floor":3},{"not_picked":["Bane","Poisoned Stab"],"picked":"Deadly Poison","floor":6},{"not_picked":["Slice","Riddle With Holes"],"picked":"Noxious Fumes","floor":7},{"not_picked":["Flying Knee","Poisoned Stab"],"picked":"PiercingWail+1","floor":11},{"not_picked":["Phantasmal Killer+1","Underhanded Strike"],"picked":"Dodge and Roll+1","floor":12}],"player_experience":156255,"relics_obtained":[{"floor":6,"key":"Toxic Egg 2"},{"floor":9,"key":"The Courier"}],"event_choices":[{"damage_healed":0,"gold_gain":0,"cards_transformed":["Strike_G"],"player_choice":"Change","damage_taken":0,"max_hp_gain":0,"max_hp_loss":0,"event_name":"Living Wall","floor":5,"gold_loss":0,"cards_obtained":["Dodge and Roll"]}],"is_beta":false,"boss_relics":[],"items_purged_floors":[4,10],"is_endless":false,"potions_floor_spawned":[1,2,3,11],"killed_by":"3 Sentries","ascension_level":3}