{"gold_per_floor":[115,38,38,56,74,74,93,93,191,216,230,253,253,178,178,276,276,289,343,48,65,82,82],"floor_reached":23,"playtime":1491,"items_purged":["Strike_G","Strike_G"],"score":248,"play_id":"9030c8f8-1c2e-4ab8-bde6-c33290673ebb","local_time":"20190504234015","is_ascension_mode":true,"campfire_choices":[{"data":"Neutralize","floor":6,"key":"SMITH"},{"data":"Noxious Fumes","floor":8,"key":"SMITH"},{"data":"Noxious Fumes","floor":13,"key":"SMITH"}],"neow_cost":"NONE","seed_source_timestamp":1474106237323176,"circlet_count":0,"master_deck":["Defend_G+1","Defend_G+1","Defend_G+1","Defend_G+1","Defend_G+1","Strike_G","Strike_G","Survivor","Neutralize+1","Dagger Throw","Noxious Fumes+1","Deadly Poison","Cloak And Dagger","Noxious Fumes+1","Predator","infinitespire:Neurotoxin","Leg Sweep","Escape Plan","ReplayTheSpireMod:The Works","Skewer"],"relics":["Ring of the Snake","ReplayTheSpireMod:Bottled Eggs","Centennial Puzzle","Strawberry","ReplayTheSpireMod:Lightbulb","Fusion Hammer","ReplayFunnel","OrangePellets"],"potions_floor_usage":[16,23,23],"damage_taken":[{"damage":6,"enemies":"Small Slimes","floor":1,"turns":5},{"damage":2,"enemies":"Cultist","floor":4,"turns":4},{"damage":6,"enemies":"Jaw Worm","floor":5,"turns":5},{"damage":7,"enemies":"Blue Slaver","floor":7,"turns":4},{"damage":12,"enemies":"Lagavulin","floor":10,"turns":6},{"damage":12,"enemies":"Exordium Thugs","floor":11,"turns":5},{"damage":14,"enemies":"The Guardian","floor":16,"turns":9},{"damage":10,"enemies":"Chosen","floor":18,"turns":5},{"damage":27,"enemies":"2 Thieves","floor":21,"turns":4},{"damage":0,"enemies":"Snecko","floor":22,"turns":5},{"damage":10,"enemies":"Slavers","floor":23,"turns":2}],"seed_played":"-8060673077527034687","potions_obtained":[{"floor":1,"key":"Explosive Potion"},{"floor":4,"key":"Weak Potion"},{"floor":7,"key":"LifebloodPotion"},{"floor":19,"key":"AttackPotion"}],"is_trial":false,"path_per_floor":["M","?","$","M","M","R","M","R","T","E","M","T","R","$","R","B",null,"M","?","$","M","M","E"],"character_chosen":"THE_SILENT","items_purchased":["OrangePellets"],"campfire_rested":0,"item_purchase_floors":[20],"current_hp_per_floor":[64,64,64,62,56,56,49,49,49,44,32,32,32,32,32,18,68,58,37,37,10,10,0],"gold":82,"neow_bonus":"TEN_PERCENT_HP_BONUS","is_prod":false,"is_daily":false,"chose_seed":false,"campfire_upgraded":3,"win_rate":0,"timestamp":1557027615,"path_taken":["M","?","?","M","M","R","M","R","T","E","M","?","R","$","R","BOSS","M","?","?","M","M","E"],"build_version":"2019-01-23","purchased_purges":2,"victory":false,"max_hp_per_floor":[77,77,77,77,77,77,77,77,77,84,84,84,84,84,84,84,84,84,84,84,84,84,84],"card_choices":[{"not_picked":["Calculated Gamble","Expertise"],"picked":"Dagger Throw","floor":1},{"not_picked":["Slice","Bane","Hidden Blade"],"picked":"SKIP","floor":4},{"not_picked":["Caltrops","Heel Hook"],"picked":"Noxious Fumes","floor":5},{"not_picked":["Slice","Prepared"],"picked":"Deadly Poison","floor":7},{"not_picked":["Hidden Blade","Masterful Stab"],"picked":"Cloak And Dagger","floor":10},{"not_picked":["Poisoned Stab","Slice"],"picked":"Noxious Fumes","floor":11},{"not_picked":["Phantasmal Killer","Burst"],"picked":"infinitespire:Neurotoxin","floor":16},{"not_picked":["Catalyst","Flying Knee"],"picked":"Leg Sweep","floor":18},{"not_picked":["Outmaneuver+1","Underhanded Strike"],"picked":"Escape Plan","floor":19},{"not_picked":["Terror+1","ReplayTheSpireMod:Tripwire"],"picked":"ReplayTheSpireMod:The Works","floor":19},{"not_picked":["Choke","Accuracy","Acrobatics"],"picked":"SKIP","floor":21},{"not_picked":["Deadly Poison","Eviscerate"],"picked":"Skewer","floor":22}],"player_experience":272180,"relics_obtained":[{"floor":9,"key":"Centennial Puzzle"},{"floor":10,"key":"Strawberry"},{"floor":12,"key":"ReplayTheSpireMod:Lightbulb"},{"floor":19,"key":"ReplayFunnel"}],"event_choices":[{"damage_healed":0,"gold_gain":0,"player_choice":"Paid Gold","damage_taken":0,"relics_obtained":["ReplayTheSpireMod:Bottled Eggs"],"max_hp_gain":0,"max_hp_loss":0,"event_name":"WeMeetAgain","floor":2,"gold_loss":77}],"is_beta":false,"boss_relics":[{"not_picked":["Empty Cage","ReplayTheSpireMod:SealedPack"],"picked":"Fusion Hammer"}],"items_purged_floors":[14,20],"is_endless":false,"potions_floor_spawned":[1,4,7],"killed_by":"Slavers","ascension_level":6}