{"gold_per_floor":[112,15,15,28,43,43,74,74,127,142,142,170,170,184,184,284,284,298,315,335,335,354,354,388,408,408,443,454,454,471,500,500,596,596,613,623,623,637,637],"floor_reached":39,"playtime":2269,"items_purged":["Parasite"],"score":569,"play_id":"5cae48a3-5fd1-4a72-9109-b9ab7289c8bf","local_time":"20190516234725","is_ascension_mode":true,"campfire_choices":[{"data":"True Grit","floor":6,"key":"SMITH"},{"data":"Uppercut","floor":8,"key":"SMITH"},{"data":"Bash","floor":11,"key":"SMITH"},{"data":"Burning Pact","floor":13,"key":"SMITH"},{"floor":15,"key":"REST"},{"floor":23,"key":"REST"},{"floor":32,"key":"REST"}],"neow_cost":"CURSE","seed_source_timestamp":2510545977813099,"circlet_count":0,"master_deck":["Strike_R","Strike_R","Strike_R","Strike_R","Defend_R","Defend_R","Defend_R","Defend_R","Bash+1","Uppercut+1","True Grit+1","Pommel Strike","Wild Strike","Heavy Blade","Burning Pact+1","Impervious","Body Slam+1","Disarm+1","Flame Barrier","Sword Boomerang","Limit Break","Flex","Feed","Flame Barrier+1"],"relics":["Burning Blood","Shovel","Omamori","Bag of Marbles","Happy Flower","Anchor","Fusion Hammer","Dream Catcher","Mummified Hand","Turnip","Ginger","Sundial","Snecko Eye"],"potions_floor_usage":[18,22,24,27,31,33,33,38],"damage_taken":[{"damage":4,"enemies":"2 Louse","floor":1,"turns":4},{"damage":0,"enemies":"Small Slimes","floor":4,"turns":3},{"damage":4,"enemies":"Cultist","floor":5,"turns":3},{"damage":28,"enemies":"Gremlin Nob","floor":7,"turns":4},{"damage":8,"enemies":"Looter","floor":10,"turns":2},{"damage":21,"enemies":"3 Sentries","floor":12,"turns":8},{"damage":8,"enemies":"Large Slime","floor":14,"turns":5},{"damage":34,"enemies":"Slime Boss","floor":16,"turns":9},{"damage":18,"enemies":"3 Byrds","floor":18,"turns":6},{"damage":18,"enemies":"Spheric Guardian","floor":19,"turns":4},{"damage":7,"enemies":"Snecko","floor":20,"turns":3},{"damage":32,"enemies":"Centurion and Healer","floor":22,"turns":5},{"damage":27,"enemies":"Slavers","floor":24,"turns":7},{"damage":9,"enemies":"Snake Plant","floor":25,"turns":3},{"damage":3,"enemies":"Gremlin Leader","floor":27,"turns":6},{"damage":4,"enemies":"Shelled Parasite and Fungi","floor":28,"turns":5},{"damage":24,"enemies":"3 Cultists","floor":30,"turns":7},{"damage":18,"enemies":"Slavers","floor":31,"turns":5},{"damage":22,"enemies":"Champ","floor":33,"turns":9},{"damage":42,"enemies":"3 Darklings","floor":35,"turns":9},{"damage":18,"enemies":"3 Shapes","floor":36,"turns":4},{"damage":1,"enemies":"Maw","floor":38,"turns":8},{"damage":35,"enemies":"Sphere and 2 Shapes","floor":39,"turns":3}],"seed_played":"-4086308690959581146","potions_obtained":[{"floor":1,"key":"Explosive Potion"},{"floor":7,"key":"Swift Potion"},{"floor":10,"key":"GamblersBrew"},{"floor":12,"key":"BloodPotion"},{"floor":20,"key":"BloodPotion"},{"floor":22,"key":"BloodPotion"},{"floor":25,"key":"Weak Potion"},{"floor":27,"key":"Regen Potion"},{"floor":31,"key":"Strength Potion"},{"floor":33,"key":"LiquidBronze"},{"floor":35,"key":"Weak Potion"}],"is_trial":false,"path_per_floor":["M","$","?","M","M","R","E","R","T","M","R","E","R","M","R","B",null,"M","M","M","?","M","R","E","M","T","E","M","?","M","E","R","B",null,"M","M","?","M","M"],"character_chosen":"IRONCLAD","items_purchased":["True Grit"],"campfire_rested":3,"item_purchase_floors":[2],"current_hp_per_floor":[80,77,65,71,73,73,51,51,51,49,49,34,34,32,55,27,65,60,48,47,47,28,51,37,34,34,37,39,39,21,23,46,30,65,29,20,20,25,0],"gold":637,"neow_bonus":"ONE_RARE_RELIC","is_prod":false,"is_daily":false,"chose_seed":false,"campfire_upgraded":4,"win_rate":0,"timestamp":1558064845,"path_taken":["M","$","?","M","M","R","E","R","T","M","R","E","R","M","R","BOSS","M","M","M","?","M","R","E","?","T","E","M","?","M","E","R","BOSS","M","M","?","?","M"],"build_version":"2019-01-23","purchased_purges":1,"victory":false,"max_hp_per_floor":[80,77,77,77,77,77,77,77,77,77,77,77,77,77,77,77,77,77,77,77,77,77,77,77,77,77,77,77,77,77,77,77,77,77,77,80,80,80,80],"card_choices":[{"not_picked":["True Grit","Carnage"],"picked":"Uppercut","floor":1},{"not_picked":["Heavy Blade","Dropkick"],"picked":"Pommel Strike","floor":4},{"not_picked":["Combust","Havoc"],"picked":"Wild Strike","floor":5},{"not_picked":["Flex","Twin Strike"],"picked":"Heavy Blade","floor":7},{"not_picked":["Thunderclap","Clothesline"],"picked":"Burning Pact","floor":10},{"not_picked":["Thunderclap","True Grit","Pommel Strike"],"picked":"SKIP","floor":12},{"not_picked":["Twin Strike","Heavy Blade","Infernal Blade"],"picked":"SKIP","floor":14},{"not_picked":["Brutality","Double Tap"],"picked":"Impervious","floor":16},{"not_picked":["Carnage","Uppercut","Evolve"],"picked":"SKIP","floor":18},{"not_picked":["Iron Wave","Warcry","Havoc"],"picked":"SKIP","floor":19},{"not_picked":["Entrench","Evolve"],"picked":"Body Slam+1","floor":20},{"not_picked":["Pommel Strike","Blood for Blood","Fire Breathing"],"picked":"SKIP","floor":22},{"not_picked":["Pummel","Headbutt+1"],"picked":"Disarm+1","floor":24},{"not_picked":["Sever Soul","Wild Strike"],"picked":"Flame Barrier","floor":25},{"not_picked":["Power Through","Hemokinesis"],"picked":"Sword Boomerang","floor":27},{"not_picked":["Searing Blow","Sentinel","Thunderclap"],"picked":"SKIP","floor":28},{"not_picked":["Hemokinesis+1","Dual Wield+1"],"picked":"Limit Break","floor":30},{"not_picked":["Warcry","Armaments"],"picked":"Flex","floor":31},{"not_picked":["Fiend Fire","Brutality"],"picked":"Feed","floor":33},{"not_picked":["Pommel Strike","Carnage"],"picked":"Flame Barrier+1","floor":35},{"not_picked":["Ghostly Armor","Wild Strike","True Grit"],"picked":"SKIP","floor":36},{"not_picked":["Heavy Blade","Twin Strike+1","Armaments"],"picked":"SKIP","floor":38}],"player_experience":296649,"relics_obtained":[{"floor":7,"key":"Bag of Marbles"},{"floor":9,"key":"Happy Flower"},{"floor":12,"key":"Anchor"},{"floor":24,"key":"Dream Catcher"},{"floor":26,"key":"Mummified Hand"},{"floor":27,"key":"Turnip"},{"floor":31,"key":"Sundial"}],"event_choices":[{"damage_healed":0,"gold_gain":0,"player_choice":"Success","damage_taken":12,"relics_obtained":["Omamori"],"max_hp_gain":0,"max_hp_loss":0,"event_name":"Scrap Ooze","floor":3,"gold_loss":0},{"cards_removed":["Strike_R"],"damage_healed":0,"gold_gain":0,"player_choice":"Purged","damage_taken":0,"max_hp_gain":0,"max_hp_loss":0,"event_name":"Purifier","floor":21,"gold_loss":0},{"damage_healed":0,"gold_gain":0,"player_choice":"Opened","damage_taken":0,"relics_obtained":["Ginger"],"max_hp_gain":0,"max_hp_loss":0,"event_name":"The Mausoleum","floor":29,"gold_loss":0,"cards_obtained":["Writhe"]},{"damage_healed":0,"gold_gain":0,"player_choice":"Ignored","damage_taken":0,"max_hp_gain":0,"max_hp_loss":0,"event_name":"SecretPortal","floor":37,"gold_loss":0}],"is_beta":false,"boss_relics":[{"not_picked":["Sozu","Philosopher\u0027s Stone"],"picked":"Fusion Hammer"},{"not_picked":["Busted Crown","Empty Cage"],"picked":"Snecko Eye"}],"items_purged_floors":[2],"is_endless":false,"potions_floor_spawned":[1,7,10,12,16,20,22,25,27,31,33,35],"killed_by":"Sphere and 2 Shapes","ascension_level":5}