{"gold_per_floor":[114,130,146,49,49,49,78,96,96,122,138,165,265,265],"floor_reached":14,"playtime":1025,"items_purged":["Strike_B"],"score":127,"play_id":"8831a86e-658a-41fa-ad10-5ada30000a63","local_time":"20190318004559","is_ascension_mode":true,"campfire_choices":[{"data":"Zap","floor":6,"key":"SMITH"}],"neow_cost":"NONE","seed_source_timestamp":238406546914406,"circlet_count":0,"master_deck":["Strike_B","Strike_B","Strike_B","Defend_B","Defend_B","Defend_B","Defend_B","Zap+1","Dualcast","Go for the Eyes","Leap","Sunder","Coolheaded","Pain","Echo Form","Capacitor","Glacier","Coolheaded"],"relics":["Cracked Core","WarpedTongs","Shovel","Shuriken","Smiling Mask"],"potions_floor_usage":[10,12,14,14],"damage_taken":[{"damage":2,"enemies":"2 Louse","floor":1,"turns":3},{"damage":3,"enemies":"Cultist","floor":2,"turns":4},{"damage":15,"enemies":"Small Slimes","floor":3,"turns":4},{"damage":12,"enemies":"3 Sentries","floor":7,"turns":8},{"damage":15,"enemies":"Blue Slaver","floor":8,"turns":3},{"damage":25,"enemies":"Lagavulin","floor":10,"turns":6},{"damage":4,"enemies":"Large Slime","floor":11,"turns":5},{"damage":12,"enemies":"3 Sentries","floor":12,"turns":8},{"damage":15,"enemies":"Gremlin Nob","floor":14,"turns":3}],"seed_played":"-2783411403613794304","potions_obtained":[{"floor":1,"key":"Dexterity Potion"},{"floor":7,"key":"Poison Potion"},{"floor":8,"key":"Regen Potion"},{"floor":11,"key":"Explosive Potion"}],"is_trial":false,"path_per_floor":["M","M","M","$","?","R","E","M","T","E","M","E","?","E"],"character_chosen":"DEFECT","items_purchased":["Coolheaded"],"campfire_rested":0,"item_purchase_floors":[4],"current_hp_per_floor":[80,77,62,62,62,62,50,35,35,25,21,9,9,0],"gold":265,"neow_bonus":"TEN_PERCENT_HP_BONUS","is_prod":false,"is_daily":false,"chose_seed":false,"campfire_upgraded":1,"win_rate":0,"timestamp":1552884359,"path_taken":["M","M","M","$","?","R","E","?","T","E","M","E","?","E"],"build_version":"2019-01-23","purchased_purges":1,"victory":false,"max_hp_per_floor":[82,82,82,82,82,82,82,82,82,82,82,82,82,82],"card_choices":[{"not_picked":["Leap","Barrage"],"picked":"Go for the Eyes","floor":1},{"not_picked":["Beam Cell","Streamline"],"picked":"Leap","floor":2},{"not_picked":["Rebound","Reprogram"],"picked":"Sunder","floor":3},{"not_picked":["Chill","Gash"],"picked":"Echo Form","floor":7},{"not_picked":["Redo","Coolheaded"],"picked":"Capacitor","floor":8},{"not_picked":["Coolheaded","Gash"],"picked":"Glacier","floor":10},{"not_picked":["Force Field","Melter","Redo"],"picked":"SKIP","floor":11},{"not_picked":["Aggregate","Stack"],"picked":"Coolheaded","floor":12}],"player_experience":150548,"relics_obtained":[{"floor":7,"key":"Shovel"},{"floor":10,"key":"Shuriken"},{"floor":12,"key":"Smiling Mask"}],"event_choices":[{"damage_healed":0,"gold_gain":0,"player_choice":"Rummage","damage_taken":0,"relics_obtained":["WarpedTongs"],"max_hp_gain":0,"max_hp_loss":0,"event_name":"Accursed Blacksmith","floor":5,"gold_loss":0,"cards_obtained":["Pain"]},{"damage_healed":0,"gold_gain":100,"player_choice":"Pray","damage_taken":0,"max_hp_gain":0,"max_hp_loss":0,"event_name":"Golden Shrine","floor":13,"gold_loss":0}],"is_beta":false,"boss_relics":[],"items_purged_floors":[4],"is_endless":false,"potions_floor_spawned":[1,7,8,11],"killed_by":"Gremlin Nob","ascension_level":3}