{"gold_per_floor":[109,109,122,122,135,167,185,218,218,218,229,243,62,89,89,194,194,164,164,184,197,45,45,77,77,147,165,165,177,196,196],"floor_reached":31,"playtime":3128,"items_purged":["Defend_G","Pain"],"score":318,"play_id":"cea8dabd-9d37-4281-8337-37a9a3d15a72","local_time":"20190309050014","is_ascension_mode":true,"campfire_choices":[{"floor":10,"key":"REST"},{"data":"Neutralize","floor":15,"key":"SMITH"},{"floor":23,"key":"REST"}],"neow_cost":"NONE","seed_source_timestamp":949813694099247,"circlet_count":0,"master_deck":["Defend_G","Defend_G+1","Defend_G","Strike_G","Strike_G+1","Survivor","Neutralize+1","Noxious Fumes","Deadly Poison","Dagger Throw","Predator","Deflect","Leg Sweep","Tactician","Dagger Spray","Footwork","Blur","PiercingWail","After Image","Phantasmal Killer+1","Dodge and Roll+1","A Thousand Cuts+1","Terror","Dash","Leg Sweep+1","Writhe"],"relics":["Ring of the Snake","Potion Belt","Mercury Hourglass","Shuriken","Pear","Astrolabe","WarpedTongs","Singing Bowl","Peace Pipe","Frozen Egg 2","Ice Cream"],"potions_floor_usage":[6,14,16,20,24,29,30,31],"damage_taken":[{"damage":0,"enemies":"Small Slimes","floor":1,"turns":4},{"damage":7,"enemies":"2 Louse","floor":3,"turns":4},{"damage":0,"enemies":"Jaw Worm","floor":5,"turns":4},{"damage":11,"enemies":"3 Sentries","floor":6,"turns":7},{"damage":8,"enemies":"Exordium Wildlife","floor":7,"turns":7},{"damage":23,"enemies":"Lagavulin","floor":8,"turns":7},{"damage":0,"enemies":"Exordium Thugs","floor":11,"turns":5},{"damage":0,"enemies":"Blue Slaver","floor":12,"turns":3},{"damage":8,"enemies":"Gremlin Nob","floor":14,"turns":4},{"damage":5,"enemies":"Hexaghost","floor":16,"turns":10},{"damage":13,"enemies":"2 Thieves","floor":18,"turns":5},{"damage":19,"enemies":"Chosen","floor":20,"turns":6},{"damage":31,"enemies":"Centurion and Healer","floor":21,"turns":7},{"damage":54,"enemies":"Gremlin Leader","floor":24,"turns":8},{"damage":1,"enemies":"Shelled Parasite and Fungi","floor":27,"turns":8},{"damage":0,"enemies":"Snake Plant","floor":29,"turns":5},{"damage":0,"enemies":"Chosen and Byrds","floor":30,"turns":9},{"damage":24,"enemies":"Slavers","floor":31,"turns":4}],"seed_played":"-2200027904160301506","potions_obtained":[{"floor":1,"key":"Explosive Potion"},{"floor":12,"key":"EssenceOfSteel"},{"floor":14,"key":"SkillPotion"},{"floor":16,"key":"Regen Potion"},{"floor":24,"key":"Swift Potion"},{"floor":29,"key":"Regen Potion"},{"floor":30,"key":"PowerPotion"}],"is_trial":false,"path_per_floor":["M","?","M","?","M","E","M","E","T","R","M","M","$","E","R","B",null,"M","?","M","M","$","R","E","?","T","M","T","M","M","E"],"character_chosen":"THE_SILENT","items_purchased":["Footwork","Blur","PowerPotion"],"campfire_rested":2,"item_purchase_floors":[13,13,22],"current_hp_per_floor":[77,70,63,48,48,37,29,6,6,29,29,29,29,31,31,26,87,74,74,64,33,33,59,7,7,7,8,8,10,24,0],"gold":196,"neow_bonus":"TEN_PERCENT_HP_BONUS","is_prod":false,"is_daily":false,"chose_seed":false,"campfire_upgraded":1,"win_rate":0,"timestamp":1552125614,"path_taken":["M","?","M","?","M","E","M","E","T","R","M","?","$","E","R","BOSS","M","?","M","M","?","R","E","?","T","M","?","M","M","E"],"build_version":"2019-01-23","purchased_purges":2,"victory":false,"max_hp_per_floor":[77,77,77,77,77,77,77,77,77,77,77,77,77,87,87,87,87,87,87,87,87,87,87,89,89,89,91,91,93,95,95],"card_choices":[{"not_picked":["Concentrate","Prepared"],"picked":"Noxious Fumes","floor":1},{"not_picked":["Underhanded Strike","Flying Knee"],"picked":"Deadly Poison","floor":3},{"not_picked":["Deflect","Accuracy"],"picked":"Dagger Throw","floor":5},{"not_picked":["Deflect","Choke"],"picked":"Predator","floor":6},{"not_picked":["Prepared","Blade Dance"],"picked":"Deflect","floor":7},{"not_picked":["Crippling Poison","Die Die Die"],"picked":"Leg Sweep","floor":8},{"not_picked":["Outmaneuver","Prepared"],"picked":"Tactician","floor":11},{"not_picked":["Backflip","All Out Attack"],"picked":"Dagger Spray","floor":12},{"not_picked":["Quick Slash","Underhanded Strike"],"picked":"PiercingWail","floor":14},{"not_picked":["Adrenaline","Phantasmal Killer"],"picked":"After Image","floor":16},{"not_picked":["Bane+1","Dagger Spray"],"picked":"Terror","floor":18},{"not_picked":["Outmaneuver+1","Calculated Gamble"],"picked":"Dash","floor":20},{"not_picked":["Poisoned Stab","Deadly Poison"],"picked":"Leg Sweep+1","floor":21},{"not_picked":["Choke","Prepared+1","Calculated Gamble+1"],"picked":"Singing Bowl","floor":24},{"not_picked":["Concentrate","Flying Knee","Accuracy+1"],"picked":"Singing Bowl","floor":27},{"not_picked":["Concentrate","Night Terror","Deadly Poison"],"picked":"Singing Bowl","floor":29},{"not_picked":["Quick Slash","Blade Dance","Reflex+1"],"picked":"Singing Bowl","floor":30}],"player_experience":113987,"relics_obtained":[{"floor":6,"key":"Potion Belt"},{"floor":8,"key":"Mercury Hourglass"},{"floor":9,"key":"Shuriken"},{"floor":14,"key":"Pear"},{"floor":24,"key":"Singing Bowl"},{"floor":26,"key":"Frozen Egg 2"},{"floor":28,"key":"Ice Cream"}],"event_choices":[{"cards_removed":["Strike_G"],"damage_healed":0,"gold_gain":0,"player_choice":"Card Removal","damage_taken":7,"max_hp_gain":0,"max_hp_loss":0,"event_name":"Golden Wing","floor":2,"gold_loss":0},{"damage_healed":0,"gold_gain":0,"player_choice":"Entered Light","damage_taken":15,"max_hp_gain":0,"max_hp_loss":0,"event_name":"Shining Light","floor":4,"gold_loss":0,"cards_upgraded":["Defend_G","Strike_G"]},{"damage_healed":0,"gold_gain":0,"player_choice":"Rummage","damage_taken":0,"relics_obtained":["WarpedTongs"],"max_hp_gain":0,"max_hp_loss":0,"event_name":"Accursed Blacksmith","floor":19,"gold_loss":0,"cards_obtained":["Pain"]},{"damage_healed":0,"gold_gain":0,"player_choice":"Opened","damage_taken":0,"relics_obtained":["Peace Pipe"],"max_hp_gain":0,"max_hp_loss":0,"event_name":"The Mausoleum","floor":25,"gold_loss":0,"cards_obtained":["Writhe"]}],"is_beta":false,"boss_relics":[{"not_picked":["Empty Cage","WristBlade"],"picked":"Astrolabe"}],"items_purged_floors":[13,22],"is_endless":false,"potions_floor_spawned":[1,12,14,16,24,29,30],"killed_by":"Slavers","ascension_level":1}