{"gold_per_floor":[139,149,167,167,167,202,219,247,247,261,293,309,309,55,55,154,154,168,193,193,213,223,223,254,266,266,266,280,280,315,334,334,334],"floor_reached":33,"playtime":1809,"items_purged":[],"score":411,"play_id":"9b59498e-3b53-42f1-bd8a-e260b0d74ac6","local_time":"20190724235025","is_ascension_mode":true,"campfire_choices":[{"data":"Armaments","floor":13,"key":"SMITH"},{"floor":15,"key":"REST"},{"data":"Corruption","floor":23,"key":"SMITH"},{"data":"Uppercut","floor":29,"key":"SMITH"},{"data":"Feed","floor":32,"key":"SMITH"}],"neow_cost":"NONE","seed_source_timestamp":3472958360815254,"circlet_count":0,"master_deck":["Strike_R+1","Strike_R+1","Strike_R+1","Strike_R+1","Strike_R+1","Defend_R+1","Defend_R+1","Defend_R+1","Defend_R+1","Bash+1","Flame Barrier","Shrug It Off","Anger","Cleave","Armaments+1","Spot Weakness","Disarm","Corruption+1","Feed+1","Shrug It Off","Heavy Blade","Sword Boomerang","Uppercut+1","Disarm+1","Offering","Havoc+1"],"relics":["Burning Blood","Tiny Chest","Red Skull","Mummified Hand","Magic Flower","Bird Faced Urn","Shuriken","Coffee Dripper","Red Mask","Darkstone Periapt","Kunai","Strawberry","The Courier"],"potions_floor_usage":[24,33,33],"damage_taken":[{"damage":19,"enemies":"Jaw Worm","floor":1,"turns":5},{"damage":4,"enemies":"2 Louse","floor":2,"turns":3},{"damage":0,"enemies":"Small Slimes","floor":3,"turns":4},{"damage":29,"enemies":"Lagavulin","floor":6,"turns":9},{"damage":9,"enemies":"Blue Slaver","floor":7,"turns":4},{"damage":28,"enemies":"Gremlin Nob","floor":8,"turns":5},{"damage":3,"enemies":"Exordium Thugs","floor":10,"turns":3},{"damage":18,"enemies":"3 Sentries","floor":11,"turns":6},{"damage":0,"enemies":"Exordium Wildlife","floor":12,"turns":2},{"damage":42,"enemies":"The Guardian","floor":16,"turns":10},{"damage":28,"enemies":"2 Thieves","floor":18,"turns":3},{"damage":24,"enemies":"Masked Bandits","floor":19,"turns":5},{"damage":6,"enemies":"Chosen","floor":21,"turns":5},{"damage":2,"enemies":"Snecko","floor":22,"turns":5},{"damage":54,"enemies":"Gremlin Leader","floor":24,"turns":6},{"damage":21,"enemies":"Shelled Parasite and Fungi","floor":25,"turns":3},{"damage":6,"enemies":"Chosen and Byrds","floor":28,"turns":6},{"damage":24,"enemies":"Slavers","floor":30,"turns":3},{"damage":10,"enemies":"3 Cultists","floor":31,"turns":5},{"damage":34,"enemies":"Automaton","floor":33,"turns":6}],"seed_played":"-4388846271642678027","potions_obtained":[{"floor":1,"key":"Swift Potion"},{"floor":3,"key":"SpeedPotion"},{"floor":7,"key":"LiquidBronze"},{"floor":8,"key":"Strength Potion"},{"floor":24,"key":"FairyPotion"},{"floor":31,"key":"Energy Potion"}],"is_trial":false,"path_per_floor":["M","M","M","?","?","E","M","E","T","M","E","M","R","$","R","B",null,"M","?","?","M","M","R","E","M","T","T","M","R","E","M","R","B"],"character_chosen":"IRONCLAD","items_purchased":["Shuriken"],"campfire_rested":1,"item_purchase_floors":[14],"current_hp_per_floor":[67,69,75,80,80,57,54,32,32,38,29,38,38,38,63,30,71,57,47,47,53,63,63,18,23,23,30,36,36,21,25,25,0],"gold":334,"neow_bonus":"RANDOM_COMMON_RELIC","is_prod":false,"is_daily":false,"chose_seed":false,"campfire_upgraded":4,"win_rate":0,"timestamp":1564026625,"path_taken":["M","M","M","?","?","E","M","E","T","M","E","?","R","$","R","BOSS","M","?","?","M","M","R","E","M","T","?","?","R","E","M","R","BOSS"],"build_version":"2019-07-17","purchased_purges":0,"victory":false,"max_hp_per_floor":[80,80,80,85,85,85,85,85,85,85,85,85,85,85,85,85,85,88,91,91,91,91,91,91,91,91,98,98,98,98,101,101,101],"card_choices":[{"not_picked":["Hemokinesis","Flex"],"picked":"Flame Barrier","floor":1},{"not_picked":["Heavy Blade","Burning Pact"],"picked":"Shrug It Off","floor":2},{"not_picked":["Carnage","Pummel"],"picked":"Anger","floor":3},{"not_picked":["Power Through","Second Wind"],"picked":"Cleave","floor":6},{"not_picked":["Whirlwind","Impervious"],"picked":"Armaments","floor":7},{"not_picked":["Shrug It Off","Heavy Blade"],"picked":"Spot Weakness","floor":8},{"not_picked":["Sword Boomerang","Body Slam"],"picked":"Disarm","floor":10},{"not_picked":["Rupture","Dropkick","Thunderclap"],"picked":"SKIP","floor":11},{"not_picked":["Shockwave","Power Through"],"picked":"Corruption","floor":12},{"not_picked":["Exhume","Limit Break"],"picked":"Feed","floor":16},{"not_picked":["Clash","Searing Blow"],"picked":"Shrug It Off","floor":18},{"not_picked":["Iron Wave","Intimidate"],"picked":"Heavy Blade","floor":19},{"not_picked":["Pommel Strike","Perfected Strike"],"picked":"Sword Boomerang","floor":21},{"not_picked":["Cleave","Inflame+1"],"picked":"Uppercut","floor":22},{"not_picked":["Anger","Pommel Strike"],"picked":"Disarm+1","floor":24},{"not_picked":["Perfected Strike","Wild Strike+1"],"picked":"Offering","floor":25},{"not_picked":["Ghostly Armor+1","Sword Boomerang","Flame Barrier"],"picked":"SKIP","floor":28},{"not_picked":["Shrug It Off","Flex"],"picked":"Havoc+1","floor":30},{"not_picked":["Armaments","Thunderclap","Headbutt"],"picked":"SKIP","floor":31}],"player_experience":347448,"relics_obtained":[{"floor":6,"key":"Red Skull"},{"floor":8,"key":"Mummified Hand"},{"floor":9,"key":"Magic Flower"},{"floor":11,"key":"Bird Faced Urn"},{"floor":19,"key":"Red Mask"},{"floor":24,"key":"Darkstone Periapt"},{"floor":26,"key":"Kunai"},{"floor":27,"key":"Strawberry"},{"floor":30,"key":"The Courier"}],"event_choices":[{"damage_healed":0,"gold_gain":0,"player_choice":"Donut","damage_taken":0,"max_hp_gain":5,"max_hp_loss":0,"event_name":"Big Fish","floor":4,"gold_loss":0},{"damage_healed":0,"gold_gain":0,"player_choice":"Grow","damage_taken":0,"max_hp_gain":0,"max_hp_loss":0,"event_name":"Living Wall","floor":5,"gold_loss":0,"cards_upgraded":["Bash"]},{"damage_healed":0,"gold_gain":0,"player_choice":"Fought Bandits","damage_taken":0,"max_hp_gain":0,"max_hp_loss":0,"event_name":"Masked Bandits","floor":19,"gold_loss":0},{"damage_healed":0,"gold_gain":0,"player_choice":"Simplicity","damage_taken":0,"max_hp_gain":0,"max_hp_loss":0,"event_name":"Back to Basics","floor":20,"gold_loss":0,"cards_upgraded":["Strike_R","Strike_R","Strike_R","Strike_R","Strike_R","Defend_R","Defend_R","Defend_R","Defend_R"]}],"is_beta":false,"boss_relics":[{"not_picked":["Runic Dome","Tiny House"],"picked":"Coffee Dripper"}],"items_purged_floors":[],"is_endless":false,"potions_floor_spawned":[1,3,7,8,12,19,24,31],"killed_by":"Automaton","ascension_level":5}