{"gold_per_floor":[111,129,129,129,146,146,159,193,193,226,226,241,241,258,258,355,355,370,295,315,170,170],"floor_reached":22,"playtime":1721,"items_purged":["Strike_B"],"score":250,"play_id":"1160cbb5-0713-48cb-ac78-21e4ca6bbf66","local_time":"20190322205237","is_ascension_mode":true,"campfire_choices":[{"data":"Zap","floor":6,"key":"SMITH"},{"data":"Hologram","floor":15,"key":"SMITH"}],"neow_cost":"NONE","seed_source_timestamp":655709108283964,"circlet_count":0,"master_deck":["Defend_B","Defend_B","Defend_B","Defend_B","Zap+1","Dualcast","Sweeping Beam","Coolheaded","Hologram+1","Cold Snap","Ball Lightning","Consume","Conserve Battery","Static Discharge","Fission","BootSequence","Defragment"],"relics":["Cracked Core","Happy Flower","Strawberry","Pear","NlothsMask","Snecko Eye"],"potions_floor_usage":[8,8],"damage_taken":[{"damage":4,"enemies":"Jaw Worm","floor":1,"turns":4},{"damage":7,"enemies":"Small Slimes","floor":2,"turns":3},{"damage":0,"enemies":"Cultist","floor":5,"turns":3},{"damage":9,"enemies":"Large Slime","floor":7,"turns":5},{"damage":18,"enemies":"Lagavulin","floor":8,"turns":6},{"damage":6,"enemies":"3 Sentries","floor":10,"turns":6},{"damage":15,"enemies":"Gremlin Gang","floor":12,"turns":4},{"damage":0,"enemies":"Exordium Wildlife","floor":14,"turns":2},{"damage":15,"enemies":"The Guardian","floor":16,"turns":12},{"damage":22,"enemies":"Chosen","floor":18,"turns":5},{"damage":3,"enemies":"Spheric Guardian","floor":20,"turns":4},{"damage":78,"enemies":"Cultist and Chosen","floor":22,"turns":6}],"seed_played":"4348806247716057001","potions_obtained":[{"floor":1,"key":"Fire Potion"},{"floor":5,"key":"Explosive Potion"},{"floor":7,"key":"FearPotion"},{"floor":10,"key":"Strength Potion"},{"floor":16,"key":"SpeedPotion"},{"floor":20,"key":"Weak Potion"}],"is_trial":false,"path_per_floor":["M","M","$","?","M","R","M","E","T","E","?","M","?","M","R","B",null,"M","?","M","$","M"],"character_chosen":"DEFECT","items_purchased":["Defragment"],"campfire_rested":0,"item_purchase_floors":[21],"current_hp_per_floor":[78,71,71,64,64,64,55,37,44,48,48,33,33,33,33,18,99,77,77,74,74,0],"gold":170,"neow_bonus":"TEN_PERCENT_HP_BONUS","is_prod":false,"is_daily":false,"chose_seed":false,"campfire_upgraded":2,"win_rate":0,"timestamp":1553302357,"path_taken":["M","M","$","?","M","R","M","E","T","E","?","?","?","?","R","BOSS","M","?","M","$","M"],"build_version":"2019-01-23","purchased_purges":1,"victory":false,"max_hp_per_floor":[82,82,82,82,82,82,82,82,89,99,99,99,99,99,99,99,99,99,99,99,99,99],"card_choices":[{"not_picked":["Lockon","White Noise"],"picked":"Sweeping Beam","floor":1},{"not_picked":["Streamline","Melter"],"picked":"Coolheaded","floor":2},{"not_picked":["Scrape","Heatsinks"],"picked":"Hologram","floor":5},{"not_picked":["Beam Cell","Hologram"],"picked":"Cold Snap","floor":7},{"not_picked":["Hologram","Amplify"],"picked":"Ball Lightning","floor":8},{"not_picked":["Storm","Hello World"],"picked":"Consume","floor":10},{"not_picked":["Coolheaded","Chill"],"picked":"Conserve Battery","floor":12},{"not_picked":["Streamline","Darkness"],"picked":"Static Discharge","floor":14},{"not_picked":["Multi-Cast","Amplify"],"picked":"Fission","floor":16},{"not_picked":["Steam Power","Gash"],"picked":"BootSequence","floor":18},{"not_picked":["Beam Cell","Leap","Streamline+1"],"picked":"SKIP","floor":20}],"player_experience":163665,"relics_obtained":[{"floor":8,"key":"Happy Flower"},{"floor":9,"key":"Strawberry"},{"floor":10,"key":"Pear"}],"event_choices":[{"cards_removed":["Strike_B"],"damage_healed":0,"gold_gain":0,"player_choice":"Card Removal","damage_taken":7,"max_hp_gain":0,"max_hp_loss":0,"event_name":"Golden Wing","floor":4,"gold_loss":0},{"damage_healed":0,"gold_gain":0,"player_choice":"Trade","damage_taken":0,"relics_obtained":["NlothsMask"],"max_hp_gain":0,"max_hp_loss":0,"event_name":"FaceTrader","floor":11,"gold_loss":0},{"cards_removed":["Strike_B"],"damage_healed":0,"gold_gain":0,"player_choice":"Offered Basic","damage_taken":0,"max_hp_gain":0,"max_hp_loss":0,"event_name":"Bonfire Elementals","floor":13,"gold_loss":0},{"cards_removed":["Strike_B"],"damage_healed":0,"gold_gain":0,"player_choice":"Gave Gold","damage_taken":0,"max_hp_gain":0,"max_hp_loss":0,"event_name":"Beggar","floor":19,"gold_loss":75}],"is_beta":false,"boss_relics":[{"not_picked":["Lizard Tail","Cursed Key"],"picked":"Snecko Eye"}],"items_purged_floors":[21],"is_endless":false,"potions_floor_spawned":[1,5,7,10,16,20],"killed_by":"Cultist and Chosen","ascension_level":3}