{"gold_per_floor":[118,132,143,143,143,177,177,190,214,234,252,222,222,239,239,344,344,362,379,294,294,219,219,219,233,233,233,248,263,182,182,182,280,280,296,296,316,326,337,337,262,277,357,373,373,473,473],"floor_reached":47,"playtime":5132,"items_purged":["Parasite"],"score":481,"play_id":"40ddf341-cc1d-44cf-b13d-b13444e50ab3","local_time":"20190901222633","is_ascension_mode":false,"campfire_choices":[{"floor":7.0,"key":"REST"},{"floor":15.0,"key":"REST"},{"floor":23.0,"key":"REST"},{"floor":27.0,"key":"REST"},{"floor":32.0,"key":"REST"},{"floor":40,"key":"REST"},{"floor":45,"key":"REST"}],"neow_cost":"NONE","seed_source_timestamp":0,"circlet_count":0,"master_deck":["Strike_R+1","Strike_R+1","Strike_R+1","Strike_R+1","Defend_R+1","Defend_R+1","Defend_R+1","Defend_R+1","Bash","Rage","Shrug It Off","Barricade+1","Body Slam","Entrench","Warcry","Body Slam","Fire Breathing","Warcry","Dropkick","Ghostly Armor","Double Tap","Dual Wield+1","Shrug It Off+1","Double Tap","Perfected Strike","Fiend Fire","Bash","Armaments","Metallicize","Iron Wave","Flash of Steel","Juggernaut","Shrug It Off+1","Iron Wave","Entrench+1","Seeing Red","Cleave+1","Anger"],"special_seed":0,"relics":["Burning Blood","Vajra","Ancient Tea Set","Bag of Preparation","Fusion Hammer","War Paint","Dodecahedron","Lizard Tail","Frozen Egg 2","Thread and Needle"],"potions_floor_usage":[38,42],"damage_taken":[{"damage":3.0,"enemies":"2 Louse","floor":1.0,"turns":3.0},{"damage":1.0,"enemies":"Jaw Worm","floor":2.0,"turns":7.0},{"damage":0.0,"enemies":"Cultist","floor":3.0,"turns":5.0},{"damage":48.0,"enemies":"3 Sentries","floor":6.0,"turns":14.0},{"damage":14.0,"enemies":"Exordium Wildlife","floor":8.0,"turns":8.0},{"damage":16.0,"enemies":"3 Louse","floor":10.0,"turns":6.0},{"damage":4.0,"enemies":"Red Slaver","floor":11.0,"turns":6.0},{"damage":4.0,"enemies":"Looter","floor":12.0,"turns":4.0},{"damage":16.0,"enemies":"Exordium Wildlife","floor":14.0,"turns":9.0},{"damage":25.0,"enemies":"Slime Boss","floor":16.0,"turns":11.0},{"damage":54.0,"enemies":"Spheric Guardian","floor":18.0,"turns":10.0},{"damage":10.0,"enemies":"Shell Parasite","floor":19.0,"turns":7.0},{"damage":0.0,"enemies":"Cultist and Chosen","floor":25.0,"turns":7.0},{"damage":4.0,"enemies":"Centurion and Healer","floor":28.0,"turns":7.0},{"damage":16.0,"enemies":"Shelled Parasite and Fungi","floor":29.0,"turns":8.0},{"damage":17.0,"enemies":"Automaton","floor":33.0,"turns":11.0},{"damage":35.0,"enemies":"Orb Walker","floor":35.0,"turns":6.0},{"damage":41,"enemies":"3 Shapes","floor":37,"turns":4},{"damage":36,"enemies":"Writhing Mass","floor":38,"turns":9},{"damage":32,"enemies":"Maw","floor":39,"turns":9},{"damage":15,"enemies":"Jaw Worm Horde","floor":42,"turns":8},{"damage":29,"enemies":"Transient","floor":44,"turns":5},{"damage":13,"enemies":"Mind Bloom Boss Battle","floor":46,"turns":6},{"damage":29,"enemies":"Reptomancer","floor":47,"turns":2}],"seed_played":"3325675997048995765","potions_obtained":[{"floor":6.0,"key":"Weak Potion"},{"floor":8.0,"key":"SteroidPotion"},{"floor":11.0,"key":"Strength Potion"},{"floor":14.0,"key":"Explosive Potion"},{"floor":25.0,"key":"SteroidPotion"},{"floor":29.0,"key":"SpeedPotion"},{"floor":37,"key":"GamblersBrew"},{"floor":38,"key":"SmokeBomb"},{"floor":46,"key":"FearPotion"}],"is_trial":false,"path_per_floor":["M","M","M","?","T","E","R","M","T","M","M","M","?","M","R","B",null,"M","M","?","?","$","R","?","M","T","R","M","M","$","?","R","B",null,"M","?","M","M","M","R","$","M","T","M","R","?","E"],"character_chosen":"IRONCLAD","items_purchased":["Double Tap","Flash of Steel"],"campfire_rested":7,"item_purchase_floors":[22,30],"current_hp_per_floor":[80,80,80,80,80,38,62,54,54,44,46,48,48,38,62,43,80,32,28,28,28,28,52,52,58,58,80,80,70,70,70,80,69,80,51,51,16,41,15,39,39,30,30,7,30,23,0],"gold":473,"neow_bonus":"THREE_CARDS","is_prod":false,"is_daily":false,"chose_seed":false,"campfire_upgraded":0,"win_rate":0.0,"timestamp":1567391193,"path_taken":["M","M","M","?","?","E","R","M","T","M","M","M","?","?","R","BOSS","M","M","?","?","$","R","?","M","T","R","?","M","$","?","R","BOSS","M","?","?","M","M","R","?","M","T","M","R","?","E"],"build_version":"2019-07-17","purchased_purges":1,"victory":false,"max_hp_per_floor":[80,80,80,80,80,80,80,80,80,80,80,80,80,80,80,80,80,80,80,80,80,80,80,80,80,80,80,80,80,80,80,80,80,80,80,80,80,80,80,80,77,77,77,77,77,77,77],"card_choices":[{"not_picked":["Clothesline","Bloodletting"],"picked":"Rage","floor":0.0},{"not_picked":["Heavy Blade","Sword Boomerang"],"picked":"Shrug It Off","floor":1.0},{"not_picked":["Pommel Strike","Blood for Blood"],"picked":"Barricade","floor":2.0},{"not_picked":["Thunderclap","Perfected Strike"],"picked":"Body Slam","floor":3.0},{"not_picked":["Rupture","Uppercut"],"picked":"Entrench","floor":6.0},{"not_picked":["Uppercut","Flex"],"picked":"Warcry","floor":8.0},{"not_picked":["Perfected Strike","Pummel"],"picked":"Body Slam","floor":10.0},{"not_picked":["Thunderclap","Demon Form"],"picked":"Fire Breathing","floor":11.0},{"not_picked":["Perfected Strike","Pummel"],"picked":"Warcry","floor":12.0},{"not_picked":["Body Slam","Disarm"],"picked":"Ghostly Armor","floor":14.0},{"not_picked":["Fiend Fire","Offering"],"picked":"Double Tap","floor":16.0},{"not_picked":["Rampage","Uppercut+1"],"picked":"Dual Wield+1","floor":18.0},{"not_picked":["Flame Barrier","Cleave"],"picked":"Shrug It Off","floor":19.0},{"not_picked":["Flex","Spot Weakness"],"picked":"Armaments","floor":25.0},{"not_picked":["Warcry","True Grit"],"picked":"Metallicize","floor":28.0},{"not_picked":["Reckless Charge","Dual Wield"],"picked":"Iron Wave","floor":29.0},{"not_picked":["Reaper","Offering"],"picked":"Juggernaut","floor":33.0},{"not_picked":["Armaments","True Grit"],"picked":"Shrug It Off+1","floor":35.0},{"not_picked":["Thunderclap+1","Carnage+1"],"picked":"Iron Wave","floor":37},{"not_picked":["Rage+1","Metallicize+1"],"picked":"Entrench+1","floor":38},{"not_picked":["Perfected Strike","Flex"],"picked":"Seeing Red","floor":39},{"not_picked":["Power Through+1","Berserk"],"picked":"Cleave+1","floor":42},{"not_picked":["Searing Blow","True Grit+1"],"picked":"Anger","floor":44}],"player_experience":13426,"relics_obtained":[{"floor":5.0,"key":"Vajra"},{"floor":6.0,"key":"Ancient Tea Set"},{"floor":9.0,"key":"Bag of Preparation"},{"floor":26.0,"key":"Dodecahedron"},{"floor":43,"key":"Frozen Egg 2"},{"floor":46,"key":"Thread and Needle"}],"event_choices":[{"damage_healed":0.0,"max_hp_gain":0.0,"max_hp_loss":0.0,"gold_gain":0.0,"event_name":"Liars Game","player_choice":"Ignored","floor":4.0,"gold_loss":0.0,"damage_taken":0.0},{"damage_healed":0.0,"max_hp_gain":0.0,"max_hp_loss":0.0,"gold_gain":0.0,"cards_transformed":["Strike_R"],"event_name":"Transmorgrifier","player_choice":"Transformed","floor":13.0,"gold_loss":0.0,"damage_taken":0.0,"cards_obtained":["Dropkick"]},{"damage_healed":0.0,"max_hp_gain":0.0,"max_hp_loss":0.0,"gold_gain":0.0,"event_name":"Addict","player_choice":"Obtained Relic","floor":20.0,"gold_loss":85.0,"damage_taken":0.0,"relics_obtained":["War Paint"]},{"damage_healed":0.0,"max_hp_gain":0.0,"max_hp_loss":0.0,"gold_gain":0.0,"event_name":"Back to Basics","player_choice":"Simplicity","floor":21.0,"gold_loss":0.0,"damage_taken":0.0,"cards_upgraded":["Strike_R","Strike_R","Strike_R","Strike_R","Defend_R","Defend_R","Defend_R"]},{"damage_healed":0.0,"max_hp_gain":0.0,"max_hp_loss":0.0,"gold_gain":0.0,"event_name":"Match and Keep!","player_choice":"3 cards matched","floor":24.0,"gold_loss":0.0,"damage_taken":0.0,"cards_obtained":["Perfected Strike","Fiend Fire","Bash"]},{"damage_healed":0.0,"max_hp_gain":0.0,"max_hp_loss":0.0,"gold_gain":0.0,"event_name":"Vampires","player_choice":"Ignored","floor":31.0,"gold_loss":0.0,"damage_taken":0.0},{"damage_healed":0,"gold_gain":0,"player_choice":"Forge","damage_taken":0,"max_hp_gain":0,"max_hp_loss":0,"event_name":"Accursed Blacksmith","floor":36,"gold_loss":0,"cards_upgraded":["Barricade"]},{"damage_healed":0,"gold_gain":0,"player_choice":"Fight","damage_taken":0,"max_hp_gain":0,"max_hp_loss":0,"event_name":"MindBloom","floor":46,"gold_loss":0}],"is_beta":false,"boss_relics":[{"not_picked":["Cursed Key","Sozu"],"picked":"Fusion Hammer"},{"not_picked":["Busted Crown","Coffee Dripper"],"picked":"Lizard Tail"}],"items_purged_floors":[41],"is_endless":false,"potions_floor_spawned":[6,8,11,14,25,29,37,38,46],"killed_by":"Reptomancer","ascension_level":0}