{"gold_per_floor":[117,192,192,210,67,67,84,84,108,120,151,165,187,198,198,198],"floor_reached":16,"playtime":702,"items_purged":["Strike_G"],"score":112,"play_id":"f35d44a4-6c5c-4a8b-9a69-cb39d985dfa1","local_time":"20180905225546","is_ascension_mode":true,"campfire_choices":[{"data":"Noxious Fumes","floor":6,"key":"SMITH"},{"data":"Dagger Spray","floor":8,"key":"SMITH"},{"floor":15,"key":"REST"}],"neow_cost":"NONE","seed_source_timestamp":957343978499602,"circlet_count":0,"master_deck":["Defend_G","Defend_G","Defend_G","Defend_G","Defend_G","Strike_G","Strike_G","Strike_G","Survivor","Neutralize","Bouncing Flask","Cloak And Dagger","Noxious Fumes+1","Dagger Spray+1","PiercingWail","Dagger Spray","Deflect","Well Laid Plans"],"relics":["Ring of the Snake","Snake Skull","Ginger","Odd Mushroom"],"potions_floor_usage":[11,11],"damage_taken":[{"damage":5,"enemies":"Jaw Worm","floor":1,"turns":4},{"damage":3,"enemies":"Small Slimes","floor":4,"turns":4},{"damage":0,"enemies":"2 Louse","floor":7,"turns":3},{"damage":18,"enemies":"Lots of Slimes","floor":10,"turns":3},{"damage":3,"enemies":"Gremlin Nob","floor":11,"turns":3},{"damage":7,"enemies":"Blue Slaver","floor":12,"turns":3},{"damage":10,"enemies":"The Mushroom Lair","floor":13,"turns":2},{"damage":7,"enemies":"Gremlin Gang","floor":14,"turns":3},{"damage":36,"enemies":"The Guardian","floor":16,"turns":7}],"seed_played":"-2003868077284588370","potions_obtained":[{"floor":1,"key":"Poison Potion"},{"floor":7,"key":"Weak Potion"},{"floor":11,"key":"Ancient Potion"}],"is_trial":false,"path_per_floor":["M","?","?","M","$","R","M","R","T","M","E","M","?","M","R"],"character_chosen":"THE_SILENT","items_purchased":["Noxious Fumes"],"campfire_rested":1,"item_purchase_floors":[5],"current_hp_per_floor":[72,61,61,58,58,58,58,58,58,40,37,30,20,13,36,0],"gold":198,"neow_bonus":"TEN_PERCENT_HP_BONUS","is_prod":false,"is_daily":false,"chose_seed":false,"campfire_upgraded":2,"win_rate":0,"timestamp":1536202546,"path_taken":["M","?","?","M","$","R","?","R","T","M","E","M","?","M","R","BOSS"],"build_version":"2018-08-30","purchased_purges":1,"victory":false,"max_hp_per_floor":[77,77,77,77,77,77,77,77,77,77,77,77,77,77,77,77],"card_choices":[{"not_picked":["Setup","Dagger Throw"],"picked":"Bouncing Flask","floor":1},{"not_picked":["Bane","Bouncing Flask"],"picked":"Cloak And Dagger","floor":4},{"not_picked":["Flying Knee","Slice"],"picked":"Dagger Spray","floor":7},{"not_picked":["Dagger Spray","Accuracy"],"picked":"PiercingWail","floor":10},{"not_picked":["Masterful Stab","Eviscerate","Setup"],"picked":"SKIP","floor":11},{"not_picked":["Storm of Steel","Outmaneuver"],"picked":"Dagger Spray","floor":12},{"not_picked":["All Out Attack","Outmaneuver"],"picked":"Deflect","floor":13},{"not_picked":["Blade Dance","Bane"],"picked":"Well Laid Plans","floor":14}],"player_experience":70244,"relics_obtained":[{"floor":9,"key":"Snake Skull"},{"floor":11,"key":"Ginger"},{"floor":13,"key":"Odd Mushroom"}],"event_choices":[{"event_name":"World of Goop","player_choice":"Gather Gold","floor":2,"damage_taken":0},{"event_name":"Purifier","player_choice":"One Purge","floor":3,"damage_taken":0},{"event_name":"Mushrooms","player_choice":"Fought Mushrooms","floor":13,"damage_taken":0}],"is_beta":false,"boss_relics":[],"items_purged_floors":[5],"is_endless":false,"potions_floor_spawned":[1,7,11],"killed_by":"The Guardian","ascension_level":2}