{"gold_per_floor":[111,124,124,144,144,169,169,204,204,225,240,240,271,143,143,240,240,258,183,183,183,209,209,239,255,255,288,288,288,308,336,336,433,433,447,447,205,222,237,262,274,326,326,326,343,373,393,411,411,411],"floor_reached":50,"playtime":3719,"items_purged":["Strike_G","Defend_G"],"score":889,"play_id":"cd2d111b-ef8a-4b85-b3b9-58cdd6a1de5d","local_time":"20190830054439","is_ascension_mode":true,"campfire_choices":[{"floor":7,"key":"REST"},{"floor":12,"key":"REST"},{"data":"Noxious Fumes","floor":15,"key":"SMITH"},{"floor":23,"key":"REST"},{"floor":28,"key":"REST"},{"floor":32,"key":"REST"},{"floor":49,"key":"RECALL"}],"neow_cost":"NONE","seed_source_timestamp":21184636033600,"circlet_count":0,"master_deck":["Strike_G+1","Defend_G","Defend_G","Defend_G+1","Survivor","Neutralize+1","Deadly Poison","Skewer","Deadly Poison","Cloak And Dagger","Dodge and Roll","Backstab","Noxious Fumes+1","Well Laid Plans","Backflip","Malaise","Cloak And Dagger+1","Cloak And Dagger","Prepared","Acrobatics+1","Adrenaline","Infinite Blades","Cloak And Dagger+1","Catalyst+1","Deflect","Well Laid Plans+1","Catalyst+1"],"relics":["Ring of the Snake","The Courier","Letter Opener","Singing Bowl","Odd Mushroom","Darkstone Periapt","Fusion Hammer","Blood Vial","Pear","Shuriken","Bronze Scales","Ancient Tea Set","Sozu","TheAbacus","PreservedInsect","Bird Faced Urn","Frozen Egg 2","Juzu Bracelet"],"potions_floor_usage":[6,10,31,33],"damage_taken":[{"damage":3,"enemies":"2 Louse","floor":1,"turns":4},{"damage":4,"enemies":"Jaw Worm","floor":2,"turns":4},{"damage":15,"enemies":"Small Slimes","floor":4,"turns":4},{"damage":20,"enemies":"Gremlin Nob","floor":6,"turns":5},{"damage":11,"enemies":"Lagavulin","floor":8,"turns":6},{"damage":10,"enemies":"The Mushroom Lair","floor":10,"turns":4},{"damage":0,"enemies":"Looter","floor":11,"turns":2},{"damage":8,"enemies":"3 Sentries","floor":13,"turns":10},{"damage":8,"enemies":"Hexaghost","floor":16,"turns":8},{"damage":2,"enemies":"Chosen","floor":18,"turns":4},{"damage":32,"enemies":"Slavers","floor":24,"turns":6},{"damage":8,"enemies":"2 Thieves","floor":25,"turns":4},{"damage":4,"enemies":"Book of Stabbing","floor":27,"turns":7},{"damage":8,"enemies":"Snake Plant","floor":30,"turns":4},{"damage":11,"enemies":"Slavers","floor":31,"turns":4},{"damage":24,"enemies":"Automaton","floor":33,"turns":10},{"damage":10,"enemies":"Orb Walker","floor":35,"turns":2},{"damage":12,"enemies":"3 Darklings","floor":38,"turns":5},{"damage":13,"enemies":"Writhing Mass","floor":39,"turns":5},{"damage":0,"enemies":"Nemesis","floor":40,"turns":7},{"damage":0,"enemies":"Transient","floor":41,"turns":5},{"damage":42,"enemies":"2 Orb Walkers","floor":42,"turns":5},{"damage":10,"enemies":"Sphere and 2 Shapes","floor":45,"turns":4},{"damage":21,"enemies":"Reptomancer","floor":46,"turns":5},{"damage":36,"enemies":"4 Shapes","floor":47,"turns":4},{"damage":0,"enemies":"Transient","floor":48,"turns":5},{"damage":28,"enemies":"Awakened One","floor":50,"turns":3}],"seed_played":"-4581107554466902422","potions_obtained":[{"floor":1,"key":"GhostInAJar"},{"floor":2,"key":"FairyPotion"},{"floor":4,"key":"Energy Potion"},{"floor":8,"key":"Fire Potion"},{"floor":18,"key":"Block Potion"}],"is_trial":false,"path_per_floor":["M","M","?","M","?","E","R","E","T","?","M","R","E","$","R","B",null,"M","?","?","?","T","R","E","M","T","E","R","?","M","E","R","B",null,"M","?","$","M","M","E","M","?","T","T","M","E","M","M","R","B"],"character_chosen":"THE_SILENT","items_purchased":["Well Laid Plans","Backflip","TheAbacus"],"campfire_rested":5,"item_purchase_floors":[14,14,37],"current_hp_per_floor":[60,56,56,41,27,7,28,17,17,7,9,30,22,22,22,14,58,56,56,56,56,56,72,50,46,46,46,71,54,50,43,71,49,84,78,78,78,70,61,63,65,27,27,27,25,12,12,22,22,0],"gold":411,"neow_bonus":"THREE_CARDS","is_prod":false,"is_daily":false,"chose_seed":false,"campfire_upgraded":1,"win_rate":0,"timestamp":1567158279,"path_taken":["M","M","?","M","?","E","R","E","T","?","M","R","E","$","R","BOSS","M","?","?","?","?","R","E","M","T","E","R","?","M","E","R","BOSS","M","?","$","M","M","E","?","?","T","?","M","E","M","M","R","BOSS"],"build_version":"2019-07-17","purchased_purges":2,"victory":false,"max_hp_per_floor":[70,70,70,70,70,70,70,70,70,70,72,72,72,72,72,72,72,72,72,72,72,72,72,82,84,84,86,86,91,93,95,95,95,95,97,97,97,99,101,101,101,103,103,103,103,103,103,103,103,103],"card_choices":[{"not_picked":["Slice","Terror"],"picked":"Deadly Poison","floor":0},{"not_picked":["Tactician","Slice"],"picked":"Skewer","floor":1},{"not_picked":["Terror","Heel Hook"],"picked":"Deadly Poison","floor":2},{"not_picked":["Finisher","Dodge and Roll"],"picked":"Cloak And Dagger","floor":4},{"not_picked":["Outmaneuver","Choke","Doppelganger"],"picked":"SKIP","floor":6},{"not_picked":["Flechettes","Dagger Throw"],"picked":"Dodge and Roll","floor":8},{"not_picked":["Slice","Prepared"],"picked":"Backstab","floor":10},{"not_picked":["Flying Knee","Masterful Stab","Acrobatics"],"picked":"Singing Bowl","floor":11},{"not_picked":["Well Laid Plans","Backflip"],"picked":"Noxious Fumes","floor":13},{"not_picked":["Storm of Steel","Corpse Explosion"],"picked":"Malaise","floor":16},{"not_picked":["Outmaneuver+1","Poisoned Stab"],"picked":"Cloak And Dagger+1","floor":18},{"not_picked":["Riddle With Holes","Quick Slash"],"picked":"Acrobatics+1","floor":24},{"not_picked":["Outmaneuver","Deflect","Backflip"],"picked":"Singing Bowl","floor":25},{"not_picked":["Cloak And Dagger","Escape Plan+1","Poisoned Stab"],"picked":"Singing Bowl","floor":27},{"not_picked":["Dash","Endless Agony","Well Laid Plans"],"picked":"Singing Bowl","floor":30},{"not_picked":["Flechettes","Quick Slash","Prepared"],"picked":"Singing Bowl","floor":31},{"not_picked":["Die Die Die","Burst"],"picked":"Adrenaline","floor":33},{"not_picked":["Blade Dance","Sucker Punch","Prepared+1"],"picked":"Singing Bowl","floor":35},{"not_picked":["Tactician+1","Blade Dance+1","Sucker Punch"],"picked":"Singing Bowl","floor":38},{"not_picked":["Backstab+1","Sucker Punch","Dagger Throw+1"],"picked":"Singing Bowl","floor":39},{"not_picked":["Choke","Cloak And Dagger+1"],"picked":"Infinite Blades","floor":40},{"not_picked":["Eviscerate+1","Grand Finale"],"picked":"Cloak And Dagger+1","floor":41},{"not_picked":["Choke+1","Concentrate+1","Endless Agony"],"picked":"Singing Bowl","floor":42},{"not_picked":["Sucker Punch+1","Predator"],"picked":"Catalyst+1","floor":45},{"not_picked":["Dagger Spray","Flechettes+1"],"picked":"Deflect","floor":46},{"not_picked":["Skewer","Acrobatics"],"picked":"Well Laid Plans+1","floor":47},{"not_picked":["Dash+1","Outmaneuver"],"picked":"Catalyst+1","floor":48}],"player_experience":380137,"relics_obtained":[{"floor":6,"key":"The Courier"},{"floor":8,"key":"Letter Opener"},{"floor":9,"key":"Singing Bowl"},{"floor":10,"key":"Odd Mushroom"},{"floor":13,"key":"Darkstone Periapt"},{"floor":22,"key":"Blood Vial"},{"floor":24,"key":"Pear"},{"floor":26,"key":"Shuriken"},{"floor":27,"key":"Bronze Scales"},{"floor":31,"key":"Ancient Tea Set"},{"floor":40,"key":"PreservedInsect"},{"floor":42,"key":"Bird Faced Urn"},{"floor":44,"key":"Frozen Egg 2"},{"floor":46,"key":"Juzu Bracelet"}],"event_choices":[{"damage_healed":0,"gold_gain":0,"player_choice":"Grow","damage_taken":0,"max_hp_gain":0,"max_hp_loss":0,"event_name":"Living Wall","floor":3,"gold_loss":0,"cards_upgraded":["Neutralize"]},{"damage_healed":0,"gold_gain":0,"player_choice":"Entered Light","damage_taken":14,"max_hp_gain":0,"max_hp_loss":0,"event_name":"Shining Light","floor":5,"gold_loss":0,"cards_upgraded":["Strike_G","Defend_G"]},{"damage_healed":0,"gold_gain":0,"player_choice":"Fought Mushrooms","damage_taken":0,"max_hp_gain":0,"max_hp_loss":0,"event_name":"Mushrooms","floor":10,"gold_loss":0},{"cards_removed":["Strike_G"],"damage_healed":0,"gold_gain":0,"player_choice":"Gave Gold","damage_taken":0,"max_hp_gain":0,"max_hp_loss":0,"event_name":"Beggar","floor":19,"gold_loss":75},{"damage_healed":0,"gold_gain":0,"cards_transformed":["Strike_G","Strike_G"],"player_choice":"Became Test Subject","damage_taken":0,"max_hp_gain":0,"max_hp_loss":0,"event_name":"Drug Dealer","floor":20,"gold_loss":0,"cards_obtained":["Cloak And Dagger","Prepared"]},{"damage_healed":0,"gold_gain":0,"player_choice":"Ignored","damage_taken":0,"max_hp_gain":0,"max_hp_loss":0,"event_name":"Vampires","floor":21,"gold_loss":0},{"damage_healed":0,"gold_gain":0,"player_choice":"Shed Blood","damage_taken":22,"max_hp_gain":5,"max_hp_loss":0,"event_name":"Forgotten Altar","floor":29,"gold_loss":0},{"cards_removed":["Defend_G"],"damage_healed":0,"gold_gain":0,"player_choice":"Offered Basic","damage_taken":0,"max_hp_gain":0,"max_hp_loss":0,"event_name":"Bonfire Elementals","floor":36,"gold_loss":0},{"damage_healed":0,"gold_gain":0,"player_choice":"Fight","damage_taken":0,"max_hp_gain":0,"max_hp_loss":0,"event_name":"Mysterious Sphere","floor":42,"gold_loss":0}],"is_beta":false,"boss_relics":[{"not_picked":["Orrery","Eternal Feather"],"picked":"Fusion Hammer"},{"not_picked":["Runic Dome","Calling Bell"],"picked":"Sozu"}],"items_purged_floors":[14,37],"is_endless":false,"potions_floor_spawned":[1,2,4,8,18,27,30,39,40,41,45,47,48],"killed_by":"Awakened One","ascension_level":7}