{"path_per_floor":["M","M","M","M","M","R","M","E","T","$","M","M","E","M","R","B",null,"M","M","M","$","M","E","M","E","T","E","$","M","M","M","R","B",null,"M","M","M","$","M","R","E","M","T","R","M","M","E","M","R","B"],"character_chosen":"IRONCLAD","items_purchased":["Headbutt","Apotheosis","Bag of Preparation","Shrug It Off","Flash of Steel","Bottled Lightning","Double Tap"],"gold_per_floor":[369,383,403,418,429,429,447,476,476,1,20,36,63,79,79,180,180,194,210,225,132,150,177,193,227,227,261,5,22,40,56,56,154,154,168,181,193,54,70,70,96,115,139,139,154,164,193,212,212,212],"floor_reached":51,"campfire_rested":3,"playtime":4633,"current_hp_per_floor":[60,66,69,62,60,60,53,43,43,43,49,55,57,63,63,39,80,80,80,80,80,80,63,41,43,43,30,30,36,38,44,68,33,80,80,80,80,80,80,80,62,61,61,80,80,80,80,80,80,39],"items_purged":["Doubt"],"gold":212,"play_id":"aa91e57a-9c6a-4bf4-9c88-45f2da3e65d4","is_prod":false,"is_daily":false,"campfire_rituals":0,"campfire_upgraded":3,"is_hardmode":false,"path_taken":["M","M","M","M","M","R","M","E","T","$","M","M","E","M","R","BOSS","M","M","M","?","M","E","M","E","T","E","$","M","M","M","R","BOSS","M","M","M","$","M","R","E","M","T","R","M","M","E","M","R","BOSS"],"build_version":"2018-01-11-PROD2","purchased_purges":2,"victory":true,"master_deck":["Bash","Battle Trance","Thunderclap","Ghostly Armor","Demon Form","Pommel Strike","Carnage","Headbutt","Apotheosis","Shrug It Off","Flex","Uppercut","Flex","Shockwave","Clash","Warcry","Burning Pact","Body Slam","Sword Boomerang","Disarm","Inflame","Corruption","Pommel Strike","Flash of Steel","Evolve","Headbutt","Barricade","Body Slam","Iron Wave","Offering","Heavy Blade","Double Tap","Bloodletting","Fiend Fire","Dual Wield","Pummel","Double Tap"],"max_hp_per_floor":[80,80,80,80,80,80,80,80,80,80,80,80,80,80,80,80,80,80,80,80,80,80,80,80,80,80,80,80,80,80,80,80,80,80,80,80,80,80,80,80,80,80,80,80,80,80,80,80,80,80],"relics":["Burning Blood","Smiling Mask","Anchor","Bag of Preparation","Thread and Needle","Pandora\u0027s Box","Bottled Flame","Ancient Tea Set","Champion Belt","Paper Frog","Bottled Lightning","Snecko Eye","Bronze Scales","Dream Catcher","Self Forming Clay"],"campfire_meditates":0,"card_choices":[{"not_picked":["Whirlwind","Dropkick"],"picked":"Battle Trance"},{"not_picked":["Cleave","Havoc"],"picked":"Thunderclap"},{"not_picked":["Shrug It Off","Intimidate"],"picked":"Ghostly Armor"},{"not_picked":["Whirlwind","Battle Trance"],"picked":"Demon Form"},{"not_picked":["Dropkick","Shrug It Off"],"picked":"Pommel Strike"},{"not_picked":["Armaments","Sentinel"],"picked":"Carnage"},{"not_picked":["Dark Embrace","Clothesline"],"picked":"Flex"},{"not_picked":["Infernal Blade","Iron Wave"],"picked":"Uppercut"},{"not_picked":["Dual Wield","Thunderclap"],"picked":"Flex"},{"not_picked":["Wild Strike","Sword Boomerang"],"picked":"Pommel Strike"},{"not_picked":["Perfected Strike","Power Through"],"picked":"Evolve"},{"not_picked":["Combust","Entrench"],"picked":"Headbutt"},{"not_picked":["Corruption","Cleave"],"picked":"Barricade"},{"not_picked":["Twin Strike","Perfected Strike"],"picked":"Body Slam"},{"not_picked":["Dropkick","Fire Breathing"],"picked":"Iron Wave"},{"not_picked":["Impervious","Brutality"],"picked":"Offering"},{"not_picked":["Intimidate","Body Slam"],"picked":"Heavy Blade"},{"not_picked":["Carnage","True Grit"],"picked":"Bloodletting"},{"not_picked":["Pommel Strike","Spot Weakness"],"picked":"Fiend Fire"},{"not_picked":["Power Through","Perfected Strike"],"picked":"Dual Wield"},{"not_picked":["Juggernaut","Wild Strike"],"picked":"Pummel"},{"not_picked":["Headbutt","Havoc"],"picked":"Double Tap"}],"player_experience":191413,"potions_floor_usage":[8,13,14,25,25,39,50,50,50],"damage_taken":[{"damage":26,"enemies":"Blue Slaver","floor":1,"turns":4},{"damage":0,"enemies":"2 Louse","floor":2,"turns":3},{"damage":3,"enemies":"Small Slimes","floor":3,"turns":3},{"damage":13,"enemies":"Exordium Wildlife","floor":4,"turns":5},{"damage":8,"enemies":"3 Louse","floor":5,"turns":5},{"damage":13,"enemies":"Gremlin Gang","floor":7,"turns":5},{"damage":16,"enemies":"Lagavulin","floor":8,"turns":8},{"damage":0,"enemies":"Looter","floor":11,"turns":2},{"damage":0,"enemies":"Large Slime","floor":12,"turns":3},{"damage":4,"enemies":"3 Sentries","floor":13,"turns":4},{"damage":0,"enemies":"Gremlin Gang","floor":14,"turns":4},{"damage":30,"enemies":"Slime Boss","floor":16,"turns":8},{"damage":0,"enemies":"Chosen","floor":18,"turns":2},{"damage":5,"enemies":"3 Byrds","floor":19,"turns":5},{"damage":0,"enemies":"Snake Plant","floor":20,"turns":3},{"damage":4,"enemies":"Snecko","floor":22,"turns":4},{"damage":23,"enemies":"Gremlin Leader","floor":23,"turns":5},{"damage":28,"enemies":"3 Cultists","floor":24,"turns":5},{"damage":4,"enemies":"Book of Stabbing","floor":25,"turns":4},{"damage":19,"enemies":"Slavers","floor":27,"turns":6},{"damage":0,"enemies":"Snake Plant","floor":29,"turns":2},{"damage":4,"enemies":"Centurion and Healer","floor":30,"turns":4},{"damage":0,"enemies":"3 Cultists","floor":31,"turns":3},{"damage":41,"enemies":"Automaton","floor":33,"turns":7},{"damage":4,"enemies":"3 Darklings","floor":35,"turns":3},{"damage":4,"enemies":"Orb Walker","floor":36,"turns":1},{"damage":1,"enemies":"3 Darklings","floor":37,"turns":4},{"damage":0,"enemies":"4 Shapes","floor":39,"turns":6},{"damage":24,"enemies":"Nemesis","floor":41,"turns":4},{"damage":7,"enemies":"Maw","floor":42,"turns":5},{"damage":4,"enemies":"Sphere and 2 Shapes","floor":45,"turns":4},{"damage":3,"enemies":"4 Shapes","floor":46,"turns":4},{"damage":4,"enemies":"Giant Head","floor":47,"turns":4},{"damage":0,"enemies":"3 Darklings","floor":48,"turns":2},{"damage":47,"enemies":"Donu and Deca","floor":50,"turns":6}],"event_choices":[],"boss_relics":[{"not_picked":["Black Star","Cursed Key"],"picked":"Pandora\u0027s Box"},{"not_picked":["Runic Cube","Runic Pyramid"],"picked":"Snecko Eye"}],"potions_floor_spawned":[1,2,7,12,13,16,19,20,22,23,27,33,36,37,39,45,46],"seed_played":"1660642526115159882","is_trial":false}