{"gold_per_floor":[109,109,33,33,53,53,53,70,70,90,109,144,144,159,159,159],"floor_reached":16,"playtime":1615,"items_purged":[],"score":102,"play_id":"0664282c-0a58-4036-bf72-4328d0000317","local_time":"20190303183727","is_ascension_mode":false,"campfire_choices":[{"data":"Searing Blow","floor":7,"key":"SMITH"},{"floor":13,"key":"REST"},{"floor":15,"key":"REST"}],"neow_cost":"NONE","seed_source_timestamp":481962582921396,"circlet_count":0,"master_deck":["Strike_R","Strike_R","Strike_R","Strike_R","Strike_R","Defend_R","Defend_R","Defend_R","Defend_R","Bash+1","Headbutt","Rampage+1","Searing Blow+1","Berserk","Mind Blast","Rage","Inflame","Iron Wave","Combust","Fire Breathing"],"relics":["Burning Blood","Blood Vial","Whetstone","Letter Opener","Ornamental Fan"],"potions_floor_usage":[12,12,12],"damage_taken":[{"damage":13,"enemies":"2 Louse","floor":1,"turns":4},{"damage":1,"enemies":"Cultist","floor":5,"turns":3},{"damage":0,"enemies":"Small Slimes","floor":8,"turns":2},{"damage":29,"enemies":"Gremlin Gang","floor":10,"turns":4},{"damage":9,"enemies":"Looter","floor":11,"turns":4},{"damage":45,"enemies":"Lagavulin","floor":12,"turns":7},{"damage":7,"enemies":"3 Louse","floor":14,"turns":4},{"damage":73,"enemies":"Hexaghost","floor":16,"turns":10}],"seed_played":"-312902932815917396","potions_obtained":[{"floor":1,"key":"AttackPotion"},{"floor":5,"key":"PowerPotion"},{"floor":8,"key":"EntropicBrew"}],"is_trial":false,"path_per_floor":["M","?","$","T","M","?","R","M","T","M","M","E","R","M","R","B"],"character_chosen":"IRONCLAD","items_purchased":["Rampage"],"campfire_rested":2,"item_purchase_floors":[3],"current_hp_per_floor":[73,73,73,73,80,80,80,80,80,57,56,19,43,44,68,0],"gold":159,"neow_bonus":"RANDOM_COMMON_RELIC","is_prod":false,"is_daily":false,"chose_seed":false,"campfire_upgraded":1,"win_rate":0.0,"timestamp":1551656247,"path_taken":["M","?","$","?","M","?","R","M","T","M","?","E","R","M","R","BOSS"],"build_version":"2019-01-23","purchased_purges":0,"victory":false,"max_hp_per_floor":[80,80,80,80,80,80,80,80,80,80,80,80,80,80,80,80],"card_choices":[{"not_picked":["Feel No Pain","Clash"],"picked":"Headbutt","floor":1},{"not_picked":["Seeing Red","Clothesline"],"picked":"Searing Blow","floor":5},{"not_picked":["Warcry","Anger"],"picked":"Rage","floor":8},{"not_picked":["Disarm","Flex"],"picked":"Inflame","floor":10},{"not_picked":["Infernal Blade","Anger"],"picked":"Iron Wave","floor":11},{"not_picked":["Hemokinesis","Carnage"],"picked":"Combust","floor":12},{"not_picked":["Disarm","Iron Wave"],"picked":"Fire Breathing","floor":14}],"player_experience":8735,"relics_obtained":[{"floor":4,"key":"Whetstone"},{"floor":9,"key":"Letter Opener"},{"floor":12,"key":"Ornamental Fan"}],"event_choices":[{"damage_healed":0,"gold_gain":0,"player_choice":"Bought 0 Potions","damage_taken":0,"max_hp_gain":0,"max_hp_loss":0,"event_name":"The Woman in Blue","floor":2,"gold_loss":0},{"damage_healed":0,"gold_gain":0,"player_choice":"2 cards matched","damage_taken":0,"max_hp_gain":0,"max_hp_loss":0,"event_name":"Match and Keep!","floor":6,"gold_loss":0,"cards_obtained":["Berserk","Mind Blast"]}],"is_beta":false,"boss_relics":[],"items_purged_floors":[],"is_endless":false,"potions_floor_spawned":[1,5,8,14],"killed_by":"Hexaghost","ascension_level":0}