{"gold_per_floor":[118,118,129,144,164,219,219,254,254,254,272,283,38,38,38,134,134,120,120,130,147,147,147,173,173,220,246,258],"floor_reached":28,"playtime":1422,"items_purged":[],"score":338,"play_id":"74560957-daae-4838-9f96-c93ba15700bc","local_time":"20190714202329","is_ascension_mode":true,"campfire_choices":[{"data":"Deadly Poison","floor":7,"key":"SMITH"},{"floor":10,"key":"REST"},{"data":"Neutralize","floor":15,"key":"SMITH"},{"floor":23,"key":"REST"},{"data":"Noxious Fumes","floor":25,"key":"SMITH"}],"neow_cost":"NONE","seed_source_timestamp":2596938308654203,"circlet_count":0,"master_deck":["Strike_G","Strike_G","Strike_G","Defend_G","Defend_G","Defend_G","Defend_G","Defend_G","Survivor","Neutralize+1","Deadly Poison+1","Noxious Fumes+1","Dagger Spray","Deflect","Blur","Leg Sweep","Backflip","Burst","Bouncing Flask","Quick Slash","Phantasmal Killer","Caltrops+1","Noxious Fumes","Backstab","Writhe","Leg Sweep"],"relics":["Ring of the Snake","Tiny Chest","Bag of Preparation","Ornamental Fan","Pantograph","Cursed Key","Enchiridion","Ginger","MawBank"],"potions_floor_usage":[6,18,24],"damage_taken":[{"damage":10,"enemies":"Cultist","floor":1,"turns":5},{"damage":7,"enemies":"2 Louse","floor":3,"turns":2},{"damage":0,"enemies":"Small Slimes","floor":4,"turns":3},{"damage":6,"enemies":"Looter","floor":5,"turns":3},{"damage":9,"enemies":"3 Sentries","floor":6,"turns":6},{"damage":31,"enemies":"Lagavulin","floor":8,"turns":6},{"damage":8,"enemies":"Blue Slaver","floor":11,"turns":4},{"damage":7,"enemies":"Large Slime","floor":12,"turns":7},{"damage":10,"enemies":"The Guardian","floor":16,"turns":10},{"damage":5,"enemies":"2 Thieves","floor":18,"turns":4},{"damage":13,"enemies":"Spheric Guardian","floor":20,"turns":4},{"damage":17,"enemies":"Centurion and Healer","floor":21,"turns":7},{"damage":4,"enemies":"Gremlin Leader","floor":24,"turns":8},{"damage":21,"enemies":"Snake Plant","floor":27,"turns":4},{"damage":23,"enemies":"Chosen and Byrds","floor":28,"turns":5}],"seed_played":"6243343410255768036","potions_obtained":[{"floor":2,"key":"SneckoOil"},{"floor":2,"key":"Fire Potion"},{"floor":2,"key":"Ancient Potion"},{"floor":8,"key":"Energy Potion"},{"floor":11,"key":"SkillPotion"},{"floor":12,"key":"GhostInAJar"},{"floor":20,"key":"Poison Potion"},{"floor":27,"key":"EntropicBrew"}],"is_trial":false,"path_per_floor":["M","?","M","M","M","E","R","E","T","R","M","M","$","?","R","B",null,"M","?","M","M","?","R","E","R","T","M","M"],"character_chosen":"THE_SILENT","items_purchased":["Pantograph"],"campfire_rested":2,"item_purchase_floors":[13],"current_hp_per_floor":[60,60,53,53,47,38,38,7,7,30,22,15,15,20,20,35,70,65,65,52,35,19,43,39,39,39,18,0],"gold":258,"neow_bonus":"TEN_PERCENT_HP_BONUS","is_prod":false,"is_daily":false,"chose_seed":false,"campfire_upgraded":3,"win_rate":0,"timestamp":1563150209,"path_taken":["M","?","M","?","M","E","R","E","T","R","M","M","$","?","R","BOSS","M","?","M","M","?","R","E","R","T","M","M"],"build_version":"2019-07-05","purchased_purges":0,"victory":false,"max_hp_per_floor":[77,77,77,77,77,77,77,77,77,77,77,77,77,82,82,82,82,82,82,82,82,82,82,82,82,82,82,82],"card_choices":[{"not_picked":["Bane","Underhanded Strike"],"picked":"Deadly Poison","floor":1},{"not_picked":["Heel Hook","Deadly Poison"],"picked":"Noxious Fumes","floor":3},{"not_picked":["Phantasmal Killer","PiercingWail"],"picked":"Dagger Spray","floor":4},{"not_picked":["Riddle With Holes","Setup","Prepared"],"picked":"SKIP","floor":5},{"not_picked":["Bane","Blade Dance"],"picked":"Deflect","floor":6},{"not_picked":["Dodge and Roll","Setup"],"picked":"Blur","floor":8},{"not_picked":["PiercingWail","Outmaneuver"],"picked":"Leg Sweep","floor":11},{"not_picked":["Underhanded Strike","Blade Dance"],"picked":"Backflip","floor":12},{"not_picked":["Unload","Doppelganger"],"picked":"Burst","floor":16},{"not_picked":["Flying Knee+1","Distraction"],"picked":"Bouncing Flask","floor":18},{"not_picked":["Eviscerate+1","Poisoned Stab"],"picked":"Caltrops+1","floor":20},{"not_picked":["Quick Slash+1","Choke"],"picked":"Noxious Fumes","floor":21},{"not_picked":["Bullet Time","Dagger Throw"],"picked":"Backstab","floor":24},{"not_picked":["Acrobatics","Deadly Poison"],"picked":"Leg Sweep","floor":27}],"player_experience":343525,"relics_obtained":[{"floor":6,"key":"Tiny Chest"},{"floor":8,"key":"Bag of Preparation"},{"floor":9,"key":"Ornamental Fan"},{"floor":22,"key":"Enchiridion"},{"floor":24,"key":"Ginger"},{"floor":26,"key":"MawBank"}],"event_choices":[{"damage_healed":0,"gold_gain":0,"player_choice":"Got Potions","damage_taken":0,"max_hp_gain":0,"max_hp_loss":0,"event_name":"Lab","floor":2,"gold_loss":0},{"damage_healed":0,"gold_gain":0,"player_choice":"Donut","damage_taken":0,"max_hp_gain":5,"max_hp_loss":0,"event_name":"Big Fish","floor":14,"gold_loss":0},{"damage_healed":0,"gold_gain":0,"cards_transformed":["Strike_G","Strike_G"],"player_choice":"Became Test Subject","damage_taken":0,"max_hp_gain":0,"max_hp_loss":0,"event_name":"Drug Dealer","floor":19,"gold_loss":0,"cards_obtained":["Quick Slash","Phantasmal Killer"]},{"damage_healed":0,"gold_gain":0,"player_choice":"Obtained Book","damage_taken":16,"max_hp_gain":0,"max_hp_loss":0,"event_name":"Cursed Tome","floor":22,"gold_loss":0}],"is_beta":false,"boss_relics":[{"not_picked":["Velvet Choker","Orrery"],"picked":"Cursed Key"}],"items_purged_floors":[],"is_endless":false,"potions_floor_spawned":[4,5,8,11,12,16,20,27],"killed_by":"Chosen and Byrds","ascension_level":7}