{"path_per_floor":["M","M","M","M","M","R","E","R","T","M","$","?","E","$","R","B",null,"M","?","$","?","?","R","M","M","T","R","$","E","$","?","R","B",null,"M","M","$","?","M","?","$","M","T","R","?","?","$","M","R"],"character_chosen":"IRONCLAD","items_purchased":["Shrug It Off","Trip","Offering","Shrug It Off","Dramatic Entrance"],"gold_per_floor":[110,130,144,163,176,176,241,241,241,255,135,310,336,134,134,230,230,247,247,47,47,47,47,66,85,131,131,15,42,42,42,42,145,145,157,170,20,20,34,34,34,49,99,99,99,99,99,111,111],"floor_reached":50,"campfire_rested":1,"playtime":3620,"current_hp_per_floor":[74,77,80,80,80,80,62,62,62,64,64,64,32,32,32,22,80,75,75,75,75,75,75,72,73,73,73,73,74,74,74,74,53,64,62,43,43,33,30,30,30,30,30,30,30,30,30,32,51],"items_purged":["Defend_R","Doubt","Defend_R","Defend_R"],"gold":111,"play_id":"8390bfff-b5e6-41eb-83dc-6a256f6edf29","is_prod":false,"is_daily":false,"campfire_rituals":0,"campfire_upgraded":7,"is_hardmode":false,"path_taken":["M","?","?","M","?","R","E","R","T","M","$","?","E","$","R","BOSS","M","?","$","?","?","R","?","M","T","R","$","E","$","?","R","BOSS","M","M","$","?","M","?","$","M","T","R","?","?","?","M","R","BOSS"],"build_version":"2018-01-11-PROD2","purchased_purges":4,"victory":false,"master_deck":["Strike_R","Strike_R","Strike_R","Strike_R","Defend_R","Bash","Iron Wave","Shrug It Off","Seeing Red","Double Tap","Flex","Shrug It Off","Evolve","Offering","Iron Wave","Flex","Shrug It Off","Dramatic Entrance","Shrug It Off","Barricade","Madness","Madness","Body Slam","Berserk","Pommel Strike"],"max_hp_per_floor":[80,80,80,80,80,80,80,80,80,80,80,80,80,80,80,80,80,80,80,80,80,80,80,80,80,80,80,80,80,80,80,80,80,64,64,64,64,64,64,64,64,64,64,64,64,64,64,64,64],"relics":["Burning Blood","Tiny Chest","Charon\u0027s Ashes","Shuriken","Sozu","Toxic Egg","Molten Egg","Runic Cube","Juzu Bracelet"],"campfire_meditates":0,"card_choices":[{"not_picked":["True Grit","Dual Wield"],"picked":"Iron Wave"},{"not_picked":["Fire Breathing","Blood for Blood"],"picked":"Shrug It Off"},{"not_picked":["Rampage","Uppercut"],"picked":"Seeing Red"},{"not_picked":["Flex","Dual Wield"],"picked":"Double Tap"},{"not_picked":["Wild Strike","Second Wind"],"picked":"Flex"},{"not_picked":["Feel No Pain","Burning Pact"],"picked":"Evolve"},{"not_picked":["Combust","Anger"],"picked":"Iron Wave"},{"not_picked":["Anger","Metallicize"],"picked":"Flex"},{"not_picked":["True Grit","Feel No Pain"],"picked":"Shrug It Off"},{"not_picked":["Juggernaut","Bludgeon"],"picked":"Barricade"},{"not_picked":["Warcry","Shrug It Off"],"picked":"Body Slam"},{"not_picked":["Sword Boomerang","Blood for Blood"],"picked":"Berserk"},{"not_picked":["Wild Strike","Headbutt"],"picked":"Pommel Strike"}],"player_experience":37778,"potions_floor_usage":[7,13,16,16],"damage_taken":[{"damage":12,"enemies":"Blue Slaver","floor":1,"turns":7},{"damage":3,"enemies":"Small Slimes","floor":2,"turns":3},{"damage":0,"enemies":"2 Louse","floor":3,"turns":5},{"damage":6,"enemies":"Large Slime","floor":4,"turns":7},{"damage":3,"enemies":"3 Louse","floor":5,"turns":5},{"damage":24,"enemies":"3 Sentries","floor":7,"turns":11},{"damage":4,"enemies":"Exordium Wildlife","floor":10,"turns":3},{"damage":38,"enemies":"Lagavulin","floor":13,"turns":6},{"damage":16,"enemies":"Hexaghost","floor":16,"turns":11},{"damage":11,"enemies":"3 Byrds","floor":18,"turns":7},{"damage":9,"enemies":"Chosen","floor":24,"turns":3},{"damage":5,"enemies":"Snecko","floor":25,"turns":4},{"damage":5,"enemies":"Book of Stabbing","floor":29,"turns":4},{"damage":27,"enemies":"Collector","floor":33,"turns":10},{"damage":8,"enemies":"3 Shapes","floor":35,"turns":4},{"damage":25,"enemies":"3 Darklings","floor":36,"turns":9},{"damage":9,"enemies":"Maw","floor":39,"turns":7},{"damage":6,"enemies":"4 Shapes","floor":42,"turns":5},{"damage":4,"enemies":"3 Darklings","floor":48,"turns":2},{"damage":59,"enemies":"Time Eater","floor":50,"turns":5}],"event_choices":[{"event_name":"Liars Game","player_choice":"agreed","floor":12,"damage_taken":0},{"event_name":"Vampires","player_choice":"Ignored","floor":19,"damage_taken":0},{"event_name":"Addict","player_choice":"Ignored","floor":21,"damage_taken":0},{"event_name":"The Lab","player_choice":"Got Potions","floor":22,"damage_taken":0},{"event_name":"Transmorgrifier","player_choice":"Skipped","floor":31,"damage_taken":0},{"event_name":"Winding Halls","player_choice":"Embrace Madness","floor":38,"damage_taken":0},{"event_name":"The Moai Head","player_choice":"Ignored","floor":40,"damage_taken":0},{"event_name":"Accursed Blacksmith","player_choice":"Forge","floor":46,"damage_taken":0}],"boss_relics":[{"not_picked":["Mark of Pain","White Beast Statue"],"picked":"Sozu"},{"not_picked":["Black Star","Calling Bell"],"picked":"Runic Cube"}],"potions_floor_spawned":[4,5,7,10,13,24,33,35,36,39],"seed_played":"-2917462516666735164","killed_by":"Time Eater","is_trial":false}