{"gold_per_floor":[113,38,58,133,133,133,158,158,158,184,184,184,184,199,199,300,300,313,326,79,179,191,191,191],"floor_reached":24,"playtime":822,"items_purged":["Regret","Strike_R"],"score":278,"play_id":"195ce80e-48df-4ba1-94d1-e7c47b6b032e","local_time":"20180922214835","is_ascension_mode":true,"campfire_choices":[{"data":"Bash","floor":6,"key":"SMITH"},{"floor":8,"key":"REST"},{"floor":11,"key":"REST"},{"floor":13,"key":"REST"},{"data":"Spot Weakness","floor":15,"key":"SMITH"},{"floor":23,"key":"REST"}],"neow_cost":"CURSE","seed_source_timestamp":813010526871223,"circlet_count":0,"master_deck":["Strike_R","Strike_R","Strike_R","Strike_R+1","Defend_R","Defend_R","Defend_R","Defend_R","Bash+1","True Grit+1","Spot Weakness+1","Demon Form","Sentinel","Immolate","Pommel Strike","Spot Weakness","Whirlwind","Shrug It Off","Iron Wave+1"],"relics":["Burning Blood","Vajra","Mummified Hand","Smiling Mask","Orrery","Bronze Scales"],"potions_floor_usage":[7,10],"damage_taken":[{"damage":5,"enemies":"2 Louse","floor":1,"turns":3},{"damage":5,"enemies":"Small Slimes","floor":3,"turns":3},{"damage":45,"enemies":"3 Sentries","floor":7,"turns":11},{"damage":62,"enemies":"Lagavulin","floor":10,"turns":7},{"damage":0,"enemies":"Cultist","floor":14,"turns":3},{"damage":61,"enemies":"The Guardian","floor":16,"turns":13},{"damage":42,"enemies":"2 Thieves","floor":18,"turns":4},{"damage":0,"enemies":"3 Byrds","floor":19,"turns":3},{"damage":47,"enemies":"Snecko","floor":22,"turns":5},{"damage":45,"enemies":"Book of Stabbing","floor":24,"turns":5}],"seed_played":"2232270787462920456","potions_obtained":[{"floor":3,"key":"PowerPotion"},{"floor":10,"key":"Fruit Juice"}],"is_trial":false,"path_per_floor":["M","$","M","?","?","R","E","R","T","E","R","?","R","M","R","B",null,"M","M","$","?","M","R"],"character_chosen":"IRONCLAD","items_purchased":["Shrug It Off","Bronze Scales"],"campfire_rested":4,"item_purchase_floors":[20,20],"current_hp_per_floor":[96,96,96,85,90,90,51,79,79,28,58,38,68,74,74,19,81,45,51,51,51,10,40,0],"gold":191,"neow_bonus":"TWENTY_PERCENT_HP_BONUS","is_prod":false,"is_daily":false,"chose_seed":false,"campfire_upgraded":2,"win_rate":0,"timestamp":1537667315,"path_taken":["M","$","M","?","?","R","E","R","T","E","R","?","R","M","R","BOSS","M","M","$","?","M","R","E"],"build_version":"2018-09-20","purchased_purges":2,"victory":false,"max_hp_per_floor":[96,96,96,96,96,96,96,96,96,101,101,101,101,101,101,101,101,101,101,101,101,101,101,101],"card_choices":[{"not_picked":["Havoc","Second Wind"],"picked":"Headbutt","floor":1},{"not_picked":["Warcry","Thunderclap"],"picked":"True Grit","floor":3},{"not_picked":["Wild Strike","Perfected Strike","Dark Embrace"],"picked":"SKIP","floor":7},{"not_picked":["Rupture","Clothesline"],"picked":"Spot Weakness","floor":10},{"not_picked":["Blood for Blood","Havoc","Warcry"],"picked":"SKIP","floor":14},{"not_picked":["Double Tap","Immolate"],"picked":"Demon Form","floor":16},{"not_picked":["Flex","Sword Boomerang"],"picked":"Sentinel","floor":17},{"not_picked":["Shrug It Off","Blood for Blood"],"picked":"Immolate","floor":17},{"not_picked":["Twin Strike","Infernal Blade"],"picked":"Pommel Strike","floor":17},{"not_picked":["Fire Breathing","Body Slam"],"picked":"Spot Weakness","floor":17},{"not_picked":["Iron Wave","Bloodletting"],"picked":"Whirlwind","floor":18},{"not_picked":["Body Slam","Rupture+1","Infernal Blade"],"picked":"SKIP","floor":19},{"not_picked":["Body Slam+1","Power Through"],"picked":"Iron Wave+1","floor":22}],"player_experience":138287,"relics_obtained":[{"floor":7,"key":"Vajra"},{"floor":9,"key":"Mummified Hand"},{"floor":10,"key":"Smiling Mask"}],"event_choices":[{"event_name":"World of Goop","player_choice":"Gather Gold","floor":4,"damage_taken":0},{"event_name":"Bonfire Elementals","player_choice":"COMMON","floor":5,"damage_taken":0},{"event_name":"Shining Light","player_choice":"Entered Light","floor":12,"damage_taken":0},{"event_name":"Golden Shrine","player_choice":"Pray","floor":21,"damage_taken":0}],"is_beta":false,"boss_relics":[{"not_picked":["Runic Cube","Philosopher\u0027s Stone"],"picked":"Orrery"}],"items_purged_floors":[2,20],"is_endless":false,"potions_floor_spawned":[3,10],"killed_by":"Book of Stabbing","ascension_level":5}