{"path_per_floor":["M","?","T","?","M","R","E","M","T","R","?","M","M","E","R","B",null,"M","?","M","M","?","R","M","?","T","M","?","M","M","M","R","B",null,"M","?","M","?","M","R","M","?","T","R","?","M","$","M","R"],"character_chosen":"IRONCLAD","items_purchased":["Pantograph","Magic Flower"],"gold_per_floor":[118,118,118,118,132,132,160,180,206,206,156,174,188,222,222,319,319,331,331,345,356,256,256,266,266,292,302,302,320,331,349,349,446,446,461,461,477,477,489,489,506,506,532,532,532,552,24,42,42],"floor_reached":50,"campfire_rested":2,"playtime":1858,"current_hp_per_floor":[75,59,59,59,65,65,65,74,74,74,74,70,68,74,74,83,83,86,86,86,82,82,82,73,89,89,71,71,73,75,81,81,16,92,72,72,60,50,15,43,18,18,18,47,47,53,53,48,48],"items_purged":[],"gold":42,"play_id":"f599ec11-f7cd-4ff9-aa87-553b78a072e3","is_prod":false,"is_daily":false,"campfire_rituals":0,"campfire_upgraded":6,"is_hardmode":false,"path_taken":["M","?","?","?","M","R","E","?","T","R","?","M","M","E","R","BOSS","M","?","M","?","?","R","?","?","T","M","?","?","M","M","R","BOSS","M","?","M","?","M","R","M","?","T","R","?","M","$","M","R","BOSS"],"build_version":"2018-01-11-PROD2","purchased_purges":0,"victory":false,"master_deck":["Strike_R","Strike_R","Strike_R","Strike_R","Defend_R","Defend_R","Defend_R","Bash","Carnage","Whirlwind","Feed","Heavy Blade","Iron Wave","Offering","Headbutt","Thunderclap","J.A.X.","Iron Wave","Ghostly Armor","Fiend Fire","Evolve","Thunderclap","Flex","Fiend Fire","Shrug It Off","Battle Trance","Madness","Madness","Fire Breathing","Offering","Body Slam"],"max_hp_per_floor":[80,80,80,80,80,80,80,83,83,83,83,83,83,83,83,83,83,86,86,86,89,89,89,89,89,89,89,89,92,92,92,92,92,92,92,92,92,92,95,95,98,98,98,98,98,98,98,98,98],"relics":["Burning Blood","Happy Flower","Dream Catcher","Bottled Lightning","Velvet Choker","Vajra","Nloth\u0027s Gift","Orrery","Pen Nib","Pantograph","Magic Flower"],"campfire_meditates":0,"card_choices":[{"not_picked":["Pummel","Blood for Blood"],"picked":"Carnage"},{"not_picked":["True Grit","Headbutt"],"picked":"Whirlwind"},{"not_picked":["Sentinel","Iron Wave"],"picked":"Feed"},{"not_picked":["Seeing Red","Iron Wave"],"picked":"Heavy Blade"},{"not_picked":["Armaments","Immolate"],"picked":"Iron Wave"},{"not_picked":["Double Tap","Immolate"],"picked":"Offering"},{"not_picked":["Perfected Strike","Rupture"],"picked":"Headbutt"},{"not_picked":["Spot Weakness","True Grit"],"picked":"Thunderclap"},{"not_picked":["Twin Strike","Wild Strike"],"picked":"Iron Wave"},{"not_picked":["Impervious","Thunderclap"],"picked":"Ghostly Armor"},{"not_picked":["Berserk","Feed"],"picked":"Fiend Fire"},{"not_picked":["Uppercut","True Grit"],"picked":"Evolve"},{"not_picked":["Heavy Blade","Clash"],"picked":"Thunderclap"},{"not_picked":["Anger","Wild Strike"],"picked":"Flex"},{"not_picked":["Disarm","Pummel"],"picked":"Fiend Fire"},{"not_picked":["Iron Wave","Warcry"],"picked":"Shrug It Off"},{"not_picked":["Pommel Strike","Headbutt"],"picked":"Battle Trance"},{"not_picked":["Twin Strike","Dual Wield"],"picked":"Fire Breathing"},{"not_picked":["Dual Wield","Dark Embrace"],"picked":"Offering"},{"not_picked":["Twin Strike","Pommel Strike"],"picked":"Body Slam"}],"player_experience":212961,"potions_floor_usage":[14,16,30,33,41,50],"damage_taken":[{"damage":11,"enemies":"Jaw Worm","floor":1,"turns":2},{"damage":0,"enemies":"2 Louse","floor":5,"turns":2},{"damage":6,"enemies":"Gremlin Nob","floor":7,"turns":3},{"damage":0,"enemies":"Cultist","floor":8,"turns":2},{"damage":10,"enemies":"Exordium Thugs","floor":12,"turns":3},{"damage":8,"enemies":"Large Slime","floor":13,"turns":4},{"damage":0,"enemies":"3 Sentries","floor":14,"turns":1},{"damage":11,"enemies":"Slime Boss","floor":16,"turns":7},{"damage":4,"enemies":"Spheric Guardian","floor":18,"turns":2},{"damage":0,"enemies":"Chosen","floor":20,"turns":3},{"damage":13,"enemies":"3 Cultists","floor":21,"turns":4},{"damage":15,"enemies":"Centurion and Healer","floor":24,"turns":2},{"damage":24,"enemies":"Snake Plant","floor":27,"turns":3},{"damage":7,"enemies":"3 Cultists","floor":29,"turns":2},{"damage":4,"enemies":"Snecko","floor":30,"turns":2},{"damage":0,"enemies":"Snake Plant","floor":31,"turns":3},{"damage":71,"enemies":"Automaton","floor":33,"turns":10},{"damage":26,"enemies":"3 Shapes","floor":35,"turns":3},{"damage":18,"enemies":"3 Darklings","floor":37,"turns":4},{"damage":44,"enemies":"4 Shapes","floor":39,"turns":6},{"damage":34,"enemies":"Sphere and 2 Shapes","floor":41,"turns":5},{"damage":0,"enemies":"3 Darklings","floor":46,"turns":1},{"damage":14,"enemies":"Maw","floor":48,"turns":6},{"damage":97,"enemies":"Time Eater","floor":50,"turns":9}],"event_choices":[{"event_name":"Shining Light","player_choice":"Entered Light","floor":2,"damage_taken":0},{"event_name":"Liars Game","player_choice":"disagreed","floor":4,"damage_taken":0},{"event_name":"The Cleric","player_choice":"Card Removal","floor":11,"damage_taken":0},{"event_name":"Accursed Blacksmith","player_choice":"Forge","floor":19,"damage_taken":0},{"event_name":"Drug Dealer","player_choice":"Got JAXXED","floor":22,"damage_taken":0},{"event_name":"Wheel of Change","player_choice":"Full Heal","floor":25,"damage_taken":0},{"event_name":"N\u0027loth","player_choice":"Traded a Dead Branch","floor":28,"damage_taken":0},{"event_name":"Mysterious Sphere","player_choice":"Ignore","floor":36,"damage_taken":0},{"event_name":"Winding Halls","player_choice":"Embrace Madness","floor":38,"damage_taken":0},{"event_name":"Tomb of Lord Red Mask","player_choice":"Ignored","floor":42,"damage_taken":0}],"boss_relics":[{"not_picked":["Mark of Pain","Cursed Key"],"picked":"Velvet Choker"},{"not_picked":["Calling Bell","Eternal Feather"],"picked":"Orrery"}],"potions_floor_spawned":[7,8,12,13,21,24,27,29,37,48],"seed_played":"5810598937505496414","killed_by":"Time Eater","is_trial":false}