{"path_per_floor":["M","?","?","M","M","M","M","E","T","M","M","M","E","M","R","B"],"character_chosen":"IRONCLAD","items_purchased":[],"gold_per_floor":[118,118,368,385,398,414,425,457,457,476,496,512,537,554,554,658],"floor_reached":17,"campfire_rested":1,"playtime":808,"current_hp_per_floor":[80,80,80,80,80,67,47,33,33,30,36,31,17,23,47,16],"items_purged":[],"gold":658,"play_id":"a8ca7b0c-76cf-494f-9592-47ccfb194e86","is_prod":false,"is_daily":false,"campfire_rituals":0,"campfire_upgraded":0,"is_hardmode":false,"path_taken":["M","?","?","M","M","M","M","E","T","M","M","?","E","?","R","BOSS"],"build_version":"2018-01-11-PROD2","purchased_purges":0,"victory":false,"master_deck":["Bash","Thunderclap","Regret","Flex","Heavy Blade","Flex","Fiend Fire","Pummel","Berserk","Shrug It Off","Sever Soul","Burning Pact","Headbutt","Iron Wave","Warcry","Anger","Clash"],"max_hp_per_floor":[80,80,80,80,80,80,80,80,80,80,80,80,80,80,80,80],"relics":["Burning Blood","NeowsBlessing","Whetstone","Red Skull","Ornamental Fan","Pandora\u0027s Box"],"campfire_meditates":0,"card_choices":[{"not_picked":["Shrug It Off","Perfected Strike"],"picked":"Thunderclap"},{"not_picked":["Anger","Iron Wave"],"picked":"Flex"},{"not_picked":["Cleave","Warcry"],"picked":"Heavy Blade"},{"not_picked":["Infernal Blade","Rage"],"picked":"Flex"},{"not_picked":["Wild Strike","Combust"],"picked":"Fiend Fire"},{"not_picked":["Bloodletting","Entrench"],"picked":"Pummel"},{"not_picked":["Fiend Fire","Reaper"],"picked":"Berserk"}],"player_experience":197381,"potions_floor_usage":[7,11,13,13,13],"damage_taken":[{"damage":0,"enemies":"2 Louse","floor":1,"turns":1},{"damage":0,"enemies":"Blue Slaver","floor":4,"turns":1},{"damage":0,"enemies":"Cultist","floor":5,"turns":1},{"damage":19,"enemies":"Large Slime","floor":6,"turns":7},{"damage":26,"enemies":"Gremlin Gang","floor":7,"turns":6},{"damage":20,"enemies":"Gremlin Nob","floor":8,"turns":4},{"damage":9,"enemies":"Red Slaver","floor":10,"turns":3},{"damage":0,"enemies":"Exordium Thugs","floor":11,"turns":1},{"damage":11,"enemies":"Lots of Slimes","floor":12,"turns":4},{"damage":20,"enemies":"Lagavulin","floor":13,"turns":5},{"damage":0,"enemies":"3 Louse","floor":14,"turns":2},{"damage":37,"enemies":"Hexaghost","floor":16,"turns":7}],"event_choices":[{"event_name":"Purifier","player_choice":"One Purge","floor":2,"damage_taken":0},{"event_name":"Golden Shrine","player_choice":"Desecrate","floor":3,"damage_taken":0}],"boss_relics":[{"not_picked":["Tiny House","Lizard Tail"],"picked":"Pandora\u0027s Box"}],"potions_floor_spawned":[5,7,8,10,11,12,14,16],"seed_played":"2965986877554635958","is_trial":false}