{"gold_per_floor":[118,132,152,152,169,169,198,4,4,39,57,11,11,27,27,125,125,135,64,64,10,24,51,51,63,63,98,115,127,145,174,186,303,315,347,359,78,90,90],"floor_reached":39,"playtime":4284,"items_purged":[],"score":503,"play_id":"53963f0c-ab92-4754-9161-aaf625747adc","local_time":"20190304024204","is_ascension_mode":false,"campfire_choices":[{"data":"Distraction","floor":6,"key":"SMITH"},{"floor":15,"key":"REST"},{"floor":24,"key":"REST"},{"data":"Dodge and Roll","floor":32,"key":"SMITH"}],"neow_cost":"NONE","seed_source_timestamp":508366288390771,"circlet_count":0,"master_deck":["Defend_G","Defend_G","Defend_G","Defend_G","Survivor","Neutralize","Distraction+1","Footwork","Blade Dance","PiercingWail","Dash","Riddle With Holes","Dagger Spray","Dodge and Roll+1","Outmaneuver","Adrenaline","Caltrops","Well Laid Plans","Bite","Bite","Bite","Bite","Bite","Backstab","Slice+1","Prepared","Choke+1","Backflip","Infinite Blades","PiercingWail","All Out Attack+1","Die Die Die","Calculated Gamble","Deflect","Finisher","Chrysalis","Outmaneuver+1"],"relics":["Ring of the Snake","Question Card","Happy Flower","Mercury Hourglass","Paper Crane","WristBlade","Oddly Smooth Stone","Blood Vial","Meat on the Bone","Lantern","MawBank","Sozu","Pantograph"],"potions_floor_usage":[10,16,16,27,27,27],"damage_taken":[{"damage":0,"enemies":"2 Louse","floor":1,"turns":4},{"damage":0,"enemies":"Cultist","floor":2,"turns":3},{"damage":0,"enemies":"Small Slimes","floor":3,"turns":3},{"damage":6,"enemies":"Red Slaver","floor":5,"turns":5},{"damage":25,"enemies":"3 Sentries","floor":7,"turns":14},{"damage":12,"enemies":"Lagavulin","floor":10,"turns":5},{"damage":0,"enemies":"Exordium Thugs","floor":11,"turns":2},{"damage":1,"enemies":"2 Fungi Beasts","floor":14,"turns":3},{"damage":19,"enemies":"The Guardian","floor":16,"turns":12},{"damage":13,"enemies":"3 Byrds","floor":18,"turns":4},{"damage":14,"enemies":"2 Thieves","floor":22,"turns":3},{"damage":42,"enemies":"Slavers","floor":23,"turns":5},{"damage":21,"enemies":"Snecko","floor":25,"turns":6},{"damage":9,"enemies":"Gremlin Leader","floor":27,"turns":6},{"damage":20,"enemies":"Centurion and Healer","floor":28,"turns":4},{"damage":7,"enemies":"Chosen and Byrds","floor":29,"turns":6},{"damage":4,"enemies":"3 Cultists","floor":30,"turns":4},{"damage":8,"enemies":"Book of Stabbing","floor":31,"turns":5},{"damage":32,"enemies":"Collector","floor":33,"turns":10},{"damage":4,"enemies":"Orb Walker","floor":35,"turns":4},{"damage":18,"enemies":"3 Shapes","floor":38,"turns":3},{"damage":44,"enemies":"Transient","floor":39,"turns":4}],"seed_played":"4622140943303380464","potions_obtained":[{"floor":0,"key":"SmokeBomb"},{"floor":0,"key":"Strength Potion"},{"floor":0,"key":"LiquidBronze"},{"floor":7,"key":"Explosive Potion"},{"floor":10,"key":"PowerPotion"},{"floor":22,"key":"FearPotion"},{"floor":25,"key":"LiquidBronze"},{"floor":30,"key":"PowerPotion"},{"floor":31,"key":"GhostInAJar"}],"is_trial":false,"path_per_floor":["M","M","M","?","M","R","E","$","T","E","M","?","$","M","R","B",null,"M","$","?","?","M","E","R","M","T","E","M","M","M","E","R","B",null,"M","T","$","M","M"],"character_chosen":"THE_SILENT","items_purchased":["Happy Flower","Riddle With Holes","Well Laid Plans","Deflect","Finisher","Chrysalis"],"campfire_rested":2,"item_purchase_floors":[8,8,19,37,37,37],"current_hp_per_floor":[70,70,70,70,64,64,39,39,39,27,27,27,27,26,47,28,70,57,57,49,49,39,3,17,6,6,25,23,36,44,42,42,36,49,45,45,45,31,0],"gold":90,"neow_bonus":"THREE_SMALL_POTIONS","is_prod":false,"is_daily":false,"chose_seed":false,"campfire_upgraded":2,"win_rate":0.0,"timestamp":1551685324,"path_taken":["M","M","M","?","?","R","E","?","T","E","M","?","$","M","R","BOSS","M","$","?","?","M","E","R","M","T","E","M","M","M","E","R","BOSS","M","?","$","M","?"],"build_version":"2019-01-23","purchased_purges":0,"victory":false,"max_hp_per_floor":[70,70,70,70,70,70,70,70,70,70,70,70,70,70,70,70,70,70,70,49,49,49,49,49,49,49,49,49,49,49,49,49,49,49,49,49,49,49,49],"card_choices":[{"not_picked":["Heel Hook","Terror"],"picked":"Distraction","floor":1},{"not_picked":["Bane","Quick Slash"],"picked":"Footwork","floor":2},{"not_picked":["Eviscerate","Noxious Fumes"],"picked":"Blade Dance","floor":3},{"not_picked":["Infinite Blades","Leg Sweep"],"picked":"PiercingWail","floor":5},{"not_picked":["Slice","Dodge and Roll"],"picked":"Dash","floor":7},{"not_picked":["Reflex","Dagger Throw","Sucker Punch"],"picked":"Dagger Spray","floor":10},{"not_picked":["Poisoned Stab","Footwork","Outmaneuver"],"picked":"Dodge and Roll","floor":11},{"not_picked":["Flechettes","Unload","Calculated Gamble"],"picked":"Outmaneuver","floor":14},{"not_picked":["Night Terror","Bullet Time","Malaise"],"picked":"Adrenaline","floor":16},{"not_picked":["Flying Knee","Blade Dance","Eviscerate+1"],"picked":"Caltrops","floor":18},{"not_picked":["Sucker Punch","Reflex","Noxious Fumes+1"],"picked":"Backstab","floor":22},{"not_picked":["Quick Slash","Blade Dance","Masterful Stab"],"picked":"Slice+1","floor":23},{"not_picked":["Quick Slash","Dagger Spray","Heel Hook"],"picked":"Prepared","floor":25},{"not_picked":["Leg Sweep","Unload","Bullet Time"],"picked":"Choke+1","floor":27},{"not_picked":["Heel Hook+1","Poisoned Stab","Sucker Punch+1"],"picked":"Backflip","floor":28},{"not_picked":["Riddle With Holes","Outmaneuver+1","Dagger Spray"],"picked":"Infinite Blades","floor":29},{"not_picked":["Endless Agony","Poisoned Stab+1","Dagger Spray"],"picked":"PiercingWail","floor":30},{"not_picked":["Finisher","Bane","Outmaneuver+1"],"picked":"All Out Attack+1","floor":31},{"not_picked":["Venomology","Malaise","Doppelganger"],"picked":"Die Die Die","floor":33},{"not_picked":["Catalyst+1","Underhanded Strike+1","Tactician+1"],"picked":"Calculated Gamble","floor":35},{"not_picked":["Backstab+1","Bane+1","Riddle With Holes"],"picked":"Outmaneuver+1","floor":38}],"player_experience":24773,"relics_obtained":[{"floor":7,"key":"Question Card"},{"floor":9,"key":"Mercury Hourglass"},{"floor":10,"key":"Paper Crane"},{"floor":23,"key":"Blood Vial"},{"floor":26,"key":"Meat on the Bone"},{"floor":27,"key":"Lantern"},{"floor":31,"key":"MawBank"},{"floor":36,"key":"Pantograph"}],"event_choices":[{"cards_removed":["Defend_G"],"damage_healed":0,"gold_gain":0,"player_choice":"Card Removal","damage_taken":0,"max_hp_gain":0,"max_hp_loss":0,"event_name":"Wheel of Change","floor":4,"gold_loss":0},{"damage_healed":0,"gold_gain":0,"player_choice":"Left Gold","damage_taken":0,"max_hp_gain":0,"max_hp_loss":0,"event_name":"World of Goop","floor":12,"gold_loss":46},{"damage_healed":0,"gold_gain":0,"player_choice":"Became a vampire","damage_taken":0,"max_hp_gain":0,"max_hp_loss":21,"event_name":"Vampires","floor":20,"gold_loss":0,"cards_obtained":["Bite","Bite","Bite","Bite","Bite"]},{"damage_healed":0,"gold_gain":0,"player_choice":"Paid Gold","damage_taken":0,"relics_obtained":["Oddly Smooth Stone"],"max_hp_gain":0,"max_hp_loss":0,"event_name":"WeMeetAgain","floor":21,"gold_loss":54}],"is_beta":false,"boss_relics":[{"not_picked":["Astrolabe","Tiny House"],"picked":"WristBlade"},{"not_picked":["Cursed Key","Runic Dome"],"picked":"Sozu"}],"items_purged_floors":[],"is_endless":false,"potions_floor_spawned":[7,10,11,14,22,25,30,31,35],"killed_by":"Transient","ascension_level":0}