{"path_per_floor":["M","?","?","M","M","R","E","M","T","M","R","E","M","M","R","B",null,"M","$","$","?","M","E","M","R","T","E","M","E","M","M","R","B",null,"M","?","M","M","$","R","?","M","T","?","R","$","R","M","R","B"],"character_chosen":"IRONCLAD","items_purchased":["Shrug It Off","Panache"],"gold_per_floor":[111,111,61,78,93,93,122,137,161,180,180,208,221,231,231,332,332,344,269,146,146,157,185,204,204,256,285,295,329,349,367,367,468,468,478,527,540,554,241,241,241,252,252,252,252,102,102,121,121,121],"floor_reached":51,"campfire_rested":1,"playtime":3691,"current_hp_per_floor":[80,80,80,80,80,80,80,80,80,71,71,63,64,66,66,15,80,68,68,68,68,79,59,58,58,58,72,76,71,73,80,80,25,80,80,70,74,64,64,64,64,67,67,57,57,57,57,53,77,24],"items_purged":["Defend_R","Defend_R","Writhe","Writhe"],"gold":121,"play_id":"e0c673a1-4552-4818-b5b8-c1450ea4160f","is_prod":false,"is_daily":false,"campfire_rituals":0,"campfire_upgraded":6,"is_hardmode":false,"path_taken":["M","?","?","M","M","R","E","?","T","M","R","E","M","M","R","BOSS","M","?","$","?","M","E","M","R","T","E","M","E","M","M","R","BOSS","M","?","?","M","$","R","?","M","T","?","R","?","R","M","R","BOSS"],"build_version":"2018-01-11-PROD2","purchased_purges":4,"victory":true,"master_deck":["Defend_R","Bash","Shrug It Off","Fire Breathing","Uppercut","Combust","Pommel Strike","Shrug It Off","Shrug It Off","Exhume","Pommel Strike","Shrug It Off","Bite_R","Bite_R","Bite_R","Bite_R","Bite_R","Shrug It Off","Inflame","Clumsy","Uppercut","Offering","Demon Form","Shrug It Off","Demon Form","Limit Break","Flex","Flex","Battle Trance","Whirlwind","Panache","Pommel Strike","Madness","Madness","Twin Strike"],"max_hp_per_floor":[80,80,80,80,80,80,80,80,80,80,80,80,80,80,80,80,80,80,80,80,80,80,80,80,80,80,80,80,80,80,80,80,80,80,80,80,80,80,80,80,80,80,80,80,80,80,80,80,80,80],"relics":["Burning Blood","Dream Catcher","Champion Belt","Cursed Key","Vajra","Orichalcum","Calipers","Girya","Philosopher\u0027s Stone","Red Skull","Sundial"],"campfire_meditates":0,"card_choices":[{"not_picked":["Corruption","Havoc"],"picked":"Shrug It Off"},{"not_picked":["Havoc","Heavy Blade"],"picked":"Fire Breathing"},{"not_picked":["Sentinel","Exhume"],"picked":"Uppercut"},{"not_picked":["Sever Soul","Headbutt"],"picked":"Combust"},{"not_picked":["Clothesline","Heavy Blade"],"picked":"Pommel Strike"},{"not_picked":["Armaments","Anger"],"picked":"Shrug It Off"},{"not_picked":["Searing Blow","Clothesline"],"picked":"Shrug It Off"},{"not_picked":["Juggernaut","Fiend Fire"],"picked":"Exhume"},{"not_picked":["Headbutt","Body Slam"],"picked":"Pommel Strike"},{"not_picked":["Havoc","Cleave"],"picked":"Shrug It Off"},{"not_picked":["Rupture","Armaments"],"picked":"Inflame"},{"not_picked":["Havoc","Anger"],"picked":"Uppercut"},{"not_picked":["Sever Soul","Blood for Blood"],"picked":"Offering"},{"not_picked":["Heavy Blade","Spot Weakness"],"picked":"Demon Form"},{"not_picked":["Iron Wave","Headbutt"],"picked":"Shrug It Off"},{"not_picked":["Clash","Cleave"],"picked":"Demon Form"},{"not_picked":["Bludgeon","Barricade"],"picked":"Limit Break"},{"not_picked":["Shockwave","Headbutt"],"picked":"Flex"},{"not_picked":["True Grit","Sword Boomerang"],"picked":"Flex"},{"not_picked":["Dual Wield","Perfected Strike"],"picked":"Battle Trance"},{"not_picked":["Perfected Strike","Pommel Strike"],"picked":"Whirlwind"},{"not_picked":["Headbutt","Clothesline"],"picked":"Pommel Strike"},{"not_picked":["Cleave","Perfected Strike"],"picked":"Twin Strike"}],"player_experience":33406,"potions_floor_usage":[7,7,18,29,33,35,36,50,50],"damage_taken":[{"damage":5,"enemies":"Cultist","floor":1,"turns":4},{"damage":6,"enemies":"Jaw Worm","floor":4,"turns":3},{"damage":2,"enemies":"Small Slimes","floor":5,"turns":3},{"damage":16,"enemies":"3 Sentries","floor":7,"turns":6},{"damage":3,"enemies":"3 Louse","floor":8,"turns":4},{"damage":15,"enemies":"Lots of Slimes","floor":10,"turns":3},{"damage":16,"enemies":"Lagavulin","floor":12,"turns":7},{"damage":7,"enemies":"2 Fungi Beasts","floor":13,"turns":3},{"damage":6,"enemies":"Looter","floor":14,"turns":3},{"damage":59,"enemies":"Hexaghost","floor":16,"turns":10},{"damage":18,"enemies":"2 Thieves","floor":18,"turns":4},{"damage":7,"enemies":"Spheric Guardian","floor":22,"turns":4},{"damage":41,"enemies":"Slavers","floor":23,"turns":5},{"damage":15,"enemies":"Snake Plant","floor":24,"turns":4},{"damage":10,"enemies":"Gremlin Leader","floor":27,"turns":6},{"damage":16,"enemies":"Centurion and Healer","floor":28,"turns":5},{"damage":40,"enemies":"Slavers","floor":29,"turns":6},{"damage":14,"enemies":"Chosen and Byrds","floor":30,"turns":5},{"damage":4,"enemies":"Snecko","floor":31,"turns":3},{"damage":75,"enemies":"Automaton","floor":33,"turns":8},{"damage":10,"enemies":"3 Darklings","floor":35,"turns":5},{"damage":24,"enemies":"Mysterious Sphere","floor":36,"turns":6},{"damage":8,"enemies":"Orb Walker","floor":37,"turns":2},{"damage":26,"enemies":"4 Shapes","floor":38,"turns":10},{"damage":9,"enemies":"Sphere and 2 Shapes","floor":42,"turns":3},{"damage":18,"enemies":"Maw","floor":48,"turns":5},{"damage":71,"enemies":"Donu and Deca","floor":50,"turns":6}],"event_choices":[{"event_name":"Living Wall","player_choice":"Grow","floor":2,"damage_taken":0},{"event_name":"The Cleric","player_choice":"Card Removal","floor":3,"damage_taken":0},{"event_name":"Vampires","player_choice":"Became a vampire (Vial)","floor":21,"damage_taken":0},{"event_name":"Mysterious Sphere","player_choice":"Fight","floor":36,"damage_taken":0},{"event_name":"Tomb of Lord Red Mask","player_choice":"Ignored","floor":41,"damage_taken":0},{"event_name":"Winding Halls","player_choice":"Embrace Madness","floor":44,"damage_taken":0}],"boss_relics":[{"not_picked":["Runic Pyramid","Sozu"],"picked":"Cursed Key"},{"not_picked":["Runic Cube","Calling Bell"],"picked":"Philosopher\u0027s Stone"}],"potions_floor_spawned":[1,5,10,13,22,27,28,29,30,31,33,35,42],"seed_played":"1198410263060665017","is_trial":false}