{"gold_per_floor":[114,114,18,68,82,111,111,63,111,111,145,156,224,244,244,341,341,358,408,14,34,64,64,97,107,152,163,223,223],"floor_reached":29,"playtime":1680,"items_purged":["Strike_B"],"score":364,"play_id":"a5e118c7-bd64-4625-a14c-2efa7411f5cb","local_time":"20190603220014","is_ascension_mode":true,"campfire_choices":[{"data":"Zap","floor":7,"key":"SMITH"},{"floor":10,"key":"REST"},{"data":"Coolheaded","floor":15,"key":"SMITH"},{"data":"Creative AI","floor":23,"key":"SMITH"}],"neow_cost":"NONE","seed_source_timestamp":4059888723250407,"circlet_count":0,"master_deck":["Defend_B","Defend_B","Defend_B","Defend_B","Zap+1","Dualcast","Glacier","Doom and Gloom","Loop","Sweeping Beam","Ball Lightning","Coolheaded+1","Undo","Coolheaded","Skim","Creative AI+1","Undo+1","Defragment","Compile Driver","Cold Snap+1","Go for the Eyes","Hologram+1","Self Repair+1"],"relics":["Cracked Core","SsserpentHead","Blood Vial","Omamori","Pear","Velvet Choker","Symbiotic Virus","Oddly Smooth Stone","Vajra"],"potions_floor_usage":[24,28,29],"damage_taken":[{"damage":5,"enemies":"Small Slimes","floor":1,"turns":3},{"damage":4,"enemies":"Cultist","floor":5,"turns":5},{"damage":23,"enemies":"3 Sentries","floor":6,"turns":6},{"damage":0,"enemies":"Gremlin Nob","floor":11,"turns":3},{"damage":1,"enemies":"2 Louse","floor":12,"turns":3},{"damage":1,"enemies":"Red Slaver","floor":13,"turns":2},{"damage":2,"enemies":"Looter","floor":14,"turns":3},{"damage":28,"enemies":"The Guardian","floor":16,"turns":16},{"damage":12,"enemies":"Chosen","floor":18,"turns":5},{"damage":8,"enemies":"Spheric Guardian","floor":21,"turns":6},{"damage":44,"enemies":"Slavers","floor":24,"turns":8},{"damage":11,"enemies":"Centurion and Healer","floor":25,"turns":8},{"damage":0,"enemies":"Cultist and Chosen","floor":27,"turns":8},{"damage":26,"enemies":"Snake Plant","floor":28,"turns":4},{"damage":3,"enemies":"Book of Stabbing","floor":29,"turns":2}],"seed_played":"-6173606588213913765","potions_obtained":[{"floor":1,"key":"SneckoOil"},{"floor":11,"key":"AttackPotion"},{"floor":14,"key":"Regen Potion"},{"floor":24,"key":"GamblersBrew"}],"is_trial":false,"path_per_floor":["M","?","$","?","M","E","R","$","T","R","E","M","M","M","R","B",null,"M","?","$","M","?","R","E","M","T","M","M","E"],"character_chosen":"DEFECT","items_purchased":["Doom and Gloom","Loop","AttackPotion","Defragment","Symbiotic Virus"],"campfire_rested":1,"item_purchase_floors":[3,3,8,20,20],"current_hp_per_floor":[63,63,63,63,59,36,36,36,36,58,70,71,72,72,72,46,75,65,65,65,59,59,59,32,23,23,25,1,0],"gold":223,"neow_bonus":"REMOVE_CARD","is_prod":false,"is_daily":false,"chose_seed":false,"campfire_upgraded":3,"win_rate":0,"timestamp":1559613614,"path_taken":["M","?","?","?","M","E","R","$","T","R","E","M","?","M","R","BOSS","M","?","$","M","?","R","E","M","T","M","?","E"],"build_version":"2019-01-23","purchased_purges":1,"victory":false,"max_hp_per_floor":[75,75,75,75,75,75,75,75,75,75,85,85,85,85,85,85,85,85,85,85,85,85,85,85,85,85,85,85,85],"card_choices":[{"not_picked":["Ball Lightning","Double Energy"],"picked":"Glacier","floor":1},{"not_picked":["Heatsinks","Gash"],"picked":"Sweeping Beam","floor":5},{"not_picked":["Scrape","Doom and Gloom"],"picked":"Ball Lightning","floor":6},{"not_picked":["Streamline","Leap"],"picked":"Coolheaded","floor":11},{"not_picked":["Reinforced Body","Ball Lightning"],"picked":"Undo","floor":12},{"not_picked":["Scrape","Auto Shields"],"picked":"Coolheaded","floor":13},{"not_picked":["Auto Shields","Sweeping Beam"],"picked":"Skim","floor":14},{"not_picked":["Core Surge","All For One"],"picked":"Creative AI","floor":16},{"not_picked":["Sweeping Beam","Cold Snap"],"picked":"Undo+1","floor":18},{"not_picked":["White Noise","Force Field"],"picked":"Compile Driver","floor":21},{"not_picked":["Auto Shields+1","White Noise"],"picked":"Cold Snap+1","floor":24},{"not_picked":["Turbo","Streamline+1"],"picked":"Go for the Eyes","floor":25},{"not_picked":["Sunder+1","Coolheaded+1"],"picked":"Hologram+1","floor":27},{"not_picked":["Barrage+1","Go for the Eyes"],"picked":"Self Repair+1","floor":28}],"player_experience":312931,"relics_obtained":[{"floor":6,"key":"Blood Vial"},{"floor":9,"key":"Omamori"},{"floor":11,"key":"Pear"},{"floor":24,"key":"Oddly Smooth Stone"},{"floor":26,"key":"Vajra"}],"event_choices":[{"damage_healed":0,"gold_gain":0,"player_choice":"Trade","damage_taken":0,"relics_obtained":["SsserpentHead"],"max_hp_gain":0,"max_hp_loss":0,"event_name":"FaceTrader","floor":2,"gold_loss":0},{"cards_removed":["Strike_B"],"damage_healed":0,"gold_gain":0,"player_choice":"Purged","damage_taken":0,"max_hp_gain":0,"max_hp_loss":0,"event_name":"Purifier","floor":4,"gold_loss":0},{"cards_removed":["Strike_B"],"damage_healed":0,"gold_gain":0,"player_choice":"Elegance","damage_taken":0,"max_hp_gain":0,"max_hp_loss":0,"event_name":"Back to Basics","floor":19,"gold_loss":0},{"damage_healed":0,"gold_gain":0,"player_choice":"Bought 1 Potion","damage_taken":0,"max_hp_gain":0,"max_hp_loss":0,"event_name":"The Woman in Blue","floor":22,"gold_loss":0}],"is_beta":false,"boss_relics":[{"not_picked":["Pandora\u0027s Box","Calling Bell"],"picked":"Velvet Choker"}],"items_purged_floors":[20],"is_endless":false,"potions_floor_spawned":[1,11,14,18,24],"killed_by":"Book of Stabbing","ascension_level":6}