{"gold_per_floor":[131,143,167,179,209,221,258,282,294,306,344,369,303,350,350,429,429,445,445,453,38,38,86,9,41,41,87,122,144,168,202,202,307,307,330,442,442,365,381,435,466,518,597,642,662,66,66,96,96,302,334],"floor_reached":52,"playtime":7177,"items_purged":["Pain","Looming Evil","Regret"],"score":2465,"play_id":"7c2352b5-2809-43d4-b167-8a953805e4c7","local_time":"20190512032545","daily_mods":["Diverse"],"is_ascension_mode":true,"campfire_choices":[{"data":"Zap","floor":6.0,"key":"SMITH"},{"data":"Noxious Fumes","floor":10.0,"key":"SMITH"},{"data":"Barricade","floor":32,"key":"SMITH"},{"data":"True Grit","floor":47,"key":"SMITH"},{"data":"Creative AI","floor":49,"key":"SMITH"}],"neow_cost":"","seed_source_timestamp":0,"circlet_count":0,"master_deck":["infinitespire:Collect","A Thousand Cuts","Caltrops","Noxious Fumes+1","Footwork","Cloak And Dagger","PiercingWail","Backflip","Survivor","Neutralize","Clothesline","Juggernaut","Barricade+1","Feel No Pain+1","Spot Weakness","Flame Barrier","Armaments+1","Shrug It Off","True Grit+1","Reaper","Immolate","Bash","Cold Snap","Ball Lightning+1","Compile Driver","Gash+1","Go for the Eyes","Doom and Gloom","All For One","Core Surge","Coolheaded","Genetic Algorithm","Glacier","Creative AI+1","Dualcast","Zap+1","Double Energy+1","Hologram+1","Expertise+1","FTL+1","Inflame+1","Body Slam+1","Meteor Strike+1","Heavy Blade+1","Shrug It Off+1","Replay:Bag of Tricks+1","Metallicize+1","Pot Of Greed+1","Pot Of Greed+1","Pot Of Greed+1","Pot Of Greed+1","Pot Of Greed+1","Double Energy+1","FIFO Queue+1","ReplayTheSpireMod:Calculation Training+1","Havoc+1","Biased Cognition+1","Backflip+1","ReplayTheSpireMod:The Works+1","ReplayUltimateDefense+1","Backflip+1","Aggregate+1","Barrage+1","Pot Of Greed+1","Toxin Wave+1","Sword Boomerang+1","Consume+1"],"special_seed":0,"relics":["Cracked Core","Ring of the Snake","Mummified Hand","Burning Blood","Black Star","The Courier","MawBank","Matryoshka","Membership Card","Molten Egg 2","Toxic Egg 2","Frozen Egg 2","Potion Belt","WarpedTongs","Regal Pillow","infinitespire:Beetle Shell","Baseball","infinitespire:SolderingIron","infinitespire:Midas Blood","Snack Pack","Strawberry","Torii","Onion Ring","Replay:Accelerometer","Runic Pyramid","Replay:Blank Codex","BargainBundle","infinitespire:CheckeredPen","Question Card","Bandana","Grinning Jar","ReplayTheSpireMod:PocketPolymizer","infinitespire:Broken Mirror","ReplayTheSpireMod:CursedCoin","Replay:Rubber Ducky","Ornamental Fan","Pen Nib","Orichalcum","Lantern","Solar Panel","infinitespire:WardingShard","PreservedInsect","Replay:Grab Bag","Cursed Key","Coffee Dripper","Eternal Feather","Inserter","infinitespire:CursedDice","Anchor","Replay:Mystery Machine","infinitespire:FocusingShard","Ancient Tea Set","Letter Opener","DataDisk","Gremlin Horn","Raider\u0027s Mask","Whetstone","Carrot","Mercury Hourglass","Oddly Smooth Stone","StoneCalendar","Mango"],"potions_floor_usage":[50,50],"damage_taken":[{"damage":0.0,"enemies":"Cultist","floor":1.0,"turns":2.0},{"damage":0.0,"enemies":"2 Louse","floor":3.0,"turns":2.0},{"damage":0.0,"enemies":"Small Slimes","floor":5.0,"turns":2.0},{"damage":7.0,"enemies":"Gremlin Nob","floor":7.0,"turns":3.0},{"damage":16.0,"enemies":"Gremlin Gang","floor":8.0,"turns":3.0},{"damage":5.0,"enemies":"3 Sentries","floor":11.0,"turns":4.0},{"damage":0.0,"enemies":"Large Slime","floor":12.0,"turns":3.0},{"damage":26.0,"enemies":"Lagavulin","floor":14.0,"turns":4.0},{"damage":12.0,"enemies":"Slime Boss","floor":16.0,"turns":5.0},{"damage":3.0,"enemies":"Chosen","floor":18.0,"turns":3.0},{"damage":3.0,"enemies":"Replay:Snechameleon","floor":23.0,"turns":4.0},{"damage":1.0,"enemies":"Slavers","floor":25.0,"turns":3.0},{"damage":0,"enemies":"Replay:Snechameleon","floor":27,"turns":2},{"damage":6,"enemies":"3 Byrds","floor":28,"turns":2},{"damage":0,"enemies":"Sentry and Sphere","floor":29,"turns":2},{"damage":0,"enemies":"Cultist and Chosen","floor":30,"turns":5},{"damage":6,"enemies":"Centurion and Healer","floor":31,"turns":2},{"damage":9,"enemies":"Collector","floor":33,"turns":4},{"damage":0,"enemies":"3 Shapes","floor":35,"turns":2},{"damage":0,"enemies":"Mind Bloom Boss Battle","floor":36,"turns":3},{"damage":0,"enemies":"Orb Walker","floor":39,"turns":2},{"damage":1,"enemies":"Nemesis","floor":40,"turns":3},{"damage":0,"enemies":"Maw","floor":41,"turns":3},{"damage":0,"enemies":"Reptomancer","floor":42,"turns":2},{"damage":0,"enemies":"Nemesis","floor":44,"turns":1},{"damage":0,"enemies":"Sphere and 2 Shapes","floor":45,"turns":1},{"damage":0,"enemies":"Jaw Worm Horde","floor":48,"turns":2},{"damage":10,"enemies":"LordOfAnnihilation","floor":50,"turns":41},{"damage":32,"enemies":"Awakened One","floor":51,"turns":6}],"seed_played":"-730069183605171114","potions_obtained":[{"floor":3.0,"key":"EssenceOfSteel"},{"floor":5.0,"key":"infinitespire:BlackPotion"},{"floor":11.0,"key":"Toxic Potion"},{"floor":14.0,"key":"Strength Potion"}],"is_trial":true,"path_per_floor":["M","?","M","?","M","R","E","M","T","R","E","M","$","E","R","B",null,"M","?","?","$","?","E","$","E","T","E","M","M","M","M","R","B",null,"M","?","?","$","M","E","M","E","T","E","M","$","R","M","R","B","B",null],"character_chosen":"DEFECT","items_purchased":["Body Slam+1","Meteor Strike+1","BargainBundle","Metallicize+1","infinitespire:CheckeredPen","Question Card","Bandana","Grinning Jar","ReplayTheSpireMod:CursedCoin","Replay:Rubber Ducky","Ornamental Fan","ReplayUltimateDefense+1","Raider\u0027s Mask","Whetstone","Carrot","Mercury Hourglass","Oddly Smooth Stone","StoneCalendar"],"campfire_rested":0,"item_purchase_floors":[13,13,21,21,21,21,21,21,24,24,24,38,46,46,46,46,46,46],"current_hp_per_floor":[71,71,71,71,71,71,70,60,60,60,68,76,76,60,60,64,75,78,78,57,57,57,60,60,65,65,77,78,78,78,78,78,78,78,78,78,78,78,78,78,78,78,78,78,78,78,78,78,78,92,76],"gold":334,"neow_bonus":"","is_prod":false,"is_daily":false,"chose_seed":false,"campfire_upgraded":5,"win_rate":0,"timestamp":1557645945,"path_taken":["M","?","M","?","M","R","E","M","T","R","E","?","$","E","R","BOSS","M","?","?","$","?","E","$","E","T","E","M","M","M","?","R","BOSS","M","?","?","?","M","E","M","E","T","E","M","$","R","M","R","BOSS","BOSS"],"build_version":"2019-01-23","purchased_purges":3,"victory":true,"max_hp_per_floor":[71,71,71,71,71,71,71,71,71,71,78,78,78,78,78,78,78,78,78,78,78,78,78,78,78,78,78,78,78,78,78,78,78,78,78,78,78,78,78,78,78,78,78,78,78,78,78,78,78,92,92],"card_choices":[{"not_picked":["Run Through+1","Second Wind+1"],"picked":"Double Energy+1","floor":1.0},{"not_picked":["Slice+1","Underhanded Strike+1","Poisoned Stab+1"],"picked":"SKIP","floor":3.0},{"not_picked":["Rupture+1","Deflect+1"],"picked":"Hologram+1","floor":5.0},{"not_picked":["Conserve Battery+1","Leap+1"],"picked":"Expertise+1","floor":7.0},{"not_picked":["Leap+1","Auto Shields+1"],"picked":"FTL+1","floor":8.0},{"not_picked":["Blizzard+1","Leap+1","Heel Hook+1"],"picked":"SKIP","floor":11.0},{"not_picked":["Blizzard+1","Leap+1","Heel Hook+1"],"picked":"SKIP","floor":11.0},{"not_picked":["Thunderclap+1","Calculated Gamble+1"],"picked":"Inflame+1","floor":12.0},{"not_picked":["Sucker Punch+1","ReplayTheSpireMod:Strike From Hell+1"],"picked":"Heavy Blade+1","floor":14.0},{"not_picked":["Creative AI+1","Reboot+1"],"picked":"Replay:Bag of Tricks+1","floor":16.0},{"not_picked":["Masterful Stab+1","Clothesline+1","Reprogram+1"],"picked":"SKIP","floor":18.0},{"not_picked":["Turbo+1","Genetic Algorithm+1","Dodge and Roll+1"],"picked":"Double Energy+1","floor":23.0},{"not_picked":["ReplayTheSpireMod:Exploit Weakness+1","Cloak And Dagger+1","Heavy Blade+1","Clash+1"],"picked":"SKIP","floor":25.0},{"not_picked":["Steam+1","Thunderclap+1","Dropkick+1","ReplayTheSpireMod:Speed Training+1"],"picked":"SKIP","floor":27},{"not_picked":["Panic Button+1","Dash+1","Thunderclap+1"],"picked":"FIFO Queue+1","floor":28},{"not_picked":["Immolate+1","ReplayTheSpireMod:Muscle Training+1","ReplayTheSpireMod:Scrap Shanks+1"],"picked":"ReplayTheSpireMod:Calculation Training+1","floor":29},{"not_picked":["Expertise+1","Warcry+1","Rage+1","Sweeping Beam+1"],"picked":"SKIP","floor":30},{"not_picked":["Bane+1","Prepared+1","Quick Slash+1"],"picked":"Havoc+1","floor":31},{"not_picked":["Immolate+1","Core Surge+1","A Thousand Cuts+1"],"picked":"Biased Cognition+1","floor":33},{"not_picked":["Metallicize+1","Go for the Eyes+1","Expertise+1"],"picked":"Backflip+1","floor":35},{"not_picked":["Bane+1","Beam Cell+1","ReplayTheSpireMod:Speed Training+1"],"picked":"ReplayTheSpireMod:The Works+1","floor":36},{"not_picked":["Hello World+1","Headbutt+1","Blood for Blood+1"],"picked":"Backflip+1","floor":39},{"not_picked":["Turbo+1","Twin Strike+1","Distraction+1"],"picked":"Aggregate+1","floor":40},{"not_picked":["Caltrops+1","Backflip+1","Unload+1"],"picked":"Barrage+1","floor":41},{"not_picked":["Seeing Red+1","Leap+1","Reckless Charge+1","BasicCrystalCard+1"],"picked":"SKIP","floor":42},{"not_picked":["Whirlwind+1","Clothesline+1","Recycle+1"],"picked":"Toxin Wave+1","floor":44},{"not_picked":["Tactician+1","Melter+1","ReplayTheSpireMod:GoodbyeWorld+1"],"picked":"Sword Boomerang+1","floor":45},{"not_picked":["Gash+1","Rebound+1","Havoc+1"],"picked":"Consume+1","floor":48}],"player_experience":282245,"relics_obtained":[{"floor":7.0,"key":"Regal Pillow"},{"floor":7.0,"key":"infinitespire:Beetle Shell"},{"floor":9.0,"key":"Baseball"},{"floor":9.0,"key":"infinitespire:SolderingIron"},{"floor":11.0,"key":"infinitespire:Midas Blood"},{"floor":11.0,"key":"Snack Pack"},{"floor":14.0,"key":"Torii"},{"floor":14.0,"key":"Onion Ring"},{"floor":20.0,"key":"Replay:Blank Codex"},{"floor":23.0,"key":"ReplayTheSpireMod:PocketPolymizer"},{"floor":23.0,"key":"infinitespire:Broken Mirror"},{"floor":25.0,"key":"Pen Nib"},{"floor":25.0,"key":"Orichalcum"},{"floor":26,"key":"Lantern"},{"floor":26,"key":"Solar Panel"},{"floor":27,"key":"infinitespire:WardingShard"},{"floor":27,"key":"PreservedInsect"},{"floor":36,"key":"infinitespire:CursedDice"},{"floor":40,"key":"Anchor"},{"floor":40,"key":"Replay:Mystery Machine"},{"floor":42,"key":"infinitespire:FocusingShard"},{"floor":42,"key":"Ancient Tea Set"},{"floor":43,"key":"Letter Opener"},{"floor":44,"key":"DataDisk"},{"floor":44,"key":"Gremlin Horn"}],"event_choices":[{"damage_healed":0.0,"max_hp_gain":0.0,"max_hp_loss":0.0,"gold_gain":0.0,"event_name":"Living Wall","player_choice":"Grow","floor":2.0,"gold_loss":0.0,"damage_taken":0.0,"cards_upgraded":["Armaments"]},{"damage_healed":0.0,"max_hp_gain":0.0,"max_hp_loss":0.0,"gold_gain":0.0,"event_name":"Accursed Blacksmith","player_choice":"Rummage","floor":4.0,"gold_loss":0.0,"damage_taken":0.0,"relics_obtained":["WarpedTongs"],"cards_obtained":["Pain"]},{"damage_healed":0.0,"max_hp_gain":0.0,"max_hp_loss":0.0,"gold_gain":0.0,"event_name":"Cursed Tome","player_choice":"Obtained Book","floor":20.0,"gold_loss":0.0,"damage_taken":21.0},{"damage_healed":0.0,"max_hp_gain":0.0,"max_hp_loss":0.0,"gold_gain":0.0,"event_name":"Ghosts","player_choice":"Ignored","floor":22.0,"gold_loss":0.0,"damage_taken":0.0},{"damage_healed":0,"gold_gain":0,"player_choice":"Fight","damage_taken":0,"max_hp_gain":0,"max_hp_loss":0,"event_name":"MindBloom","floor":36,"gold_loss":0},{"cards_removed":["Disarm"],"damage_healed":0,"gold_gain":0,"player_choice":"Removed Skill","damage_taken":0,"max_hp_gain":0,"max_hp_loss":0,"event_name":"Falling","floor":37,"gold_loss":0}],"is_beta":false,"boss_relics":[{"not_picked":["Replay:Wanted Poster","Replay:Drink Me"],"picked":"Runic Pyramid"},{"not_picked":["Kintsugi","Fusion Hammer"],"picked":"Replay:Grab Bag"},{"not_picked":["Replay:Bronze Core","Philosopher\u0027s Stone"],"picked":"Cursed Key"},{"not_picked":["Velvet Choker","Painkiller Herb"],"picked":"Coffee Dripper"},{"not_picked":["Calling Bell","Empty Cage"],"picked":"Eternal Feather"},{"not_picked":["White Beast Statue","Nuclear Battery"],"picked":"Inserter"}],"items_purged_floors":[21,24,46],"is_endless":false,"potions_floor_spawned":[3,5,11,14,27,30,31,35,36,42,44,45],"ascension_level":20}