{"gold_per_floor":[117,127,427,427,441,469,469,492,492,522,522,522],"floor_reached":12,"playtime":572,"items_purged":[],"score":108,"play_id":"febbb869-b0fc-43c8-87c3-30588c4862f1","local_time":"20190512235707","is_ascension_mode":true,"campfire_choices":[{"data":"Thunderclap","floor":7,"key":"SMITH"}],"neow_cost":"NONE","seed_source_timestamp":2167232299260094,"circlet_count":0,"master_deck":["Strike_R","Strike_R","Strike_R","Strike_R","Strike_R","Defend_R","Defend_R","Defend_R","Defend_R","Bash","Armaments+1","Sword Boomerang","Inflame","Thunderclap+1","Exhume","Metallicize","Anger"],"relics":["Burning Blood","Old Coin","Bottled Flame","Odd Mushroom","Turnip","Torii"],"potions_floor_usage":[],"damage_taken":[{"damage":5,"enemies":"Small Slimes","floor":1,"turns":4},{"damage":5,"enemies":"2 Louse","floor":2,"turns":3},{"damage":7,"enemies":"Jaw Worm","floor":5,"turns":3},{"damage":32,"enemies":"Gremlin Nob","floor":6,"turns":4},{"damage":19,"enemies":"The Mushroom Lair","floor":8,"turns":4},{"damage":26,"enemies":"3 Sentries","floor":10,"turns":7},{"damage":13,"enemies":"Gremlin Gang","floor":12,"turns":1}],"seed_played":"-5540950493977393769","potions_obtained":[],"is_trial":false,"path_per_floor":["M","M","?","?","M","E","R","?","T","E","?","M"],"character_chosen":"IRONCLAD","items_purchased":[],"campfire_rested":0,"item_purchase_floors":[],"current_hp_per_floor":[80,80,73,73,72,46,46,33,33,13,13,0],"gold":522,"neow_bonus":"THREE_CARDS","is_prod":false,"is_daily":false,"chose_seed":false,"campfire_upgraded":1,"win_rate":0,"timestamp":1557719827,"path_taken":["M","M","?","?","M","E","R","?","T","E","?","M"],"build_version":"2019-01-23","purchased_purges":0,"victory":false,"max_hp_per_floor":[80,80,80,80,80,80,80,80,80,80,80,80],"card_choices":[{"not_picked":["Searing Blow","Sword Boomerang"],"picked":"Armaments","floor":0},{"not_picked":["Havoc","Perfected Strike"],"picked":"Sword Boomerang","floor":1},{"not_picked":["Sword Boomerang","True Grit"],"picked":"Inflame","floor":2},{"not_picked":["Power Through","Cleave"],"picked":"Thunderclap","floor":5},{"not_picked":["Sword Boomerang","Reckless Charge"],"picked":"Exhume","floor":6},{"not_picked":["Body Slam","Dual Wield"],"picked":"Metallicize","floor":8},{"not_picked":["Wild Strike","Burning Pact"],"picked":"Anger","floor":10}],"player_experience":294867,"relics_obtained":[{"floor":6,"key":"Bottled Flame"},{"floor":8,"key":"Odd Mushroom"},{"floor":9,"key":"Turnip"},{"floor":10,"key":"Torii"}],"event_choices":[{"damage_healed":0,"gold_gain":0,"player_choice":"Success","damage_taken":7,"relics_obtained":["Old Coin"],"max_hp_gain":0,"max_hp_loss":0,"event_name":"Scrap Ooze","floor":3,"gold_loss":0},{"damage_healed":0,"gold_gain":0,"player_choice":"Grow","damage_taken":0,"max_hp_gain":0,"max_hp_loss":0,"event_name":"Living Wall","floor":4,"gold_loss":0,"cards_upgraded":["Armaments"]},{"damage_healed":0,"gold_gain":0,"player_choice":"Fought Mushrooms","damage_taken":0,"max_hp_gain":0,"max_hp_loss":0,"event_name":"Mushrooms","floor":8,"gold_loss":0},{"damage_healed":0,"gold_gain":0,"player_choice":"Ignored","damage_taken":0,"max_hp_gain":0,"max_hp_loss":0,"event_name":"Shining Light","floor":11,"gold_loss":0}],"is_beta":false,"boss_relics":[],"items_purged_floors":[],"is_endless":false,"potions_floor_spawned":[],"killed_by":"Gremlin Gang","ascension_level":5}