{"gold_per_floor":[116,126,137,149,6,6,33,53,53,53,66,66,91,101,101,101],"floor_reached":16,"playtime":757,"items_purged":[],"score":137,"play_id":"4c36f8c1-e19f-4396-8a24-c81bab5d199e","local_time":"20190328212605","is_ascension_mode":true,"campfire_choices":[{"data":"Zap","floor":6,"key":"SMITH"},{"floor":15,"key":"REST"}],"neow_cost":"NONE","seed_source_timestamp":1177077482857816,"circlet_count":0,"master_deck":["Strike_B","Strike_B","Strike_B","Strike_B","Defend_B","Defend_B","Defend_B","Defend_B","Zap+1","Dualcast+1","Leap","Doom and Gloom","Coolheaded","Consume","Defragment+1","Core Surge","Heatsinks","Ball Lightning","Seek","Compile Driver"],"relics":["Cracked Core","Peace Pipe","Matryoshka","Kunai"],"potions_floor_usage":[13,13,13,13,14,16],"damage_taken":[{"damage":1,"enemies":"Cultist","floor":1,"turns":3},{"damage":3,"enemies":"Small Slimes","floor":2,"turns":3},{"damage":8,"enemies":"2 Louse","floor":3,"turns":3},{"damage":6,"enemies":"Large Slime","floor":4,"turns":5},{"damage":19,"enemies":"Lagavulin","floor":7,"turns":7},{"damage":11,"enemies":"3 Louse","floor":8,"turns":2},{"damage":7,"enemies":"2 Fungi Beasts","floor":11,"turns":3},{"damage":1,"enemies":"3 Sentries","floor":13,"turns":6},{"damage":0,"enemies":"Exordium Wildlife","floor":14,"turns":3},{"damage":47,"enemies":"Slime Boss","floor":16,"turns":7}],"seed_played":"-7655487726634196164","potions_obtained":[{"floor":1,"key":"EntropicBrew"},{"floor":2,"key":"SkillPotion"},{"floor":8,"key":"Ancient Potion"}],"is_trial":false,"path_per_floor":["M","M","M","M","$","R","E","M","T","$","M","?","E","M","R","B"],"character_chosen":"DEFECT","items_purchased":["Defragment","Core Surge"],"campfire_rested":1,"item_purchase_floors":[5,5],"current_hp_per_floor":[81,78,70,64,64,64,45,34,34,34,27,11,10,10,34,0],"gold":101,"neow_bonus":"TEN_PERCENT_HP_BONUS","is_prod":false,"is_daily":false,"chose_seed":false,"campfire_upgraded":1,"win_rate":0,"timestamp":1553822765,"path_taken":["M","M","M","?","?","R","E","M","T","$","?","?","E","M","R","BOSS"],"build_version":"2019-01-23","purchased_purges":0,"victory":false,"max_hp_per_floor":[82,82,82,82,82,82,82,82,82,82,82,82,82,82,82,82],"card_choices":[{"not_picked":["Rebound","Sweeping Beam"],"picked":"Leap","floor":1},{"not_picked":["Leap","Tempest"],"picked":"Doom and Gloom","floor":2},{"not_picked":["Steam Power","Loop"],"picked":"Coolheaded","floor":3},{"not_picked":["Reprogram","Stack"],"picked":"Consume","floor":4},{"not_picked":["Reprogram","Darkness"],"picked":"Heatsinks","floor":7},{"not_picked":["Skim","Loop"],"picked":"Ball Lightning","floor":8},{"not_picked":["Leap","Redo","Chaos"],"picked":"SKIP","floor":11},{"not_picked":["Chill","Gash"],"picked":"Seek","floor":13},{"not_picked":["Sunder","Gash"],"picked":"Compile Driver","floor":14}],"player_experience":179228,"relics_obtained":[{"floor":7,"key":"Peace Pipe"},{"floor":9,"key":"Matryoshka"},{"floor":13,"key":"Kunai"}],"event_choices":[{"damage_healed":0,"gold_gain":0,"player_choice":"Entered Light","damage_taken":16,"max_hp_gain":0,"max_hp_loss":0,"event_name":"Shining Light","floor":12,"gold_loss":0,"cards_upgraded":["Defragment","Dualcast"]}],"is_beta":false,"boss_relics":[],"items_purged_floors":[],"is_endless":false,"potions_floor_spawned":[1,2,8,11],"killed_by":"Slime Boss","ascension_level":4}