{"gold_per_floor":[113,126,126,142,142,142,174,174,219,239,239],"floor_reached":11,"playtime":473,"items_purged":[],"score":95,"play_id":"b05760b0-7ea2-4ce9-a4be-d14e62546050","local_time":"20190701015538","is_ascension_mode":true,"campfire_choices":[{"floor":6,"key":"REST"},{"data":"Coolheaded","floor":8,"key":"SMITH"}],"neow_cost":"NONE","seed_source_timestamp":1408232987838351,"circlet_count":0,"master_deck":["Strike_B+1","Strike_B+1","Strike_B","Defend_B","Defend_B","Defend_B","Defend_B","Zap+1","Dualcast","Capacitor+1","Leap","Coolheaded+1","Cold Snap","Compile Driver","Darkness"],"relics":["Cracked Core","Smiling Mask","Whetstone"],"potions_floor_usage":[7],"damage_taken":[{"damage":8,"enemies":"Jaw Worm","floor":1,"turns":4},{"damage":6,"enemies":"Cultist","floor":2,"turns":3},{"damage":0,"enemies":"Small Slimes","floor":4,"turns":3},{"damage":31,"enemies":"Gremlin Nob","floor":7,"turns":4},{"damage":14,"enemies":"Exordium Thugs","floor":10,"turns":4},{"damage":17,"enemies":"3 Sentries","floor":11,"turns":7}],"seed_played":"-2616574427242892670","potions_obtained":[{"floor":1,"key":"Fire Potion"},{"floor":7,"key":"LiquidBronze"}],"is_trial":false,"path_per_floor":["M","M","?","M","?","R","E","R","T","M","E"],"character_chosen":"DEFECT","items_purchased":[],"campfire_rested":1,"item_purchase_floors":[],"current_hp_per_floor":[60,54,39,39,39,61,30,30,30,16,0],"gold":239,"neow_bonus":"TRANSFORM_CARD","is_prod":false,"is_daily":false,"chose_seed":false,"campfire_upgraded":1,"win_rate":0,"timestamp":1561960538,"path_taken":["M","M","?","M","?","R","E","R","T","?","E"],"build_version":"2019-01-23","purchased_purges":0,"victory":false,"max_hp_per_floor":[75,75,75,75,75,75,75,75,75,75,75],"card_choices":[{"not_picked":["Auto Shields","Double Energy"],"picked":"Leap","floor":1},{"not_picked":["Barrage","Undo"],"picked":"Coolheaded","floor":2},{"not_picked":["Redo","Storm"],"picked":"Cold Snap","floor":4},{"not_picked":["Blizzard","Chill"],"picked":"Compile Driver","floor":7},{"not_picked":["Compile Driver","Rip and Tear"],"picked":"Darkness","floor":10}],"player_experience":336859,"relics_obtained":[{"floor":7,"key":"Smiling Mask"},{"floor":9,"key":"Whetstone"}],"event_choices":[{"damage_healed":0,"gold_gain":0,"player_choice":"Entered Light","damage_taken":15,"max_hp_gain":0,"max_hp_loss":0,"event_name":"Shining Light","floor":3,"gold_loss":0,"cards_upgraded":["Capacitor","Zap"]},{"damage_healed":0,"gold_gain":0,"player_choice":"0 cards matched","damage_taken":0,"max_hp_gain":0,"max_hp_loss":0,"event_name":"Match and Keep!","floor":5,"gold_loss":0,"cards_obtained":[]}],"is_beta":false,"boss_relics":[],"items_purged_floors":[],"is_endless":false,"potions_floor_spawned":[1,7],"killed_by":"3 Sentries","ascension_level":6}