{"gold_per_floor":[118,118,134,32,32,64,78,108,108,143,156,156,175,175,175,270,270,281,431,449,499,549,584,634,178,204,235,254,268,268,299,299,299],"floor_reached":33,"playtime":1833,"items_purged":["Strike_R","Strike_R"],"score":516,"play_id":"0696f81e-dcc6-493a-af49-61ff6b063bfe","local_time":"20190627171345","is_ascension_mode":true,"campfire_choices":[{"data":"True Grit","floor":12,"key":"SMITH"},{"data":"Uppercut","floor":15,"key":"SMITH"},{"data":"Apotheosis","floor":30,"key":"SMITH"},{"data":"Demon Form","floor":32,"key":"SMITH"}],"neow_cost":"NONE","seed_source_timestamp":1116358863178956,"circlet_count":0,"master_deck":["Strike_R","Strike_R","Strike_R","Defend_R","Defend_R","Defend_R","Defend_R","Bash","Armaments+1","True Grit+1","Sword Boomerang","Anger","Rampage","Spot Weakness","Inflame+1","Uppercut+1","Offering","Iron Wave+1","Injury","Thunderclap+1","Corruption","Apotheosis+1","Normality","Burning Pact","Demon Form+1"],"relics":["Burning Blood","NeowsBlessing","Red Skull","Charon\u0027s Ashes","Singing Bowl","Gremlin Horn","Blood Vial","SsserpentHead","Cursed Key","Mango","Matryoshka","Dodecahedron","Smiling Mask","Juzu Bracelet","Champion Belt","Membership Card","FossilizedHelix","Centennial Puzzle","PreservedInsect","Pear","Oddly Smooth Stone"],"potions_floor_usage":[10,16,19,33],"damage_taken":[{"damage":0,"enemies":"Small Slimes","floor":1,"turns":1},{"damage":0,"enemies":"Cultist","floor":3,"turns":1},{"damage":0,"enemies":"Gremlin Nob","floor":6,"turns":1},{"damage":7,"enemies":"2 Louse","floor":7,"turns":2},{"damage":33,"enemies":"3 Sentries","floor":8,"turns":7},{"damage":12,"enemies":"Gremlin Nob","floor":10,"turns":3},{"damage":9,"enemies":"Red Slaver","floor":11,"turns":2},{"damage":6,"enemies":"2 Fungi Beasts","floor":13,"turns":2},{"damage":20,"enemies":"Hexaghost","floor":16,"turns":9},{"damage":19,"enemies":"Shell Parasite","floor":18,"turns":4},{"damage":7,"enemies":"Colosseum Slavers","floor":19,"turns":3},{"damage":9,"enemies":"Colosseum Nobs","floor":19,"turns":5},{"damage":12,"enemies":"Spheric Guardian","floor":20,"turns":3},{"damage":6,"enemies":"Gremlin Leader","floor":23,"turns":4},{"damage":23,"enemies":"Slavers","floor":27,"turns":2},{"damage":14,"enemies":"Centurion and Healer","floor":28,"turns":4},{"damage":13,"enemies":"Snecko","floor":29,"turns":3},{"damage":7,"enemies":"Book of Stabbing","floor":31,"turns":3},{"damage":65,"enemies":"Automaton","floor":33,"turns":8}],"seed_played":"8255704510913066630","potions_obtained":[{"floor":6,"key":"Strength Potion"},{"floor":7,"key":"Weak Potion"},{"floor":10,"key":"SkillPotion"},{"floor":11,"key":"SpeedPotion"},{"floor":18,"key":"Fire Potion"},{"floor":19,"key":"SneckoOil"},{"floor":28,"key":"Poison Potion"},{"floor":31,"key":"AttackPotion"}],"is_trial":false,"path_per_floor":["M","?","M","$","?","E","M","E","T","E","M","R","M","?","R","B",null,"M","?","M","?","T","E","?","$","T","E","M","M","R","E","R","B"],"character_chosen":"IRONCLAD","items_purchased":["Sword Boomerang","Membership Card","Corruption","FossilizedHelix","Apotheosis"],"campfire_rested":0,"item_purchase_floors":[4,25,25,25,25],"current_hp_per_floor":[80,80,80,80,68,74,73,48,48,42,41,41,43,43,43,31,69,60,76,72,72,72,74,74,74,74,69,65,62,62,63,63,0],"gold":299,"neow_bonus":"THREE_ENEMY_KILL","is_prod":false,"is_daily":false,"chose_seed":false,"campfire_upgraded":4,"win_rate":0,"timestamp":1561670025,"path_taken":["M","?","?","$","?","E","M","E","T","E","M","R","M","?","R","BOSS","M","?","M","?","?","E","?","?","T","E","M","M","R","E","R","BOSS"],"build_version":"2019-01-23","purchased_purges":2,"victory":false,"max_hp_per_floor":[80,80,80,80,80,80,80,82,82,82,82,82,82,82,82,82,82,84,100,100,100,100,100,100,100,100,110,112,114,114,114,114,114],"card_choices":[{"not_picked":["Warcry","True Grit"],"picked":"Armaments","floor":1},{"not_picked":["Thunderclap","Body Slam"],"picked":"True Grit","floor":3},{"not_picked":["Heavy Blade","Carnage"],"picked":"Anger","floor":6},{"not_picked":["Seeing Red","Sever Soul"],"picked":"Rampage","floor":7},{"not_picked":["Evolve","Clash","Brutality"],"picked":"Singing Bowl","floor":8},{"not_picked":["Ghostly Armor","Burning Pact"],"picked":"Spot Weakness","floor":10},{"not_picked":["Ghostly Armor","Heavy Blade"],"picked":"Inflame","floor":11},{"not_picked":["Headbutt","Sword Boomerang"],"picked":"Uppercut","floor":13},{"not_picked":["Limit Break","Juggernaut"],"picked":"Offering","floor":16},{"not_picked":["Pummel","Cleave+1","Flex"],"picked":"Singing Bowl","floor":18},{"not_picked":["Twin Strike","Wild Strike","Flex+1"],"picked":"Singing Bowl","floor":19},{"not_picked":["Flex","Headbutt"],"picked":"Iron Wave+1","floor":20},{"not_picked":["Offering","Reckless Charge"],"picked":"Thunderclap+1","floor":23},{"not_picked":["Intimidate","Entrench"],"picked":"Burning Pact","floor":27},{"not_picked":["Perfected Strike+1","Thunderclap","Twin Strike"],"picked":"Singing Bowl","floor":28},{"not_picked":["Clothesline","Intimidate","Flex"],"picked":"Singing Bowl","floor":29},{"not_picked":["Iron Wave","Pommel Strike"],"picked":"Demon Form","floor":31}],"player_experience":334150,"relics_obtained":[{"floor":6,"key":"Charon\u0027s Ashes"},{"floor":8,"key":"Singing Bowl"},{"floor":9,"key":"Gremlin Horn"},{"floor":10,"key":"Blood Vial"},{"floor":19,"key":"Mango"},{"floor":19,"key":"Matryoshka"},{"floor":22,"key":"Smiling Mask"},{"floor":22,"key":"Juzu Bracelet"},{"floor":23,"key":"Champion Belt"},{"floor":26,"key":"Centennial Puzzle"},{"floor":26,"key":"PreservedInsect"},{"floor":27,"key":"Pear"},{"floor":31,"key":"Oddly Smooth Stone"}],"event_choices":[{"damage_healed":0,"gold_gain":0,"player_choice":"Upgraded","damage_taken":0,"max_hp_gain":0,"max_hp_loss":0,"event_name":"Upgrade Shrine","floor":2,"gold_loss":0,"cards_upgraded":["Armaments"]},{"damage_healed":0,"gold_gain":0,"player_choice":"Success","damage_taken":12,"relics_obtained":["Red Skull"],"max_hp_gain":0,"max_hp_loss":0,"event_name":"Scrap Ooze","floor":5,"gold_loss":0},{"damage_healed":0,"gold_gain":0,"player_choice":"Trade","damage_taken":0,"relics_obtained":["SsserpentHead"],"max_hp_gain":0,"max_hp_loss":0,"event_name":"FaceTrader","floor":14,"gold_loss":0},{"damage_healed":0,"gold_gain":0,"player_choice":"Fight","damage_taken":0,"max_hp_gain":0,"max_hp_loss":0,"event_name":"Colosseum","floor":19,"gold_loss":0},{"damage_healed":0,"gold_gain":0,"player_choice":"Fought Nobs","damage_taken":0,"max_hp_gain":0,"max_hp_loss":0,"event_name":"Colosseum","floor":19,"gold_loss":0},{"damage_healed":0,"gold_gain":0,"player_choice":"Opened","damage_taken":0,"relics_obtained":["Dodecahedron"],"max_hp_gain":0,"max_hp_loss":0,"event_name":"The Mausoleum","floor":21,"gold_loss":0},{"damage_healed":0,"gold_gain":0,"player_choice":"Upgraded","damage_taken":0,"max_hp_gain":0,"max_hp_loss":0,"event_name":"Upgrade Shrine","floor":24,"gold_loss":0,"cards_upgraded":["Inflame"]}],"is_beta":false,"boss_relics":[{"not_picked":["Astrolabe","Mark of Pain"],"picked":"Cursed Key"}],"items_purged_floors":[4,25],"is_endless":false,"potions_floor_spawned":[6,7,10,11,18,19,28,29,31],"killed_by":"Automaton","ascension_level":5}