{"gold_per_floor":[116,116,127,146,156,156,186,186,186,261,296,314,314,324,324,428,428,446,478,478],"floor_reached":20,"playtime":934,"items_purged":[],"score":239,"play_id":"8737f391-9e21-42fb-80ac-1994f0e52422","local_time":"20190705005803","is_ascension_mode":true,"campfire_choices":[{"data":"Zap","floor":6,"key":"SMITH"},{"data":"Go for the Eyes","floor":8,"key":"SMITH"},{"floor":13,"key":"REST"},{"floor":15,"key":"REST"}],"neow_cost":"NONE","seed_source_timestamp":1749908418152818,"circlet_count":0,"master_deck":["Strike_B","Strike_B","Strike_B","Strike_B","Defend_B","Defend_B","Defend_B","Defend_B","Zap+1","Dualcast","Cold Snap","Sweeping Beam","Compile Driver","Leap","Go for the Eyes+1","Conserve Battery","Creative AI","Static Discharge+1","Coolheaded+1"],"relics":["Cracked Core","Regal Pillow","Singing Bowl","Lantern","Cables","Philosopher\u0027s Stone","Red Mask"],"potions_floor_usage":[19],"damage_taken":[{"damage":0,"enemies":"2 Louse","floor":1,"turns":2},{"damage":0,"enemies":"Cultist","floor":3,"turns":3},{"damage":1,"enemies":"Small Slimes","floor":4,"turns":3},{"damage":4,"enemies":"Blue Slaver","floor":5,"turns":3},{"damage":27,"enemies":"Gremlin Nob","floor":7,"turns":5},{"damage":18,"enemies":"Lagavulin","floor":11,"turns":6},{"damage":3,"enemies":"Looter","floor":12,"turns":3},{"damage":6,"enemies":"2 Fungi Beasts","floor":14,"turns":2},{"damage":13,"enemies":"Slime Boss","floor":16,"turns":10},{"damage":36,"enemies":"2 Thieves","floor":18,"turns":4},{"damage":16,"enemies":"Masked Bandits","floor":19,"turns":3},{"damage":32,"enemies":"3 Byrds","floor":20,"turns":2}],"seed_played":"-1193808606897641064","potions_obtained":[{"floor":1,"key":"LiquidBronze"},{"floor":3,"key":"Swift Potion"},{"floor":7,"key":"Swift Potion"},{"floor":12,"key":"SmokeBomb"}],"is_trial":false,"path_per_floor":["M","?","M","M","M","R","E","R","T","?","E","M","R","M","R","B",null,"M","?","M"],"character_chosen":"DEFECT","items_purchased":[],"campfire_rested":2,"item_purchase_floors":[],"current_hp_per_floor":[75,75,75,74,70,70,43,43,43,32,16,13,53,49,86,73,83,47,31,0],"gold":478,"neow_bonus":"TEN_PERCENT_HP_BONUS","is_prod":false,"is_daily":false,"chose_seed":false,"campfire_upgraded":2,"win_rate":0,"timestamp":1562302683,"path_taken":["M","?","?","M","M","R","E","R","T","?","E","M","R","M","R","BOSS","M","?","M"],"build_version":"2019-07-01","purchased_purges":0,"victory":false,"max_hp_per_floor":[82,82,82,82,82,82,82,82,82,82,84,84,84,86,86,86,86,86,86,86],"card_choices":[{"not_picked":["BootSequence","Fusion"],"picked":"Cold Snap","floor":1},{"not_picked":["Streamline","Go for the Eyes"],"picked":"Sweeping Beam","floor":3},{"not_picked":["Beam Cell","Turbo"],"picked":"Compile Driver","floor":4},{"not_picked":["Redo","Rebound"],"picked":"Leap","floor":5},{"not_picked":["Streamline","Barrage"],"picked":"Go for the Eyes","floor":7},{"not_picked":["Leap","Stack","Rainbow"],"picked":"Singing Bowl","floor":11},{"not_picked":["Compile Driver","Streamline"],"picked":"Conserve Battery","floor":12},{"not_picked":["Stack","Compile Driver","Streamline"],"picked":"Singing Bowl","floor":14},{"not_picked":["Reboot","Thunder Strike"],"picked":"Creative AI","floor":16},{"not_picked":["Redo","Steam Power+1"],"picked":"Static Discharge+1","floor":18},{"not_picked":["Streamline+1","Hologram"],"picked":"Coolheaded+1","floor":19}],"player_experience":339136,"relics_obtained":[{"floor":7,"key":"Singing Bowl"},{"floor":9,"key":"Lantern"},{"floor":11,"key":"Cables"},{"floor":19,"key":"Red Mask"}],"event_choices":[{"damage_healed":0,"gold_gain":0,"player_choice":"Gave Potion","damage_taken":0,"relics_obtained":["Regal Pillow"],"max_hp_gain":0,"max_hp_loss":0,"event_name":"WeMeetAgain","floor":2,"gold_loss":0},{"damage_healed":0,"gold_gain":75,"player_choice":"Gather Gold","damage_taken":11,"max_hp_gain":0,"max_hp_loss":0,"event_name":"World of Goop","floor":10,"gold_loss":0},{"damage_healed":0,"gold_gain":0,"player_choice":"Fought Bandits","damage_taken":0,"max_hp_gain":0,"max_hp_loss":0,"event_name":"Masked Bandits","floor":19,"gold_loss":0}],"is_beta":false,"boss_relics":[{"not_picked":["FrozenCore","Runic Dome"],"picked":"Philosopher\u0027s Stone"}],"items_purged_floors":[],"is_endless":false,"potions_floor_spawned":[1,3,7,12],"killed_by":"3 Byrds","ascension_level":6}