{"gold_per_floor":[117,128,148,160,174,208,208,221,244,275,275,309,320,320,320,425,425,442,442,90,90,90,116,132,166,166,181,181,210,310,320,320,417,417,432,450,467,518,518,575,593,620,647,658,658,658,688,88,88,88,88,88,9,43,43],"floor_reached":55,"playtime":5723,"items_purged":["Writhe","Strike_R"],"score":1021,"play_id":"e71d152f-b5dd-43e0-b050-fe89dcb790ad","local_time":"20190309005748","is_ascension_mode":true,"campfire_choices":[{"floor":7,"key":"REST"},{"data":"True Grit","floor":11,"key":"SMITH"},{"data":"True Grit","floor":15,"key":"SMITH"},{"floor":28,"key":"REST"},{"floor":32,"key":"RECALL"},{"data":"Juggernaut","floor":46,"key":"SMITH"},{"data":"Bash","floor":49,"key":"SMITH"},{"data":"Clothesline","floor":52,"key":"SMITH"}],"neow_cost":"NONE","seed_source_timestamp":932674815095432,"circlet_count":0,"master_deck":["Strike_R","Strike_R","Strike_R","Strike_R","Defend_R","Defend_R","Defend_R","Defend_R+1","Bash+1","True Grit+1","Clothesline","Carnage","Burning Pact","Offering","Clothesline+1","True Grit+1","Juggernaut+1","Whirlwind+1","Reaper","Shrug It Off+1","Armaments+1","Feed","Shockwave+1","Battle Trance+1","Anger+1","Sword Boomerang+1","Ghostly Armor+1","Disarm+1","Impervious+1","Body Slam+1","Shrug It Off+1","Pommel Strike+1","Disarm+1","Madness+1","Madness+1","Shockwave+1","Whirlwind+1","Feel No Pain"],"relics":["Burning Blood","Happy Flower","Ginger","Pen Nib","Toxic Egg 2","Red Skull","Velvet Choker","MawBank","Kunai","Enchiridion","Bag of Marbles","Potion Belt","Molten Egg 2","Gremlin Horn","Magic Flower","Letter Opener","Coffee Dripper","StoneCalendar","Tiny Chest","Meat on the Bone","Bottled Lightning","Art of War","Charon\u0027s Ashes","TheAbacus","Bottled Flame"],"potions_floor_usage":[12,16,25,30,30,33,33,42,50,55,55,55],"damage_taken":[{"damage":11,"enemies":"Small Slimes","floor":1,"turns":4},{"damage":4,"enemies":"Jaw Worm","floor":2,"turns":5},{"damage":6,"enemies":"2 Louse","floor":3,"turns":3},{"damage":6,"enemies":"Exordium Wildlife","floor":4,"turns":4},{"damage":1,"enemies":"Looter","floor":5,"turns":4},{"damage":30,"enemies":"Gremlin Nob","floor":6,"turns":4},{"damage":5,"enemies":"2 Fungi Beasts","floor":8,"turns":3},{"damage":26,"enemies":"Lagavulin","floor":10,"turns":7},{"damage":6,"enemies":"Gremlin Nob","floor":12,"turns":4},{"damage":6,"enemies":"Blue Slaver","floor":13,"turns":3},{"damage":25,"enemies":"Hexaghost","floor":16,"turns":8},{"damage":16,"enemies":"3 Byrds","floor":18,"turns":5},{"damage":20,"enemies":"Book of Stabbing","floor":23,"turns":4},{"damage":13,"enemies":"2 Thieves","floor":24,"turns":4},{"damage":3,"enemies":"Gremlin Leader","floor":25,"turns":4},{"damage":25,"enemies":"Snake Plant","floor":27,"turns":4},{"damage":26,"enemies":"Slavers","floor":29,"turns":3},{"damage":6,"enemies":"Colosseum Slavers","floor":30,"turns":1},{"damage":23,"enemies":"Colosseum Nobs","floor":30,"turns":4},{"damage":15,"enemies":"Centurion and Healer","floor":31,"turns":4},{"damage":35,"enemies":"Collector","floor":33,"turns":7},{"damage":9,"enemies":"Orb Walker","floor":35,"turns":2},{"damage":31,"enemies":"3 Darklings","floor":36,"turns":3},{"damage":23,"enemies":"Jaw Worm Horde","floor":37,"turns":3},{"damage":5,"enemies":"2 Orb Walkers","floor":38,"turns":4},{"damage":8,"enemies":"Reptomancer","floor":40,"turns":4},{"damage":34,"enemies":"Transient","floor":41,"turns":5},{"damage":34,"enemies":"Nemesis","floor":42,"turns":7},{"damage":37,"enemies":"4 Shapes","floor":44,"turns":5},{"damage":28,"enemies":"Giant Head","floor":47,"turns":7},{"damage":38,"enemies":"Time Eater","floor":50,"turns":8},{"damage":28,"enemies":"Shield and Spear","floor":54,"turns":7},{"damage":81,"enemies":"The Heart","floor":55,"turns":8}],"seed_played":"4396256680009027844","potions_obtained":[{"floor":4,"key":"EssenceOfSteel"},{"floor":5,"key":"Block Potion"},{"floor":6,"key":"BloodPotion"},{"floor":16,"key":"Strength Potion"},{"floor":18,"key":"Fire Potion"},{"floor":25,"key":"PowerPotion"},{"floor":30,"key":"Explosive Potion"},{"floor":33,"key":"AttackPotion"},{"floor":35,"key":"Regen Potion"},{"floor":36,"key":"Poison Potion"},{"floor":41,"key":"LiquidBronze"},{"floor":44,"key":"EssenceOfSteel"}],"is_trial":false,"path_per_floor":["M","M","M","M","M","E","R","M","T","E","R","E","M","?","R","B",null,"M","?","$","?","$","E","M","E","T","M","R","E","?","M","R","B",null,"M","M","M","?","?","E","M","E","T","M","T","R","E","$","R","B",null,"R","$","E","B"],"character_chosen":"IRONCLAD","items_purchased":["Armaments+1","Kunai","Charon\u0027s Ashes","TheAbacus","Feel No Pain"],"campfire_rested":2,"item_purchase_floors":[20,20,48,48,53],"current_hp_per_floor":[75,77,77,77,80,56,80,80,80,60,60,60,60,44,44,33,80,73,73,73,57,57,43,36,63,63,44,68,66,49,53,53,72,83,83,61,75,86,75,86,61,60,60,50,50,50,69,69,69,58,86,86,86,67,0],"gold":43,"neow_bonus":"RANDOM_COMMON_RELIC","is_prod":false,"is_daily":false,"chose_seed":false,"campfire_upgraded":5,"win_rate":0,"timestamp":1552111068,"path_taken":["M","M","M","M","M","E","R","M","T","E","R","E","M","?","R","BOSS","M","?","$","?","?","E","M","E","T","M","R","E","?","M","R","BOSS","M","M","M","?","?","E","M","E","T","M","?","R","E","?","R","BOSS","R","$","E","BOSS"],"build_version":"2019-01-23","purchased_purges":2,"victory":false,"max_hp_per_floor":[80,80,80,80,80,80,80,80,80,80,80,80,80,80,80,80,80,80,80,80,80,80,80,80,80,80,80,80,80,80,83,83,83,83,83,83,86,86,86,86,86,86,86,86,86,86,86,86,86,86,86,86,86,86,86],"card_choices":[{"not_picked":["Cleave","Headbutt"],"picked":"True Grit","floor":1},{"not_picked":["Iron Wave","Heavy Blade"],"picked":"Clothesline","floor":2},{"not_picked":["Clothesline","Hemokinesis"],"picked":"Carnage","floor":3},{"not_picked":["Reckless Charge","Infernal Blade"],"picked":"Burning Pact","floor":4},{"not_picked":["Combust","Thunderclap"],"picked":"Offering","floor":5},{"not_picked":["Carnage","Searing Blow"],"picked":"Clothesline","floor":6},{"not_picked":["Warcry","Burning Pact"],"picked":"True Grit","floor":8},{"not_picked":["Pummel","Heavy Blade"],"picked":"Juggernaut","floor":10},{"not_picked":["Rupture","Hemokinesis","Burning Pact+1"],"picked":"SKIP","floor":12},{"not_picked":["Headbutt","Metallicize"],"picked":"Whirlwind","floor":13},{"not_picked":["Exhume+1","Juggernaut"],"picked":"Reaper","floor":16},{"not_picked":["Perfected Strike","Searing Blow"],"picked":"Shrug It Off+1","floor":18},{"not_picked":["Combust","Hemokinesis"],"picked":"Feed","floor":23},{"not_picked":["Sword Boomerang","Searing Blow"],"picked":"Shockwave+1","floor":24},{"not_picked":["Ghostly Armor+1","Berserk"],"picked":"Battle Trance+1","floor":25},{"not_picked":["Power Through+1","Twin Strike+1"],"picked":"Anger+1","floor":27},{"not_picked":["Entrench+1","Sever Soul+1"],"picked":"Sword Boomerang+1","floor":29},{"not_picked":["True Grit+1","Headbutt+1"],"picked":"Ghostly Armor+1","floor":30},{"not_picked":["Thunderclap+1","Corruption+1"],"picked":"Disarm+1","floor":31},{"not_picked":["Feed+1","Reaper+1"],"picked":"Impervious+1","floor":33},{"not_picked":["Seeing Red+1","Thunderclap+1"],"picked":"Body Slam+1","floor":35},{"not_picked":["Warcry+1","Headbutt+1"],"picked":"Shrug It Off+1","floor":36},{"not_picked":["Clothesline+1","Blood for Blood+1"],"picked":"Pommel Strike+1","floor":37},{"not_picked":["Body Slam+1","Perfected Strike+1"],"picked":"Disarm+1","floor":38},{"not_picked":["Dark Embrace","Warcry+1"],"picked":"Shockwave+1","floor":40},{"not_picked":["Cleave+1","Clothesline+1","Corruption"],"picked":"SKIP","floor":41},{"not_picked":["Berserk","Twin Strike+1","True Grit+1"],"picked":"SKIP","floor":42},{"not_picked":["Armaments+1","Shrug It Off+1"],"picked":"Whirlwind+1","floor":44},{"not_picked":["Shrug It Off+1","True Grit+1","Reckless Charge+1"],"picked":"SKIP","floor":47},{"not_picked":["Sword Boomerang+1","True Grit+1","Havoc+1"],"picked":"SKIP","floor":54}],"player_experience":100306,"relics_obtained":[{"floor":6,"key":"Ginger"},{"floor":9,"key":"Pen Nib"},{"floor":10,"key":"Toxic Egg 2"},{"floor":12,"key":"Red Skull"},{"floor":21,"key":"Enchiridion"},{"floor":23,"key":"Bag of Marbles"},{"floor":25,"key":"Potion Belt"},{"floor":26,"key":"Molten Egg 2"},{"floor":29,"key":"Gremlin Horn"},{"floor":30,"key":"Magic Flower"},{"floor":30,"key":"Letter Opener"},{"floor":38,"key":"StoneCalendar"},{"floor":40,"key":"Tiny Chest"},{"floor":42,"key":"Meat on the Bone"},{"floor":45,"key":"Bottled Lightning"},{"floor":47,"key":"Art of War"},{"floor":54,"key":"Bottled Flame"}],"event_choices":[{"damage_healed":0,"gold_gain":0,"player_choice":"Entered Light","damage_taken":16,"max_hp_gain":0,"max_hp_loss":0,"event_name":"Shining Light","floor":14,"gold_loss":0,"cards_upgraded":["Whirlwind","Defend_R"]},{"damage_healed":0,"gold_gain":0,"player_choice":"Opened","damage_taken":0,"relics_obtained":["MawBank"],"max_hp_gain":0,"max_hp_loss":0,"event_name":"The Mausoleum","floor":19,"gold_loss":0,"cards_obtained":["Writhe"]},{"damage_healed":0,"gold_gain":0,"player_choice":"Obtained Book","damage_taken":16,"max_hp_gain":0,"max_hp_loss":0,"event_name":"Cursed Tome","floor":21,"gold_loss":0},{"damage_healed":0,"gold_gain":0,"player_choice":"Fight","damage_taken":0,"max_hp_gain":0,"max_hp_loss":0,"event_name":"Colosseum","floor":30,"gold_loss":0},{"damage_healed":0,"gold_gain":0,"player_choice":"Fought Nobs","damage_taken":0,"max_hp_gain":0,"max_hp_loss":0,"event_name":"Colosseum","floor":30,"gold_loss":0},{"damage_healed":0,"gold_gain":0,"player_choice":"Fight","damage_taken":0,"max_hp_gain":0,"max_hp_loss":0,"event_name":"Mysterious Sphere","floor":38,"gold_loss":0},{"damage_healed":0,"gold_gain":0,"player_choice":"Embrace Madness","damage_taken":11,"max_hp_gain":0,"max_hp_loss":0,"event_name":"Winding Halls","floor":39,"gold_loss":0,"cards_obtained":["Madness","Madness"]}],"is_beta":false,"boss_relics":[{"not_picked":["Cursed Key","Sozu"],"picked":"Velvet Choker"},{"not_picked":["Runic Pyramid","Busted Crown"],"picked":"Coffee Dripper"}],"items_purged_floors":[20,48],"is_endless":false,"potions_floor_spawned":[4,5,6,10,16,18,25,27,30,33,35,36,41,44],"killed_by":"The Heart","ascension_level":2}