{"gold_per_floor":[115,115,132,151,1,35,35,35,105,135,67,85,154,168,168,263,263,276,366,376,394,394,394,426,426,426,426,441,145,165,165,165,266,266,282,382,382,382],"floor_reached":38,"playtime":2342,"items_purged":["Strike_B","Strike_B"],"score":528,"play_id":"4ef6c30e-13a1-46f4-90ab-56febafe89e4","local_time":"20190424020356","is_ascension_mode":true,"campfire_choices":[{"data":"Zap","floor":8,"key":"SMITH"},{"data":"Genetic Algorithm","floor":15,"key":"SMITH"},{"floor":23,"key":"REST"},{"floor":25,"key":"REST"},{"data":"Capacitor","floor":27,"key":"SMITH"},{"data":"Amplify","floor":32,"key":"SMITH"}],"neow_cost":"NONE","seed_source_timestamp":531477802154496,"circlet_count":0,"master_deck":["Strike_B","Defend_B","Defend_B","Defend_B","Defend_B","Zap+1","Dualcast","Cold Snap","Undo","Genetic Algorithm+1","Cold Snap","FTL","Doom and Gloom","Conserve Battery","Static Discharge","Seek","Blizzard","Amplify+1","Capacitor+1","Swift Strike","Self Repair+1","Loop","Lockon+1","Barrage+1","Ball Lightning+1","Loop","Seek","Compile Driver+1","All For One+1","Barrage+1","Writhe"],"relics":["Cracked Core","Strawberry","Centennial Puzzle","Letter Opener","Mummified Hand","Busted Crown","Molten Egg 2","Pen Nib","Pear","Nuclear Battery","StoneCalendar"],"potions_floor_usage":[10,20,33,33,33,33,33],"damage_taken":[{"damage":0,"enemies":"2 Louse","floor":1,"turns":2},{"damage":5,"enemies":"Jaw Worm","floor":3,"turns":4},{"damage":0,"enemies":"Cultist","floor":4,"turns":4},{"damage":20,"enemies":"Lagavulin","floor":6,"turns":8},{"damage":6,"enemies":"3 Sentries","floor":10,"turns":4},{"damage":5,"enemies":"Exordium Wildlife","floor":12,"turns":4},{"damage":0,"enemies":"Looter","floor":14,"turns":3},{"damage":16,"enemies":"Hexaghost","floor":16,"turns":9},{"damage":8,"enemies":"3 Byrds","floor":18,"turns":4},{"damage":6,"enemies":"2 Thieves","floor":20,"turns":4},{"damage":15,"enemies":"Chosen and Byrds","floor":21,"turns":5},{"damage":43,"enemies":"Book of Stabbing","floor":24,"turns":6},{"damage":22,"enemies":"3 Cultists","floor":28,"turns":5},{"damage":16,"enemies":"Centurion and Healer","floor":30,"turns":6},{"damage":69,"enemies":"Collector","floor":33,"turns":9},{"damage":7,"enemies":"Orb Walker","floor":35,"turns":3},{"damage":23,"enemies":"Mind Bloom Boss Battle","floor":36,"turns":6}],"seed_played":"-1949958247461249940","potions_obtained":[{"floor":1,"key":"EssenceOfSteel"},{"floor":3,"key":"SkillPotion"},{"floor":7,"key":"Energy Potion"},{"floor":7,"key":"EntropicBrew"},{"floor":18,"key":"SkillPotion"},{"floor":28,"key":"Weak Potion"},{"floor":33,"key":"Strength Potion"},{"floor":35,"key":"Swift Potion"}],"is_trial":false,"path_per_floor":["M","?","M","M","$","E","?","R","T","E","$","M","?","M","R","B",null,"M","?","M","M","T","R","E","R","T","R","M","$","M","?","R","B",null,"M","?","?","M"],"character_chosen":"DEFECT","items_purchased":["FTL","Static Discharge","Ball Lightning+1","Loop","Seek"],"campfire_rested":2,"item_purchase_floors":[5,11,29,29,29],"current_hp_per_floor":[82,82,77,77,77,57,57,57,57,51,51,46,46,46,46,30,69,61,37,31,26,26,50,27,51,61,61,59,59,63,63,63,31,77,90,77,92,0],"gold":382,"neow_bonus":"RANDOM_COMMON_RELIC","is_prod":false,"is_daily":false,"chose_seed":false,"campfire_upgraded":4,"win_rate":0,"timestamp":1556085836,"path_taken":["M","?","M","M","$","E","?","R","T","E","$","?","?","M","R","BOSS","M","?","?","M","?","R","E","R","T","R","M","$","M","?","R","BOSS","M","?","?","M"],"build_version":"2019-01-23","purchased_purges":2,"victory":false,"max_hp_per_floor":[82,82,82,82,82,82,82,82,82,82,82,82,82,82,82,82,82,82,82,82,82,82,82,82,82,92,92,92,92,92,92,92,92,92,92,92,92,92],"card_choices":[{"not_picked":["Consume","Stack"],"picked":"Cold Snap","floor":1},{"not_picked":["Storm","Reprogram"],"picked":"Genetic Algorithm","floor":3},{"not_picked":["Streamline","Melter"],"picked":"Cold Snap","floor":4},{"not_picked":["Redo","Lockon"],"picked":"Doom and Gloom","floor":6},{"not_picked":["Sweeping Beam","Rebound"],"picked":"Conserve Battery","floor":10},{"not_picked":["Steam","Hello World"],"picked":"Seek","floor":12},{"not_picked":["Rebound","Chill"],"picked":"Blizzard","floor":14},{"not_picked":["Multi-Cast","Rainbow"],"picked":"Amplify","floor":16},{"not_picked":[],"picked":"Capacitor","floor":18},{"not_picked":[],"picked":"Self Repair+1","floor":20},{"not_picked":[],"picked":"Loop","floor":21},{"not_picked":[],"picked":"Lockon+1","floor":24},{"not_picked":[],"picked":"Barrage+1","floor":28},{"not_picked":["Redo"],"picked":"SKIP","floor":30},{"not_picked":[],"picked":"All For One+1","floor":33},{"not_picked":[],"picked":"Barrage+1","floor":35}],"player_experience":222586,"relics_obtained":[{"floor":6,"key":"Centennial Puzzle"},{"floor":9,"key":"Letter Opener"},{"floor":10,"key":"Mummified Hand"},{"floor":22,"key":"Molten Egg 2"},{"floor":24,"key":"Pen Nib"},{"floor":26,"key":"Pear"},{"floor":36,"key":"StoneCalendar"}],"event_choices":[{"damage_healed":0,"gold_gain":0,"cards_transformed":["Strike_B"],"player_choice":"Change","damage_taken":0,"max_hp_gain":0,"max_hp_loss":0,"event_name":"Living Wall","floor":2,"gold_loss":0,"cards_obtained":["Undo"]},{"damage_healed":0,"gold_gain":0,"player_choice":"Got Potions","damage_taken":0,"max_hp_gain":0,"max_hp_loss":0,"event_name":"Lab","floor":7,"gold_loss":0},{"damage_healed":0,"gold_gain":69,"player_choice":"Gained Gold","damage_taken":0,"max_hp_gain":0,"max_hp_loss":0,"event_name":"Golden Wing","floor":13,"gold_loss":0},{"damage_healed":0,"gold_gain":90,"player_choice":"CARD GOLD ","damage_taken":24,"max_hp_gain":0,"max_hp_loss":0,"event_name":"Knowing Skull","floor":19,"potions_obtained":[],"gold_loss":0,"cards_obtained":["Swift Strike"]},{"damage_healed":0,"gold_gain":0,"player_choice":"Read","damage_taken":0,"max_hp_gain":0,"max_hp_loss":0,"event_name":"The Library","floor":31,"gold_loss":0,"cards_obtained":["Compile Driver"]},{"damage_healed":0,"gold_gain":0,"player_choice":"Fight","damage_taken":0,"max_hp_gain":0,"max_hp_loss":0,"event_name":"MindBloom","floor":36,"gold_loss":0},{"damage_healed":23,"gold_gain":0,"player_choice":"Writhe","damage_taken":0,"max_hp_gain":0,"max_hp_loss":0,"event_name":"Winding Halls","floor":37,"gold_loss":0,"cards_obtained":["Writhe"]}],"is_beta":false,"boss_relics":[{"not_picked":["Lizard Tail","FrozenCore"],"picked":"Busted Crown"},{"not_picked":["Runic Pyramid","Calling Bell"],"picked":"Nuclear Battery"}],"items_purged_floors":[5,29],"is_endless":false,"potions_floor_spawned":[1,3,18,28,33,35],"killed_by":"3 Shapes","ascension_level":5}