{"gold_per_floor":[112,112,129,32,52,84,84,117,117,117,150,167,132,207,207,207],"floor_reached":16,"playtime":876,"items_purged":[],"score":159,"play_id":"af49ebb7-47df-49f3-8ac5-bfecb15eda30","local_time":"20190627172836","is_ascension_mode":true,"campfire_choices":[{"floor":7,"key":"REST"},{"data":"Poisoned Stab","floor":10,"key":"SMITH"},{"floor":15,"key":"REST"}],"neow_cost":"NONE","seed_source_timestamp":1118209358755896,"circlet_count":0,"master_deck":["Defend_G","Defend_G","Defend_G","Defend_G","Defend_G","Strike_G","Strike_G","Strike_G","Strike_G","Strike_G","Survivor","Neutralize+1","Footwork+1","Poisoned Stab+1","PiercingWail","Deflect","Blur","Skewer","Escape Plan","PiercingWail","Acrobatics"],"relics":["Ring of the Snake","Singing Bowl","Dream Catcher","FossilizedHelix"],"potions_floor_usage":[6,11,16],"damage_taken":[{"damage":9,"enemies":"Small Slimes","floor":1,"turns":4},{"damage":7,"enemies":"2 Louse","floor":3,"turns":3},{"damage":0,"enemies":"Jaw Worm","floor":5,"turns":5},{"damage":15,"enemies":"Gremlin Nob","floor":6,"turns":5},{"damage":8,"enemies":"3 Sentries","floor":8,"turns":15},{"damage":43,"enemies":"Lagavulin","floor":11,"turns":7},{"damage":0,"enemies":"3 Louse","floor":12,"turns":4},{"damage":37,"enemies":"Slime Boss","floor":16,"turns":8}],"seed_played":"-5209138849039195059","potions_obtained":[{"floor":5,"key":"Fire Potion"},{"floor":8,"key":"LiquidBronze"},{"floor":12,"key":"Fire Potion"}],"is_trial":false,"path_per_floor":["M","?","M","$","M","E","R","E","T","R","E","M","?","?","R","B"],"character_chosen":"THE_SILENT","items_purchased":["PiercingWail","PowerPotion"],"campfire_rested":2,"item_purchase_floors":[4,4],"current_hp_per_floor":[54,54,47,47,47,32,53,45,45,45,2,2,19,8,29,0],"gold":207,"neow_bonus":"UPGRADE_CARD","is_prod":false,"is_daily":false,"chose_seed":false,"campfire_upgraded":1,"win_rate":0,"timestamp":1561670916,"path_taken":["M","?","M","$","M","E","R","E","T","R","E","M","?","?","R","BOSS"],"build_version":"2019-01-23","purchased_purges":0,"victory":false,"max_hp_per_floor":[70,70,70,70,70,70,70,70,70,70,70,70,70,70,70,70],"card_choices":[{"not_picked":["Poisoned Stab","Bouncing Flask"],"picked":"Footwork","floor":1},{"not_picked":["Deflect","Sucker Punch"],"picked":"Poisoned Stab","floor":3},{"not_picked":["Distraction","Underhanded Strike"],"picked":"Deflect","floor":5},{"not_picked":["Dagger Throw","Deadly Poison"],"picked":"Blur","floor":6},{"not_picked":["Choke","Blade Dance"],"picked":"Skewer","floor":8},{"not_picked":["Underhanded Strike","Outmaneuver"],"picked":"Escape Plan","floor":11},{"not_picked":["Riddle With Holes","Flying Knee"],"picked":"PiercingWail","floor":12},{"not_picked":["PiercingWail","Calculated Gamble"],"picked":"Acrobatics","floor":15}],"player_experience":335983,"relics_obtained":[{"floor":6,"key":"Singing Bowl"},{"floor":8,"key":"Dream Catcher"},{"floor":11,"key":"FossilizedHelix"}],"event_choices":[{"damage_healed":0,"gold_gain":0,"player_choice":"Grow","damage_taken":0,"max_hp_gain":0,"max_hp_loss":0,"event_name":"Living Wall","floor":2,"gold_loss":0,"cards_upgraded":["Footwork"]},{"damage_healed":17,"gold_gain":0,"player_choice":"Healed","damage_taken":0,"max_hp_gain":0,"max_hp_loss":0,"event_name":"The Cleric","floor":13,"gold_loss":35},{"damage_healed":0,"gold_gain":75,"player_choice":"Gather Gold","damage_taken":11,"max_hp_gain":0,"max_hp_loss":0,"event_name":"World of Goop","floor":14,"gold_loss":0}],"is_beta":false,"boss_relics":[],"items_purged_floors":[],"is_endless":false,"potions_floor_spawned":[5,8,12],"killed_by":"Slime Boss","ascension_level":7}