{"gold_per_floor":[114,114,129,149,424,424,455,28,28,43,64,64,64,95,95,199,199,217,217,228,143,159,159,159],"floor_reached":24,"playtime":1012,"items_purged":["Regret"],"score":235,"play_id":"3e963813-38ed-44c3-ba91-a816e459d109","local_time":"20180909212223","is_ascension_mode":true,"campfire_choices":[{"data":"Zap","floor":6,"key":"SMITH"},{"floor":13,"key":"REST"},{"floor":15,"key":"REST"},{"data":"Echo Form","floor":23,"key":"SMITH"}],"neow_cost":"NONE","seed_source_timestamp":183507081555174,"circlet_count":0,"master_deck":["Strike_B","Strike_B","Strike_B","Defend_B","Defend_B","Defend_B","Defend_B","Zap+1","Dualcast","Ball Lightning","Thunder Strike","Ball Lightning","Cold Snap","Machine Learning","Conserve Battery","Loop","Glacier","Consume","Echo Form+1","Cold Snap","Conserve Battery","Consume"],"relics":["Cracked Core","Orichalcum","Blood Vial","Mango","Question Card","Odd Mushroom","PreservedInsect","Inserter","Art of War"],"potions_floor_usage":[14,16,18,22,24],"damage_taken":[{"damage":4,"enemies":"Small Slimes","floor":1,"turns":2},{"damage":0,"enemies":"Cultist","floor":3,"turns":2},{"damage":0,"enemies":"2 Louse","floor":4,"turns":2},{"damage":27,"enemies":"Lagavulin","floor":7,"turns":4},{"damage":29,"enemies":"Gremlin Gang","floor":10,"turns":4},{"damage":13,"enemies":"The Mushroom Lair","floor":11,"turns":3},{"damage":4,"enemies":"Gremlin Nob","floor":14,"turns":4},{"damage":43,"enemies":"Hexaghost","floor":16,"turns":9},{"damage":9,"enemies":"Chosen","floor":18,"turns":7},{"damage":22,"enemies":"Shell Parasite","floor":20,"turns":6},{"damage":10,"enemies":"Centurion and Healer","floor":22,"turns":8},{"damage":70,"enemies":"Gremlin Leader","floor":24,"turns":6}],"seed_played":"-1891692358091494791","potions_obtained":[{"floor":1,"key":"LiquidBronze"},{"floor":7,"key":"Swift Potion"},{"floor":10,"key":"Poison Potion"},{"floor":14,"key":"Fire Potion"},{"floor":16,"key":"PowerPotion"},{"floor":18,"key":"Explosive Potion"},{"floor":22,"key":"Dexterity Potion"}],"is_trial":false,"path_per_floor":["M","?","M","M","?","R","E","$","T","M","?","?","R","E","R","B",null,"M","?","M","?","M","R"],"character_chosen":"DEFECT","items_purchased":["Mango","Conserve Battery"],"campfire_rested":2,"item_purchase_floors":[8,8],"current_hp_per_floor":[71,71,71,71,71,71,44,58,58,31,20,20,46,44,70,29,89,87,87,67,67,59,59,0],"gold":159,"neow_bonus":"RANDOM_COMMON_RELIC","is_prod":false,"is_daily":false,"chose_seed":false,"campfire_upgraded":2,"win_rate":0,"timestamp":1536542543,"path_taken":["M","?","M","M","?","R","E","$","T","M","?","?","R","E","R","BOSS","M","?","?","?","?","R","E"],"build_version":"2018-09-06","purchased_purges":1,"victory":false,"max_hp_per_floor":[75,75,75,75,75,75,75,89,89,89,89,89,89,89,89,89,89,89,89,89,89,89,89,89],"card_choices":[{"not_picked":["BootSequence","Streamline"],"picked":"Ball Lightning","floor":1},{"not_picked":["Double Energy","Sweeping Beam"],"picked":"Ball Lightning","floor":3},{"not_picked":["Steam","Rip and Tear"],"picked":"Cold Snap","floor":4},{"not_picked":["Beam Cell","Creative AI"],"picked":"Machine Learning","floor":7},{"not_picked":["Beam Cell","Steam","Go for the Eyes"],"picked":"Loop","floor":10},{"not_picked":["Streamline","Gash","Cold Snap"],"picked":"Glacier","floor":11},{"not_picked":["Coolheaded","FTL","Barrage"],"picked":"Consume","floor":14},{"not_picked":["Rainbow","All For One","Creative AI"],"picked":"Echo Form","floor":16},{"not_picked":["Leap","Aggregate+1","Gash"],"picked":"Cold Snap","floor":18},{"not_picked":["Sweeping Beam","Scrape","Aggregate"],"picked":"Conserve Battery","floor":20},{"not_picked":["Streamline","Blizzard+1","Storm"],"picked":"Consume","floor":22}],"player_experience":100277,"relics_obtained":[{"floor":7,"key":"Blood Vial"},{"floor":9,"key":"Question Card"},{"floor":11,"key":"Odd Mushroom"},{"floor":14,"key":"PreservedInsect"}],"event_choices":[{"event_name":"Transmorgrifier","player_choice":"Transform","floor":2,"damage_taken":0},{"event_name":"Golden Shrine","player_choice":"Desecrate","floor":5,"damage_taken":0},{"event_name":"Mushrooms","player_choice":"Fought Mushrooms","floor":11,"damage_taken":0},{"event_name":"Shining Light","player_choice":"Ignored","floor":12,"damage_taken":0},{"event_name":"The Woman in Blue","player_choice":"Bought 0 Potions","floor":19,"damage_taken":0},{"event_name":"Addict","player_choice":"Obtained Relic","floor":21,"damage_taken":0}],"is_beta":false,"boss_relics":[{"not_picked":["Pandora\u0027s Box","Ectoplasm"],"picked":"Inserter"}],"items_purged_floors":[8],"is_endless":false,"potions_floor_spawned":[1,7,10,14,16,18,22],"killed_by":"Gremlin Leader","ascension_level":3}