{"gold_per_floor":[109,124,140,156,156,156,183,183,209,224,224,259,60,73,73,175,175,192,192,212,222,147,147],"floor_reached":23,"playtime":2090,"items_purged":["Defend_R"],"score":244,"play_id":"a1095364-e627-44c6-8531-a5c525c3bf7c","local_time":"20190321183159","is_ascension_mode":true,"campfire_choices":[{"data":"Clothesline","floor":6,"key":"SMITH"},{"data":"Body Slam","floor":8,"key":"SMITH"},{"floor":11,"key":"REST"},{"floor":15,"key":"REST"}],"neow_cost":"NONE","seed_source_timestamp":560502071346780,"circlet_count":0,"master_deck":["Strike_R","Strike_R","Defend_R","Defend_R","Bash","Battle Trance","Warcry","Cleave","Clothesline+1","Body Slam+1","Metallicize","Iron Wave","Feel No Pain","Feel No Pain","Offering","Double Tap","Double Tap+1","Dual Wield+1","Pommel Strike+1","True Grit","Reaper","Flame Barrier+1","Sentinel+1"],"relics":["Burning Blood","Omamori","Dream Catcher","Bronze Scales","Shovel","ClockworkSouvenir","Astrolabe"],"potions_floor_usage":[12,12,14,23],"damage_taken":[{"damage":11,"enemies":"Cultist","floor":1,"turns":4},{"damage":10,"enemies":"2 Louse","floor":2,"turns":3},{"damage":16,"enemies":"Jaw Worm","floor":3,"turns":4},{"damage":7,"enemies":"Large Slime","floor":4,"turns":5},{"damage":26,"enemies":"Gremlin Nob","floor":7,"turns":5},{"damage":20,"enemies":"Exordium Wildlife","floor":10,"turns":5},{"damage":25,"enemies":"3 Sentries","floor":12,"turns":8},{"damage":9,"enemies":"Gremlin Gang","floor":14,"turns":4},{"damage":41,"enemies":"Slime Boss","floor":16,"turns":13},{"damage":29,"enemies":"3 Byrds","floor":18,"turns":3},{"damage":19,"enemies":"Spheric Guardian","floor":20,"turns":5},{"damage":32,"enemies":"Snake Plant","floor":21,"turns":4},{"damage":26,"enemies":"Gremlin Leader","floor":23,"turns":6}],"seed_played":"8229828842279084237","potions_obtained":[{"floor":2,"key":"SkillPotion"},{"floor":4,"key":"SkillPotion"},{"floor":7,"key":"Block Potion"},{"floor":18,"key":"AttackPotion"}],"is_trial":false,"path_per_floor":["M","M","M","M","?","R","E","R","T","M","R","E","$","M","R","B",null,"M","?","M","M","$","E"],"character_chosen":"IRONCLAD","items_purchased":["ClockworkSouvenir"],"campfire_rested":2,"item_purchase_floors":[13],"current_hp_per_floor":[75,71,61,60,53,53,33,33,33,19,43,24,24,21,45,10,80,57,57,44,23,23,0],"gold":147,"neow_bonus":"REMOVE_CARD","is_prod":false,"is_daily":false,"chose_seed":false,"campfire_upgraded":2,"win_rate":0,"timestamp":1553207519,"path_taken":["M","M","M","?","?","R","E","R","T","M","R","E","$","M","R","BOSS","M","?","?","M","$","E"],"build_version":"2019-01-23","purchased_purges":1,"victory":false,"max_hp_per_floor":[80,80,80,80,80,80,80,80,80,80,80,80,80,80,80,80,80,80,80,80,80,80,80],"card_choices":[{"not_picked":["Clash","Havoc"],"picked":"Battle Trance","floor":1},{"not_picked":["Blood for Blood","Flex"],"picked":"Warcry","floor":2},{"not_picked":["Clash","Wild Strike"],"picked":"Cleave","floor":3},{"not_picked":["Pommel Strike","Offering"],"picked":"Clothesline","floor":4},{"not_picked":["Rupture","Havoc"],"picked":"Body Slam","floor":7},{"not_picked":["Havoc","Reckless Charge"],"picked":"Metallicize","floor":10},{"not_picked":["Pommel Strike","Armaments"],"picked":"Iron Wave","floor":11},{"not_picked":["Evolve","Havoc"],"picked":"Feel No Pain","floor":12},{"not_picked":["Pommel Strike","Warcry"],"picked":"Feel No Pain","floor":14},{"not_picked":["Pommel Strike","Flex"],"picked":"Offering","floor":15},{"not_picked":["Fiend Fire","Dark Embrace"],"picked":"Double Tap","floor":16},{"not_picked":["Heavy Blade+1","Clash+1"],"picked":"True Grit","floor":18},{"not_picked":["Feel No Pain","Clash"],"picked":"Flame Barrier+1","floor":20},{"not_picked":["True Grit","Rage"],"picked":"Sentinel+1","floor":21}],"player_experience":157711,"relics_obtained":[{"floor":7,"key":"Dream Catcher"},{"floor":9,"key":"Bronze Scales"},{"floor":12,"key":"Shovel"}],"event_choices":[{"damage_healed":0,"gold_gain":0,"player_choice":"Success","damage_taken":7,"relics_obtained":["Omamori"],"max_hp_gain":0,"max_hp_loss":0,"event_name":"Scrap Ooze","floor":5,"gold_loss":0},{"damage_healed":0,"gold_gain":0,"player_choice":"1 cards matched","damage_taken":0,"max_hp_gain":0,"max_hp_loss":0,"event_name":"Match and Keep!","floor":19,"gold_loss":0,"cards_obtained":["Reaper"]}],"is_beta":false,"boss_relics":[{"not_picked":["Fusion Hammer","Runic Cube"],"picked":"Astrolabe"}],"items_purged_floors":[22],"is_endless":false,"potions_floor_spawned":[2,4,7,10,18],"killed_by":"Gremlin Leader","ascension_level":4}