{"gold_per_floor":[109,127,52,52,70,105,105,139,139,139,165,165,199,219,219,322,322,334,334,0,18,32,63,63,92,119,119,130,130,141,176,176,278,278,288,301,301],"floor_reached":37,"playtime":4897,"items_purged":["Doubt","Strike_G"],"score":559,"play_id":"93fe8c5b-8c9e-4734-8a2f-0bfc07488345","local_time":"20190310000301","is_ascension_mode":true,"campfire_choices":[{"floor":7,"key":"REST"},{"floor":15,"key":"REST"},{"data":"Neutralize","floor":24,"key":"SMITH"},{"data":"Infinite Blades","floor":27,"key":"SMITH"},{"data":"Footwork","floor":29,"key":"SMITH"},{"floor":32,"key":"REST"}],"neow_cost":"CURSE","seed_source_timestamp":1016613408793778,"circlet_count":0,"master_deck":["Defend_G","Defend_G","Defend_G","Defend_G","Strike_G","Strike_G","Survivor","Neutralize+1","Setup+1","Flying Knee","Backflip","Deadly Poison","Dagger Throw","Backflip","Bouncing Flask","Terror","Infinite Blades+1","Footwork+1","Blur","Escape Plan","Blur","Adrenaline","PiercingWail","Dagger Spray+1","Sucker Punch+1","Dagger Throw+1","Sucker Punch+1","Cloak And Dagger+1","Quick Slash+1","Accuracy"],"relics":["Ring of the Snake","Dream Catcher","The Specimen","The Courier","Regal Pillow","Tingsha","Ornamental Fan","Busted Crown","Molten Egg 2","Gremlin Horn","Bottled Tornado","PreservedInsect","Fusion Hammer"],"potions_floor_usage":[13,14,23,33],"damage_taken":[{"damage":5,"enemies":"2 Louse","floor":1,"turns":4},{"damage":3,"enemies":"Jaw Worm","floor":2,"turns":4},{"damage":0,"enemies":"Small Slimes","floor":5,"turns":4},{"damage":19,"enemies":"3 Sentries","floor":6,"turns":12},{"damage":24,"enemies":"Gremlin Nob","floor":8,"turns":5},{"damage":13,"enemies":"Lagavulin","floor":11,"turns":6},{"damage":5,"enemies":"3 Sentries","floor":13,"turns":9},{"damage":14,"enemies":"Exordium Thugs","floor":14,"turns":5},{"damage":7,"enemies":"Slime Boss","floor":16,"turns":14},{"damage":0,"enemies":"Shell Parasite","floor":18,"turns":5},{"damage":9,"enemies":"2 Thieves","floor":21,"turns":4},{"damage":6,"enemies":"Centurion and Healer","floor":22,"turns":7},{"damage":14,"enemies":"Slavers","floor":23,"turns":5},{"damage":0,"enemies":"Gremlin Leader","floor":25,"turns":7},{"damage":0,"enemies":"Snake Plant","floor":28,"turns":4},{"damage":2,"enemies":"Sentry and Sphere","floor":30,"turns":6},{"damage":1,"enemies":"Book of Stabbing","floor":31,"turns":6},{"damage":0,"enemies":"Champ","floor":33,"turns":10},{"damage":0,"enemies":"Orb Walker","floor":35,"turns":3},{"damage":17,"enemies":"3 Darklings","floor":36,"turns":5},{"damage":65,"enemies":"4 Shapes","floor":37,"turns":3}],"seed_played":"-6179687466759265696","potions_obtained":[{"floor":8,"key":"Swift Potion"},{"floor":13,"key":"Fire Potion"},{"floor":16,"key":"AttackPotion"},{"floor":23,"key":"SpeedPotion"},{"floor":25,"key":"Ancient Potion"},{"floor":31,"key":"Fire Potion"},{"floor":35,"key":"Weak Potion"}],"is_trial":false,"path_per_floor":["M","M","$","?","M","E","R","E","T","?","E","?","E","M","R","B",null,"M","?","$","M","M","E","R","E","T","R","M","R","M","E","R","B",null,"M","M","M"],"character_chosen":"THE_SILENT","items_purchased":["PiercingWail","Molten Egg 2","Dagger Spray+1"],"campfire_rested":3,"item_purchase_floors":[20,20,20],"current_hp_per_floor":[65,62,62,62,62,43,64,40,40,37,24,24,19,5,41,34,70,70,70,70,61,55,41,41,41,41,41,41,41,39,38,70,70,70,70,53,0],"gold":301,"neow_bonus":"TRANSFORM_TWO_CARDS","is_prod":false,"is_daily":false,"chose_seed":false,"campfire_upgraded":3,"win_rate":0,"timestamp":1552194181,"path_taken":["M","M","$","?","M","E","R","E","T","?","E","?","E","M","R","BOSS","M","?","$","M","M","E","R","E","T","R","?","R","M","E","R","BOSS","M","M","M"],"build_version":"2019-01-23","purchased_purges":2,"victory":false,"max_hp_per_floor":[70,70,70,70,70,70,70,70,70,70,70,70,70,70,70,70,70,70,70,70,70,70,70,70,70,70,70,70,70,70,70,70,70,70,70,70,70],"card_choices":[{"not_picked":["PiercingWail","Reflex"],"picked":"Backflip","floor":1},{"not_picked":["Caltrops","Dagger Spray"],"picked":"Deadly Poison","floor":2},{"not_picked":["Backflip","Prepared"],"picked":"Dagger Throw","floor":5},{"not_picked":["Catalyst","Sucker Punch"],"picked":"Backflip","floor":6},{"not_picked":["Flying Knee","Acrobatics"],"picked":"Bouncing Flask","floor":7},{"not_picked":["Sucker Punch","Slice"],"picked":"Terror","floor":8},{"not_picked":["Envenom","Concentrate"],"picked":"Infinite Blades","floor":11},{"not_picked":["Night Terror","Dagger Throw"],"picked":"Blur","floor":13},{"not_picked":["Riddle With Holes","Finisher"],"picked":"Escape Plan","floor":14},{"not_picked":["Poisoned Stab","Quick Slash"],"picked":"Blur","floor":15},{"not_picked":["Envenom","Glass Knife"],"picked":"Adrenaline","floor":16},{"not_picked":["Poisoned Stab"],"picked":"SKIP","floor":18},{"not_picked":["Prepared"],"picked":"SKIP","floor":21},{"not_picked":["Poisoned Stab+1"],"picked":"SKIP","floor":22},{"not_picked":[],"picked":"Sucker Punch+1","floor":23},{"not_picked":[],"picked":"Dagger Throw+1","floor":25},{"not_picked":[],"picked":"Sucker Punch+1","floor":28},{"not_picked":[],"picked":"Cloak And Dagger+1","floor":30},{"not_picked":[],"picked":"Quick Slash+1","floor":31},{"not_picked":[],"picked":"Accuracy","floor":35},{"not_picked":["Outmaneuver"],"picked":"SKIP","floor":36}],"player_experience":117115,"relics_obtained":[{"floor":6,"key":"Dream Catcher"},{"floor":8,"key":"The Specimen"},{"floor":9,"key":"The Courier"},{"floor":11,"key":"Tingsha"},{"floor":13,"key":"Ornamental Fan"},{"floor":23,"key":"Gremlin Horn"},{"floor":25,"key":"Bottled Tornado"},{"floor":31,"key":"PreservedInsect"}],"event_choices":[{"damage_healed":0,"gold_gain":0,"player_choice":"Ignored","damage_taken":0,"max_hp_gain":0,"max_hp_loss":0,"event_name":"Liars Game","floor":4,"gold_loss":0},{"damage_healed":0,"gold_gain":0,"player_choice":"Success","damage_taken":3,"relics_obtained":["Regal Pillow"],"max_hp_gain":0,"max_hp_loss":0,"event_name":"Scrap Ooze","floor":10,"gold_loss":0},{"damage_healed":0,"gold_gain":0,"cards_transformed":["Strike_G"],"player_choice":"Transformed","damage_taken":0,"max_hp_gain":0,"max_hp_loss":0,"event_name":"Transmorgrifier","floor":12,"gold_loss":0,"cards_obtained":["Footwork"]},{"damage_healed":0,"gold_gain":0,"player_choice":"Upgraded","damage_taken":0,"max_hp_gain":0,"max_hp_loss":0,"event_name":"Upgrade Shrine","floor":19,"gold_loss":0,"cards_upgraded":["Setup"]}],"is_beta":false,"boss_relics":[{"not_picked":["Lizard Tail","WristBlade"],"picked":"Busted Crown"},{"not_picked":["Runic Dome","HoveringKite"],"picked":"Fusion Hammer"}],"items_purged_floors":[3,20],"is_endless":false,"potions_floor_spawned":[8,13,16,23,25,31,35],"killed_by":"4 Shapes","ascension_level":1}