{"gold_per_floor":[117,137,151,151,169,169,196,215,215,215,250,270,299,362,362,463,463,483,483,261,275,119,119,146,163,163,180,180,196,196,1,1,1],"floor_reached":33,"playtime":2156,"items_purged":[],"score":374,"play_id":"15fbe143-c829-4a53-8130-640a8906cb06","local_time":"20190401041428","is_ascension_mode":true,"campfire_choices":[{"data":"True Grit","floor":6,"key":"SMITH"},{"floor":10,"key":"REST"},{"floor":15,"key":"REST"},{"data":"Armaments","floor":23,"key":"SMITH"},{"floor":28,"key":"REST"},{"data":"Armaments","floor":32,"key":"SMITH"}],"neow_cost":"NONE","seed_source_timestamp":1455781260650401,"circlet_count":0,"master_deck":["Bash","Clothesline","True Grit+1","Ghostly Armor","Armaments+1","Shockwave","Armaments+1","Uppercut","Body Slam","Warcry","Demon Form","Entrench","Dark Embrace","Heavy Blade","Double Tap","Inflame","Pommel Strike","Limit Break","Entrench","Corruption+1","Feel No Pain","Shrug It Off","Headbutt","Intimidate+1","Shrug It Off"],"relics":["Burning Blood","Pen Nib","Meat on the Bone","Happy Flower","Vajra","Pandora\u0027s Box","Bronze Scales","Blood Vial","Boot","Nunchaku","Paper Frog","Medical Kit"],"potions_floor_usage":[5,11,12,12,14],"damage_taken":[{"damage":7,"enemies":"Small Slimes","floor":1,"turns":3},{"damage":8,"enemies":"2 Louse","floor":2,"turns":3},{"damage":6,"enemies":"Cultist","floor":3,"turns":3},{"damage":28,"enemies":"Exordium Wildlife","floor":5,"turns":7},{"damage":37,"enemies":"Gremlin Nob","floor":7,"turns":5},{"damage":9,"enemies":"Blue Slaver","floor":8,"turns":4},{"damage":22,"enemies":"3 Sentries","floor":11,"turns":10},{"damage":6,"enemies":"Exordium Thugs","floor":12,"turns":5},{"damage":33,"enemies":"Lagavulin","floor":13,"turns":8},{"damage":21,"enemies":"3 Sentries","floor":14,"turns":8},{"damage":34,"enemies":"Hexaghost","floor":16,"turns":12},{"damage":61,"enemies":"3 Byrds","floor":18,"turns":5},{"damage":22,"enemies":"Spheric Guardian","floor":21,"turns":5},{"damage":47,"enemies":"Gremlin Leader","floor":24,"turns":9},{"damage":20,"enemies":"Snake Plant","floor":25,"turns":5},{"damage":19,"enemies":"Shelled Parasite and Fungi","floor":27,"turns":7},{"damage":25,"enemies":"Centurion and Healer","floor":29,"turns":7},{"damage":62,"enemies":"Collector","floor":33,"turns":5}],"seed_played":"8722730637659258006","potions_obtained":[{"floor":2,"key":"Block Potion"},{"floor":3,"key":"LiquidBronze"},{"floor":7,"key":"EssenceOfSteel"},{"floor":11,"key":"Block Potion"},{"floor":12,"key":"Fruit Juice"},{"floor":14,"key":"SmokeBomb"},{"floor":21,"key":"Poison Potion"},{"floor":25,"key":"GamblersBrew"},{"floor":29,"key":"Energy Potion"}],"is_trial":false,"path_per_floor":["M","M","M","?","M","R","E","M","T","R","E","M","E","?","R","B",null,"M","?","$","M","$","R","E","M","T","M","R","M","T","$","R","B"],"character_chosen":"IRONCLAD","items_purchased":["Feel No Pain","Bronze Scales","Blood Vial","Medical Kit"],"campfire_rested":3,"item_purchase_floors":[20,20,22,31],"current_hp_per_floor":[87,85,85,67,45,45,14,11,11,37,21,38,23,20,47,31,93,50,55,55,51,51,51,24,24,24,25,52,47,47,47,47,0],"gold":1,"neow_bonus":"TEN_PERCENT_HP_BONUS","is_prod":false,"is_daily":false,"chose_seed":false,"campfire_upgraded":3,"win_rate":0,"timestamp":1554106468,"path_taken":["M","M","M","?","M","R","E","M","T","R","E","M","E","?","R","BOSS","M","?","$","M","?","R","E","M","T","M","R","M","?","?","R","BOSS"],"build_version":"2019-01-23","purchased_purges":0,"victory":false,"max_hp_per_floor":[88,88,88,88,88,88,88,88,88,88,88,93,93,93,93,93,93,93,93,93,93,93,93,93,93,93,93,93,93,93,93,93,93],"card_choices":[{"not_picked":["Perfected Strike","Blood for Blood"],"picked":"Clothesline","floor":1},{"not_picked":["Hemokinesis","Armaments"],"picked":"True Grit","floor":2},{"not_picked":["Thunderclap","Havoc"],"picked":"Ghostly Armor","floor":3},{"not_picked":["Perfected Strike","Sword Boomerang"],"picked":"Armaments","floor":5},{"not_picked":["Whirlwind","Cleave"],"picked":"Shockwave","floor":7},{"not_picked":["Hemokinesis","Pummel"],"picked":"Armaments","floor":8},{"not_picked":["Carnage","Corruption"],"picked":"Uppercut","floor":11},{"not_picked":["Power Through","Offering"],"picked":"Body Slam","floor":12},{"not_picked":["Flex","Clash"],"picked":"Warcry","floor":13},{"not_picked":["Exhume","Double Tap"],"picked":"Demon Form","floor":16},{"not_picked":["Pommel Strike","Body Slam"],"picked":"Corruption+1","floor":18},{"not_picked":["True Grit","Headbutt"],"picked":"Shrug It Off","floor":21},{"not_picked":["Dropkick","Berserk"],"picked":"Headbutt","floor":24},{"not_picked":["Warcry","Wild Strike+1"],"picked":"Intimidate+1","floor":25},{"not_picked":["Inflame","Uppercut"],"picked":"Shrug It Off","floor":27},{"not_picked":["Twin Strike","Rupture","Thunderclap"],"picked":"SKIP","floor":29}],"player_experience":196605,"relics_obtained":[{"floor":7,"key":"Pen Nib"},{"floor":11,"key":"Meat on the Bone"},{"floor":13,"key":"Happy Flower"},{"floor":24,"key":"Boot"},{"floor":26,"key":"Nunchaku"},{"floor":30,"key":"Paper Frog"}],"event_choices":[{"damage_healed":0,"gold_gain":0,"player_choice":"Entered Light","damage_taken":18,"max_hp_gain":0,"max_hp_loss":0,"event_name":"Shining Light","floor":4,"gold_loss":0,"cards_upgraded":["Strike_R","Strike_R"]},{"damage_healed":0,"gold_gain":30,"player_choice":"Searched \u00273\u0027 times","damage_taken":0,"relics_obtained":["Vajra"],"max_hp_gain":0,"max_hp_loss":0,"event_name":"Dead Adventurer","floor":14,"gold_loss":0},{"cards_removed":["Perfected Strike"],"damage_healed":5,"gold_gain":0,"player_choice":"Offered Common","damage_taken":0,"max_hp_gain":0,"max_hp_loss":0,"event_name":"Bonfire Elementals","floor":19,"gold_loss":0},{"cards_removed":["Perfected Strike"],"damage_healed":5,"gold_gain":0,"player_choice":"Offered Special","damage_taken":0,"max_hp_gain":0,"max_hp_loss":0,"event_name":"Bonfire Elementals","floor":19,"gold_loss":0}],"is_beta":false,"boss_relics":[{"not_picked":["Lizard Tail","Black Blood"],"picked":"Pandora\u0027s Box"}],"items_purged_floors":[],"is_endless":false,"potions_floor_spawned":[2,3,7,11,12,14,21,25,29],"killed_by":"Collector","ascension_level":4}