{"gold_per_floor":[111,111,130,92,112,112,130,160,214,214,242,242,242,253,253,354,354,371,390,33,46,46,46,46,46,46,72,72,104,104,104,104,204,204,219,234,250,550,563,563,597,623,635,676,43,43,78,94,94,94,94,94,42,71,71],"floor_reached":55,"playtime":3346,"items_purged":[],"score":1126,"play_id":"7ff916a8-8387-4bef-8108-badfbcfdbf92","local_time":"20190428184029","is_ascension_mode":true,"campfire_choices":[{"data":"Zap","floor":6.0,"key":"SMITH"},{"data":"Defragment","floor":10.0,"key":"SMITH"},{"data":"Coolheaded","floor":13.0,"key":"SMITH"},{"data":"Dualcast","floor":15.0,"key":"SMITH"},{"data":"BootSequence","floor":23,"key":"SMITH"},{"floor":25,"key":"RECALL"},{"data":"Glacier","floor":30,"key":"SMITH"},{"data":"Electrodynamics","floor":32,"key":"SMITH"},{"data":"Bite","floor":40,"key":"SMITH"},{"data":"Bite","floor":46,"key":"SMITH"},{"floor":49,"key":"REST"},{"data":"Bite","floor":52,"key":"SMITH"}],"neow_cost":"TEN_PERCENT_HP_LOSS","seed_source_timestamp":0,"circlet_count":0,"master_deck":["Defend_B","Defend_B","Defend_B","Defend_B","Zap+1","Dualcast+1","Core Surge","Coolheaded+1","BootSequence+1","Chill","Genetic Algorithm","Defragment+1","Chaos+1","Electrodynamics+1","Defragment+1","Bite+1","Bite+1","Bite+1","Bite","Bite","Glacier+1","Blizzard+1","Conserve Battery+1","Defragment+1","Core Surge","Loop+1","Coolheaded+1"],"special_seed":0,"relics":["Cracked Core","Mercury Hourglass","Orichalcum","Black Star","DollysMirror","Oddly Smooth Stone","Bottled Tornado","Dead Branch","Letter Opener","Centennial Puzzle","Kunai","Velvet Choker","Frozen Egg 2","MawBank","PreservedInsect","Anchor","Darkstone Periapt","DataDisk","Calipers","Lee\u0027s Waffle","Gambling Chip","Gremlin Horn","StoneCalendar","Strawberry"],"potions_floor_usage":[29,41,42,48,50,50,55],"damage_taken":[{"damage":0.0,"enemies":"Small Slimes","floor":1.0,"turns":2.0},{"damage":0.0,"enemies":"Cultist","floor":3.0,"turns":3.0},{"damage":0.0,"enemies":"2 Louse","floor":5.0,"turns":2.0},{"damage":0.0,"enemies":"Lots of Slimes","floor":7.0,"turns":5.0},{"damage":15.0,"enemies":"Gremlin Nob","floor":8.0,"turns":4.0},{"damage":2.0,"enemies":"3 Sentries","floor":11.0,"turns":6.0},{"damage":0.0,"enemies":"2 Fungi Beasts","floor":14.0,"turns":3.0},{"damage":9.0,"enemies":"Slime Boss","floor":16.0,"turns":8.0},{"damage":4.0,"enemies":"3 Byrds","floor":18.0,"turns":3.0},{"damage":0,"enemies":"Chosen","floor":19,"turns":4},{"damage":9,"enemies":"Snake Plant","floor":21,"turns":4},{"damage":5,"enemies":"Gremlin Leader","floor":27,"turns":6},{"damage":0,"enemies":"Book of Stabbing","floor":29,"turns":5},{"damage":4,"enemies":"Automaton","floor":33,"turns":10},{"damage":0,"enemies":"3 Darklings","floor":35,"turns":4},{"damage":0,"enemies":"Orb Walker","floor":36,"turns":4},{"damage":0,"enemies":"3 Darklings","floor":37,"turns":2},{"damage":8,"enemies":"Jaw Worm Horde","floor":39,"turns":2},{"damage":5,"enemies":"Reptomancer","floor":41,"turns":5},{"damage":0,"enemies":"Transient","floor":42,"turns":5},{"damage":29,"enemies":"Giant Head","floor":44,"turns":10},{"damage":27,"enemies":"Reptomancer","floor":47,"turns":4},{"damage":0,"enemies":"3 Darklings","floor":48,"turns":2},{"damage":0,"enemies":"Time Eater","floor":50,"turns":11},{"damage":20,"enemies":"Shield and Spear","floor":54,"turns":4},{"damage":75,"enemies":"The Heart","floor":55,"turns":9}],"seed_played":"6909945536235624399","potions_obtained":[{"floor":3.0,"key":"SkillPotion"},{"floor":5.0,"key":"Poison Potion"},{"floor":14.0,"key":"SteroidPotion"},{"floor":16.0,"key":"Block Potion"},{"floor":27,"key":"Swift Potion"},{"floor":29,"key":"Block Potion"},{"floor":35,"key":"EssenceOfSteel"},{"floor":37,"key":"LiquidBronze"},{"floor":41,"key":"Energy Potion"},{"floor":48,"key":"Fruit Juice"}],"is_trial":false,"path_per_floor":["M","?","M","$","M","R","M","E","T","R","E","?","R","M","R","B",null,"M","M","$","M","?","R","?","R","T","E","$","E","R","?","R","B",null,"M","M","M","?","M","R","E","M","T","E","$","R","E","M","R","B",null,"R","$","E","B"],"character_chosen":"DEFECT","items_purchased":["Chill","DollysMirror","Oddly Smooth Stone","DataDisk","Calipers","Lee\u0027s Waffle","Swift Potion"],"campfire_rested":1,"item_purchase_floors":[4,20,20,45,45,45,53],"current_hp_per_floor":[68,68,68,68,68,68,68,53,53,53,51,51,51,51,51,42,62,58,58,58,49,47,47,47,47,47,47,47,47,47,47,47,47,47,47,47,47,47,43,43,44,47,47,26,54,54,27,32,49,59,59,59,59,56,0],"gold":71,"neow_bonus":"THREE_RARE_CARDS","is_prod":false,"is_daily":false,"chose_seed":false,"campfire_upgraded":10,"win_rate":0,"timestamp":1556491229,"path_taken":["M","?","M","$","?","R","M","E","T","R","E","?","R","?","R","BOSS","M","M","$","M","?","R","?","R","T","E","$","E","R","?","R","BOSS","M","M","M","?","M","R","E","?","T","E","$","R","E","M","R","BOSS","R","$","E","BOSS"],"build_version":"2019-01-23","purchased_purges":0,"victory":false,"max_hp_per_floor":[68,68,68,68,68,68,68,68,68,68,68,68,68,68,68,68,68,68,68,68,68,47,47,47,47,47,47,47,47,47,47,47,47,47,47,47,47,47,47,47,47,47,47,47,54,54,54,59,59,59,59,59,59,66,66],"card_choices":[{"not_picked":["Amplify","All For One"],"picked":"Core Surge","floor":0.0},{"not_picked":["Streamline","Steam"],"picked":"Coolheaded","floor":1.0},{"not_picked":["Storm","Leap","Barrage"],"picked":"SKIP","floor":3.0},{"not_picked":["Sweeping Beam","Streamline","Redo"],"picked":"SKIP","floor":5.0},{"not_picked":["Steam Power","Skim"],"picked":"Genetic Algorithm","floor":7.0},{"not_picked":["Hologram","Scrape"],"picked":"Defragment","floor":8.0},{"not_picked":["Sweeping Beam","Recycle"],"picked":"Chaos","floor":11.0},{"not_picked":["Leap","Rebound","Stack"],"picked":"SKIP","floor":14.0},{"not_picked":["Core Surge","Machine Learning"],"picked":"Electrodynamics","floor":16.0},{"not_picked":["Scrape+1","Gash","Ball Lightning"],"picked":"SKIP","floor":18.0},{"not_picked":["Sweeping Beam+1","Stack+1","Barrage"],"picked":"SKIP","floor":19},{"not_picked":["Go for the Eyes+1","Ball Lightning","Turbo"],"picked":"SKIP","floor":21},{"not_picked":["Double Energy","Turbo+1"],"picked":"Glacier","floor":27},{"not_picked":["Streamline+1","Recycle"],"picked":"Blizzard+1","floor":29},{"not_picked":["Skim+1","Rip and Tear","Compile Driver"],"picked":"SKIP","floor":35},{"not_picked":["Beam Cell","Genetic Algorithm"],"picked":"Conserve Battery+1","floor":36},{"not_picked":["Leap+1","Beam Cell+1","Genetic Algorithm+1"],"picked":"SKIP","floor":37},{"not_picked":["Barrage","Gash+1","Beam Cell+1"],"picked":"SKIP","floor":39},{"not_picked":["Streamline+1","Hologram+1","Compile Driver+1"],"picked":"SKIP","floor":41},{"not_picked":["Rip and Tear","FTL+1","Leap+1"],"picked":"SKIP","floor":42},{"not_picked":["Sunder","Ball Lightning+1"],"picked":"Defragment+1","floor":44},{"not_picked":["Go for the Eyes+1","Stack+1"],"picked":"Core Surge","floor":47},{"not_picked":["Undo+1","Cold Snap+1"],"picked":"Loop+1","floor":48},{"not_picked":["Genetic Algorithm+1","Reboot"],"picked":"Coolheaded+1","floor":54}],"player_experience":213750,"relics_obtained":[{"floor":8.0,"key":"Mercury Hourglass"},{"floor":11.0,"key":"Orichalcum"},{"floor":26,"key":"Bottled Tornado"},{"floor":27,"key":"Dead Branch"},{"floor":27,"key":"Letter Opener"},{"floor":29,"key":"Centennial Puzzle"},{"floor":29,"key":"Kunai"},{"floor":41,"key":"Frozen Egg 2"},{"floor":41,"key":"MawBank"},{"floor":43,"key":"PreservedInsect"},{"floor":44,"key":"Anchor"},{"floor":44,"key":"Darkstone Periapt"},{"floor":47,"key":"Gambling Chip"},{"floor":47,"key":"Gremlin Horn"},{"floor":54,"key":"StoneCalendar"},{"floor":54,"key":"Strawberry"}],"event_choices":[{"damage_healed":0.0,"max_hp_gain":0.0,"max_hp_loss":0.0,"gold_gain":0.0,"event_name":"Match and Keep!","player_choice":"1 cards matched","floor":2.0,"gold_loss":0.0,"damage_taken":0.0,"cards_obtained":["BootSequence"]},{"damage_healed":0.0,"max_hp_gain":0.0,"max_hp_loss":0.0,"gold_gain":0.0,"event_name":"Accursed Blacksmith","player_choice":"Forge","floor":12.0,"gold_loss":0.0,"damage_taken":0.0,"cards_upgraded":["Chaos"]},{"damage_healed":0,"gold_gain":0,"player_choice":"Became a vampire","damage_taken":0,"max_hp_gain":0,"max_hp_loss":21,"event_name":"Vampires","floor":22,"gold_loss":0,"cards_obtained":["Bite","Bite","Bite","Bite","Bite"]},{"damage_healed":0,"gold_gain":0,"player_choice":"Ignored","damage_taken":0,"max_hp_gain":0,"max_hp_loss":0,"event_name":"Cursed Tome","floor":31,"gold_loss":0},{"damage_healed":0,"gold_gain":300,"player_choice":"Gold","damage_taken":0,"max_hp_gain":0,"max_hp_loss":0,"event_name":"Wheel of Change","floor":38,"gold_loss":0}],"is_beta":false,"boss_relics":[{"not_picked":["Ectoplasm","White Beast Statue"],"picked":"Black Star"},{"not_picked":["Sozu","Snecko Eye"],"picked":"Velvet Choker"}],"items_purged_floors":[],"is_endless":false,"potions_floor_spawned":[3,5,14,16,27,29,35,37,41,48],"killed_by":"The Heart","ascension_level":6}