{"gold_per_floor":[110,110,126,126,138,138,168,168,168,195,195,207,222,256,256,357,357,375,392,78,90,104,104,136,136,185,197,229,252,292,315,327,339],"floor_reached":33,"playtime":1925,"items_purged":["Strike_R"],"score":411,"play_id":"7cc687d4-b2e6-4f64-b932-197506f3ae5a","local_time":"20190810012802","is_ascension_mode":true,"campfire_choices":[{"data":"Armaments","floor":6,"key":"SMITH"},{"data":"Corruption","floor":8,"key":"SMITH"},{"floor":15,"key":"REST"},{"floor":25,"key":"REST"},{"floor":32,"key":"REST"}],"neow_cost":"NONE","seed_source_timestamp":4861083914619108,"circlet_count":0,"master_deck":["Strike_R","Strike_R","Strike_R+1","Defend_R","Defend_R+1","Defend_R","Defend_R","Bash+1","Corruption+1","Armaments+1","Anger","Iron Wave","Inflame","Shrug It Off","Shockwave","Offering","Feed","Sword Boomerang","Pommel Strike+1","Feel No Pain","Heavy Blade+1","Clothesline","Rage+1","Rampage"],"relics":["Burning Blood","Bottled Lightning","Orichalcum","Mercury Hourglass","Shuriken","Anchor","Fusion Hammer","Toxic Egg 2","Bottled Flame","MawBank","Ginger"],"potions_floor_usage":[7,24,30,33,33],"damage_taken":[{"damage":8,"enemies":"Small Slimes","floor":1,"turns":4},{"damage":7,"enemies":"Jaw Worm","floor":3,"turns":2},{"damage":7,"enemies":"2 Louse","floor":5,"turns":3},{"damage":8,"enemies":"Gremlin Nob","floor":7,"turns":3},{"damage":24,"enemies":"Lagavulin","floor":10,"turns":6},{"damage":10,"enemies":"Large Slime","floor":12,"turns":6},{"damage":2,"enemies":"Blue Slaver","floor":13,"turns":3},{"damage":31,"enemies":"Gremlin Nob","floor":14,"turns":5},{"damage":11,"enemies":"The Guardian","floor":16,"turns":9},{"damage":9,"enemies":"Shell Parasite","floor":18,"turns":5},{"damage":16,"enemies":"Spheric Guardian","floor":19,"turns":4},{"damage":14,"enemies":"Snecko","floor":21,"turns":3},{"damage":10,"enemies":"Snake Plant","floor":22,"turns":3},{"damage":17,"enemies":"Gremlin Leader","floor":24,"turns":6},{"damage":6,"enemies":"Centurion and Healer","floor":28,"turns":4},{"damage":14,"enemies":"Shelled Parasite and Fungi","floor":29,"turns":3},{"damage":24,"enemies":"Slavers","floor":30,"turns":4},{"damage":11,"enemies":"Sentry and Sphere","floor":31,"turns":3},{"damage":102,"enemies":"Collector","floor":33,"turns":7}],"seed_played":"7960862518644814526","potions_obtained":[{"floor":5,"key":"Ancient Potion"},{"floor":10,"key":"GamblersBrew"},{"floor":14,"key":"PowerPotion"},{"floor":16,"key":"Explosive Potion"},{"floor":21,"key":"SkillPotion"},{"floor":30,"key":"Poison Potion"}],"is_trial":false,"path_per_floor":["M","?","M","?","M","R","E","R","T","E","T","M","M","E","R","B",null,"M","M","$","M","M","?","E","R","T","?","M","M","E","M","R","B"],"character_chosen":"IRONCLAD","items_purchased":["Toxic Egg 2"],"campfire_rested":3,"item_purchase_floors":[20],"current_hp_per_floor":[78,62,61,66,65,65,63,63,63,45,45,41,45,20,45,40,74,74,64,64,56,55,55,44,71,71,71,71,63,48,46,75,0],"gold":339,"neow_bonus":"UPGRADE_CARD","is_prod":false,"is_daily":false,"chose_seed":false,"campfire_upgraded":2,"win_rate":0,"timestamp":1565414882,"path_taken":["M","?","M","?","M","R","E","R","T","E","?","M","M","E","R","BOSS","M","M","$","M","M","?","E","R","T","?","M","M","E","M","R","BOSS"],"build_version":"2019-07-17","purchased_purges":1,"victory":false,"max_hp_per_floor":[80,80,80,85,85,85,85,85,85,85,85,85,85,85,85,85,85,88,88,88,88,91,91,91,91,91,91,91,91,94,97,97,97],"card_choices":[{"not_picked":["Body Slam","Wild Strike"],"picked":"Corruption","floor":1},{"not_picked":["Flex","Body Slam"],"picked":"Armaments","floor":3},{"not_picked":["Burning Pact","Thunderclap"],"picked":"Anger","floor":5},{"not_picked":["Infernal Blade","Pummel"],"picked":"Iron Wave","floor":7},{"not_picked":["Impervious","Infernal Blade"],"picked":"Inflame","floor":10},{"not_picked":["True Grit","Searing Blow"],"picked":"Shrug It Off","floor":12},{"not_picked":["Headbutt","Spot Weakness"],"picked":"Shockwave","floor":13},{"not_picked":["Whirlwind","Twin Strike"],"picked":"Offering","floor":14},{"not_picked":["Brutality","Bludgeon"],"picked":"Feed","floor":16},{"not_picked":["Rupture","Corruption"],"picked":"Sword Boomerang","floor":18},{"not_picked":["Flex","Dropkick+1"],"picked":"Pommel Strike+1","floor":19},{"not_picked":["Ghostly Armor+1","Cleave","Warcry+1"],"picked":"SKIP","floor":21},{"not_picked":["Flex+1","Anger","Iron Wave"],"picked":"SKIP","floor":22},{"not_picked":["Armaments+1","Flex+1"],"picked":"Heavy Blade+1","floor":24},{"not_picked":["Perfected Strike","Spot Weakness+1"],"picked":"Clothesline","floor":28},{"not_picked":["Clash","Blood for Blood","Fire Breathing"],"picked":"SKIP","floor":29},{"not_picked":["Thunderclap","Seeing Red+1"],"picked":"Rage+1","floor":30},{"not_picked":["Dropkick","Warcry+1"],"picked":"Rampage","floor":31}],"player_experience":362531,"relics_obtained":[{"floor":7,"key":"Bottled Lightning"},{"floor":9,"key":"Orichalcum"},{"floor":10,"key":"Mercury Hourglass"},{"floor":11,"key":"Shuriken"},{"floor":14,"key":"Anchor"},{"floor":24,"key":"Bottled Flame"},{"floor":26,"key":"MawBank"},{"floor":30,"key":"Ginger"}],"event_choices":[{"damage_healed":0,"gold_gain":0,"player_choice":"Entered Light","damage_taken":16,"max_hp_gain":0,"max_hp_loss":0,"event_name":"Shining Light","floor":2,"gold_loss":0,"cards_upgraded":["Strike_R","Defend_R"]},{"damage_healed":0,"gold_gain":0,"player_choice":"Donut","damage_taken":0,"max_hp_gain":5,"max_hp_loss":0,"event_name":"Big Fish","floor":4,"gold_loss":0},{"damage_healed":0,"gold_gain":0,"player_choice":"Read","damage_taken":0,"max_hp_gain":0,"max_hp_loss":0,"event_name":"The Library","floor":23,"gold_loss":0,"cards_obtained":["Feel No Pain"]},{"cards_removed":["Strike_R"],"damage_healed":0,"gold_gain":0,"player_choice":"Elegance","damage_taken":0,"max_hp_gain":0,"max_hp_loss":0,"event_name":"Back to Basics","floor":27,"gold_loss":0}],"is_beta":false,"boss_relics":[{"not_picked":["Orrery","Runic Pyramid"],"picked":"Fusion Hammer"}],"items_purged_floors":[20],"is_endless":false,"potions_floor_spawned":[5,10,14,16,18,21,22,30],"killed_by":"Collector","ascension_level":5}