{"gold_per_floor":[114,94,111,126,49,49,62,62,62,22,57,57,82,82,82,184,184,199,217,217,115,126,126,152,152,152,187,187],"floor_reached":28,"playtime":1817,"items_purged":["Pain"],"score":368,"play_id":"46bc1235-1869-459a-9ff7-022cddf15e44","local_time":"20190620222602","is_ascension_mode":true,"campfire_choices":[{"data":"Zap","floor":6,"key":"SMITH"},{"data":"Defragment","floor":8,"key":"SMITH"},{"data":"Genetic Algorithm","floor":12,"key":"SMITH"},{"floor":15,"key":"REST"},{"data":"Recycle","floor":23,"key":"SMITH"},{"data":"Genetic Algorithm","floor":25,"key":"SMITH"}],"neow_cost":"NONE","seed_source_timestamp":530317270433501,"circlet_count":0,"master_deck":["Strike_B","Strike_B","Strike_B","Defend_B","Defend_B","Defend_B","Defend_B","Zap+1","Dualcast","Ball Lightning","Defragment+1","Cold Snap","Doom and Gloom","Sunder","Genetic Algorithm+1","Undo","Recycle+1","Amplify","Glacier","Genetic Algorithm+1","Go for the Eyes","Undo","Creative AI"],"relics":["Cracked Core","Bottled Flame","Pear","Coffee Dripper","WarpedTongs","DataDisk","Pantograph","Bottled Tornado"],"potions_floor_usage":[11,16,16,24,27],"damage_taken":[{"damage":3,"enemies":"2 Louse","floor":1,"turns":2},{"damage":1,"enemies":"Cultist","floor":3,"turns":3},{"damage":2,"enemies":"Jaw Worm","floor":4,"turns":2},{"damage":0,"enemies":"2 Fungi Beasts","floor":7,"turns":2},{"damage":27,"enemies":"Lagavulin","floor":11,"turns":8},{"damage":21,"enemies":"3 Sentries","floor":13,"turns":4},{"damage":16,"enemies":"Slime Boss","floor":16,"turns":9},{"damage":14,"enemies":"Shell Parasite","floor":18,"turns":5},{"damage":7,"enemies":"3 Byrds","floor":19,"turns":6},{"damage":14,"enemies":"Centurion and Healer","floor":22,"turns":11},{"damage":21,"enemies":"Book of Stabbing","floor":24,"turns":8},{"damage":31,"enemies":"Gremlin Leader","floor":27,"turns":9},{"damage":6,"enemies":"3 Cultists","floor":28,"turns":2}],"seed_played":"3168934228332591929","potions_obtained":[{"floor":1,"key":"SkillPotion"},{"floor":2,"key":"Regen Potion"},{"floor":11,"key":"SpeedPotion"},{"floor":13,"key":"SkillPotion"},{"floor":16,"key":"Fruit Juice"},{"floor":18,"key":"Dexterity Potion"},{"floor":27,"key":"LiquidBronze"}],"is_trial":false,"path_per_floor":["M","?","M","M","$","R","M","R","T","$","E","R","E","?","R","B",null,"M","M","?","$","M","R","E","R","T","E","M"],"character_chosen":"DEFECT","items_purchased":["Doom and Gloom","Genetic Algorithm","Go for the Eyes"],"campfire_rested":1,"item_purchase_floors":[5,10,21],"current_hp_per_floor":[72,72,71,69,69,69,69,69,69,69,56,56,45,45,72,61,88,74,67,67,67,53,53,32,32,32,1,0],"gold":187,"neow_bonus":"TEN_PERCENT_HP_BONUS","is_prod":false,"is_daily":false,"chose_seed":false,"campfire_upgraded":5,"win_rate":0,"timestamp":1561083962,"path_taken":["M","?","M","M","?","R","M","R","T","?","E","R","E","?","R","BOSS","M","M","?","$","M","R","E","R","T","E","?"],"build_version":"2019-01-23","purchased_purges":1,"victory":false,"max_hp_per_floor":[82,82,82,82,82,82,82,82,82,82,82,82,92,92,92,97,97,97,97,97,97,97,97,97,97,97,97,97],"card_choices":[{"not_picked":["Aggregate","Stack"],"picked":"Ball Lightning","floor":1},{"not_picked":["Sunder","Streamline"],"picked":"Defragment","floor":3},{"not_picked":["Barrage","Conserve Battery"],"picked":"Cold Snap","floor":4},{"not_picked":["Melter","Rebound"],"picked":"Sunder","floor":7},{"not_picked":["Turbo","Streamline"],"picked":"Undo","floor":11},{"not_picked":["Reprogram","Streamline"],"picked":"Recycle","floor":13},{"not_picked":["Fission","Hyperbeam"],"picked":"Amplify","floor":16},{"not_picked":["Barrage","Coolheaded"],"picked":"Glacier","floor":18},{"not_picked":["Chaos","Streamline"],"picked":"Genetic Algorithm","floor":19},{"not_picked":["Gash+1","Stack+1"],"picked":"Undo","floor":22},{"not_picked":["Genetic Algorithm","Leap","Force Field"],"picked":"SKIP","floor":24},{"not_picked":["Double Energy","Skim"],"picked":"Creative AI","floor":27}],"player_experience":331760,"relics_obtained":[{"floor":11,"key":"Bottled Flame"},{"floor":13,"key":"Pear"},{"floor":24,"key":"DataDisk"},{"floor":26,"key":"Pantograph"},{"floor":27,"key":"Bottled Tornado"}],"event_choices":[{"damage_healed":0,"gold_gain":0,"player_choice":"Bought 1 Potion","damage_taken":0,"max_hp_gain":0,"max_hp_loss":0,"event_name":"The Woman in Blue","floor":2,"gold_loss":0},{"cards_removed":["Strike_B"],"damage_healed":0,"gold_gain":0,"player_choice":"Offered Basic","damage_taken":0,"max_hp_gain":0,"max_hp_loss":0,"event_name":"Bonfire Elementals","floor":14,"gold_loss":0},{"damage_healed":0,"gold_gain":0,"player_choice":"Rummage","damage_taken":0,"relics_obtained":["WarpedTongs"],"max_hp_gain":0,"max_hp_loss":0,"event_name":"Accursed Blacksmith","floor":20,"gold_loss":0,"cards_obtained":["Pain"]}],"is_beta":false,"boss_relics":[{"not_picked":["Runic Dome","Runic Pyramid"],"picked":"Coffee Dripper"}],"items_purged_floors":[21],"is_endless":false,"potions_floor_spawned":[1,11,13,16,18,27],"killed_by":"3 Cultists","ascension_level":6}