{"gold_per_floor":[119,134,144,144,144,144,170,200,235,280,33,68,40,55,55,159,159,140,159,159,159,8,42,42,67,92,7,40,40,58,73,73,176,176,196,196,196,145,156,186,186,196,196,196,230,230,260,272,272,272,272,272,16,51,51],"floor_reached":55,"playtime":6823,"items_purged":["Strike_R"],"score":898,"play_id":"f5a0ab9e-2589-4a83-977a-04ff3a801eb9","local_time":"20190308002000","is_ascension_mode":true,"campfire_choices":[{"data":"Bash","floor":6,"key":"SMITH"},{"floor":15,"key":"REST"},{"floor":24,"key":"REST"},{"floor":29,"key":"REST"},{"floor":32,"key":"RECALL"},{"data":"1","floor":44,"key":"LIFT"},{"data":"2","floor":49,"key":"LIFT"},{"data":"3","floor":52,"key":"LIFT"}],"neow_cost":"NONE","seed_source_timestamp":842913377004297,"circlet_count":0,"master_deck":["Strike_R+1","Strike_R+1","Strike_R+1","Defend_R+1","Defend_R+1","Defend_R+1","Bash+1","Limit Break","Sword Boomerang","Feel No Pain","Havoc","Clothesline+1","Pommel Strike","True Grit","Warcry","Shrug It Off","Reaper+1","Inflame","Feed","Whirlwind","Body Slam+1","Body Slam","Flame Barrier","Heavy Blade","Demon Form","Metallicize+1","Feed","Power Through","Mayhem","Dark Shackles","Flash of Steel","Clothesline+1","Shrug It Off+1","Armaments","Inflame"],"relics":["Burning Blood","MawBank","Potion Belt","Calipers","Fusion Hammer","Enchiridion","Whetstone","Dodecahedron","Dream Catcher","Bronze Scales","Meat on the Bone","Runic Pyramid","Girya","Prayer Wheel","Darkstone Periapt","Anchor","Bag of Marbles","Medical Kit","Ginger"],"potions_floor_usage":[10,11,12,12,13,16,25,40,50,50,55,55,55],"damage_taken":[{"damage":13,"enemies":"Cultist","floor":1,"turns":5},{"damage":1,"enemies":"Jaw Worm","floor":2,"turns":3},{"damage":10,"enemies":"Small Slimes","floor":3,"turns":4},{"damage":34,"enemies":"Gremlin Nob","floor":7,"turns":5},{"damage":16,"enemies":"3 Louse","floor":8,"turns":5},{"damage":30,"enemies":"Lagavulin","floor":10,"turns":8},{"damage":22,"enemies":"Gremlin Nob","floor":12,"turns":5},{"damage":18,"enemies":"Exordium Thugs","floor":13,"turns":8},{"damage":5,"enemies":"2 Fungi Beasts","floor":14,"turns":3},{"damage":47,"enemies":"Slime Boss","floor":16,"turns":12},{"damage":21,"enemies":"2 Thieves","floor":18,"turns":4},{"damage":32,"enemies":"Chosen","floor":19,"turns":7},{"damage":26,"enemies":"Book of Stabbing","floor":23,"turns":5},{"damage":35,"enemies":"Slavers","floor":25,"turns":7},{"damage":11,"enemies":"Book of Stabbing","floor":28,"turns":5},{"damage":24,"enemies":"Snecko","floor":30,"turns":5},{"damage":22,"enemies":"3 Cultists","floor":31,"turns":5},{"damage":21,"enemies":"Champ","floor":33,"turns":8},{"damage":25,"enemies":"3 Darklings","floor":35,"turns":3},{"damage":10,"enemies":"3 Shapes","floor":39,"turns":3},{"damage":27,"enemies":"Reptomancer","floor":40,"turns":8},{"damage":13,"enemies":"Spire Growth","floor":42,"turns":6},{"damage":40,"enemies":"Nemesis","floor":45,"turns":7},{"damage":6,"enemies":"Giant Head","floor":47,"turns":7},{"damage":18,"enemies":"Jaw Worm Horde","floor":48,"turns":4},{"damage":92,"enemies":"Awakened One","floor":50,"turns":11},{"damage":86,"enemies":"Shield and Spear","floor":54,"turns":8},{"damage":77,"enemies":"The Heart","floor":55,"turns":6}],"seed_played":"-2724979211668498300","potions_obtained":[{"floor":3,"key":"FairyPotion"},{"floor":7,"key":"Regen Potion"},{"floor":8,"key":"Strength Potion"},{"floor":10,"key":"PowerPotion"},{"floor":12,"key":"BloodPotion"},{"floor":14,"key":"Dexterity Potion"},{"floor":23,"key":"BloodPotion"},{"floor":30,"key":"Energy Potion"},{"floor":33,"key":"FearPotion"},{"floor":42,"key":"AttackPotion"},{"floor":45,"key":"GamblersBrew"},{"floor":54,"key":"Dexterity Potion"}],"is_trial":false,"path_per_floor":["M","M","M","?","?","R","E","M","T","E","$","E","M","M","R","B",null,"M","M","?","?","$","E","R","E","T","$","E","R","M","M","R","B",null,"M","?","T","$","M","E","?","M","T","R","E","?","E","M","R","B",null,"R","$","E","B"],"character_chosen":"IRONCLAD","items_purchased":["True Grit","Fruit Juice","Warcry","Whetstone","Flame Barrier","Heavy Blade","Block Potion","Medical Kit","AttackPotion"],"campfire_rested":3,"item_purchase_floors":[11,11,11,22,27,27,38,53,53],"current_hp_per_floor":[73,78,74,74,67,67,39,29,29,20,25,9,14,15,40,15,85,73,51,51,35,35,15,41,34,34,34,42,68,62,66,66,53,88,72,62,62,62,87,84,94,90,90,90,75,75,75,88,88,45,103,103,103,60,0],"gold":51,"neow_bonus":"ONE_RANDOM_RARE_CARD","is_prod":false,"is_daily":false,"chose_seed":false,"campfire_upgraded":1,"win_rate":0,"timestamp":1552022400,"path_taken":["M","M","M","?","?","R","E","M","T","E","$","E","M","M","R","BOSS","M","M","?","?","$","E","R","E","T","$","E","R","M","M","R","BOSS","M","?","?","$","M","E","?","?","T","R","E","?","E","M","R","BOSS","R","$","E","BOSS"],"build_version":"2019-01-23","purchased_purges":1,"victory":false,"max_hp_per_floor":[80,80,80,80,80,80,80,80,80,80,85,85,85,85,85,85,85,88,88,88,88,88,88,88,88,88,88,88,88,88,88,88,88,88,91,91,91,91,94,94,94,97,97,97,100,100,100,100,100,103,103,103,103,106,106],"card_choices":[{"not_picked":["Warcry","Second Wind"],"picked":"Sword Boomerang","floor":1},{"not_picked":["Heavy Blade","Rupture"],"picked":"Feel No Pain","floor":2},{"not_picked":["Havoc","Sever Soul"],"picked":"Second Wind","floor":3},{"not_picked":["Sword Boomerang","Thunderclap"],"picked":"Havoc","floor":7},{"not_picked":["Twin Strike","Pummel"],"picked":"Clothesline","floor":8},{"not_picked":["Brutality","Warcry"],"picked":"Pommel Strike","floor":10},{"not_picked":["Iron Wave","Perfected Strike"],"picked":"Shrug It Off","floor":12},{"not_picked":["Flex","Body Slam"],"picked":"Reaper","floor":13},{"not_picked":["Warcry","Flex"],"picked":"Inflame","floor":14},{"not_picked":["Bludgeon","Double Tap"],"picked":"Feed","floor":16},{"not_picked":["Warcry+1","Twin Strike+1"],"picked":"Whirlwind","floor":18},{"not_picked":["Wild Strike","Pommel Strike"],"picked":"Body Slam+1","floor":19},{"not_picked":["Pommel Strike","Sever Soul","Perfected Strike"],"picked":"SKIP","floor":23},{"not_picked":["Perfected Strike","Blood for Blood"],"picked":"Body Slam","floor":25},{"not_picked":["Hemokinesis","Reckless Charge"],"picked":"Demon Form","floor":28},{"not_picked":["Cleave","Sever Soul","Wild Strike"],"picked":"SKIP","floor":30},{"not_picked":["Inflame+1","Pommel Strike"],"picked":"Metallicize+1","floor":31},{"not_picked":["Bludgeon","Brutality"],"picked":"Feed","floor":33},{"not_picked":["Perfected Strike+1","Thunderclap"],"picked":"Power Through","floor":35},{"not_picked":["Jack Of All Trades","Trip"],"picked":"Mayhem","floor":36},{"not_picked":["Transmutation","Mayhem"],"picked":"Dark Shackles","floor":36},{"not_picked":["Madness","Blind"],"picked":"Flash of Steel","floor":36},{"not_picked":["Searing Blow+1","Iron Wave","Twin Strike"],"picked":"SKIP","floor":39},{"not_picked":["Bloodletting","Fire Breathing","Thunderclap"],"picked":"SKIP","floor":40},{"not_picked":["Sword Boomerang","Heavy Blade"],"picked":"Clothesline+1","floor":42},{"not_picked":["Spot Weakness","Warcry"],"picked":"Shrug It Off+1","floor":42},{"not_picked":["Sentinel+1","Power Through+1","Exhume"],"picked":"SKIP","floor":45},{"not_picked":["Ghostly Armor","Perfected Strike","Wild Strike"],"picked":"SKIP","floor":47},{"not_picked":["Heavy Blade+1","Body Slam"],"picked":"Armaments","floor":48},{"not_picked":["Thunderclap","Ghostly Armor","Clash+1"],"picked":"SKIP","floor":48},{"not_picked":["Cleave","Power Through+1"],"picked":"Inflame","floor":54}],"player_experience":78187,"relics_obtained":[{"floor":7,"key":"MawBank"},{"floor":10,"key":"Potion Belt"},{"floor":12,"key":"Calipers"},{"floor":21,"key":"Enchiridion"},{"floor":23,"key":"Dodecahedron"},{"floor":25,"key":"Dream Catcher"},{"floor":26,"key":"Bronze Scales"},{"floor":28,"key":"Meat on the Bone"},{"floor":37,"key":"Girya"},{"floor":40,"key":"Prayer Wheel"},{"floor":43,"key":"Darkstone Periapt"},{"floor":45,"key":"Anchor"},{"floor":47,"key":"Bag of Marbles"},{"floor":54,"key":"Ginger"}],"event_choices":[{"damage_healed":0,"gold_gain":0,"player_choice":"Ignored","damage_taken":0,"max_hp_gain":0,"max_hp_loss":0,"event_name":"Liars Game","floor":4,"gold_loss":0},{"cards_removed":["Strike_R"],"damage_healed":0,"gold_gain":0,"player_choice":"Card Removal","damage_taken":7,"max_hp_gain":0,"max_hp_loss":0,"event_name":"Golden Wing","floor":5,"gold_loss":0},{"damage_healed":0,"gold_gain":0,"player_choice":"Simplicity","damage_taken":0,"max_hp_gain":0,"max_hp_loss":0,"event_name":"Back to Basics","floor":20,"gold_loss":0,"cards_upgraded":["Strike_R","Strike_R","Strike_R","Defend_R","Defend_R","Defend_R","Defend_R"]},{"damage_healed":0,"gold_gain":0,"player_choice":"Obtained Book","damage_taken":16,"max_hp_gain":0,"max_hp_loss":0,"event_name":"Cursed Tome","floor":21,"gold_loss":0},{"damage_healed":0,"gold_gain":0,"player_choice":"Memory 3","damage_taken":10,"max_hp_gain":0,"max_hp_loss":0,"event_name":"SensoryStone","floor":36,"gold_loss":0},{"cards_removed":["Second Wind"],"damage_healed":10,"gold_gain":0,"player_choice":"Offered Uncommon","damage_taken":0,"max_hp_gain":0,"max_hp_loss":0,"event_name":"Bonfire Elementals","floor":41,"gold_loss":0},{"cards_removed":["Defend_R"],"damage_healed":0,"gold_gain":0,"player_choice":"Removed Skill","damage_taken":0,"max_hp_gain":0,"max_hp_loss":0,"event_name":"Falling","floor":46,"gold_loss":0}],"is_beta":false,"boss_relics":[{"not_picked":["White Beast Statue","Runic Dome"],"picked":"Fusion Hammer"},{"not_picked":["Astrolabe","Mark of Pain"],"picked":"Runic Pyramid"}],"items_purged_floors":[11],"is_endless":false,"potions_floor_spawned":[3,7,8,10,12,14,23,30,33,42,45,54],"killed_by":"The Heart","ascension_level":1}