{"gold_per_floor":[118,118,131,131,147,147,267,300,300,300,314,314,340,340,340,437,437,450,564,206,222,27,27,56,66,66,78,78],"floor_reached":28,"playtime":2082,"items_purged":["Strike_B"],"score":338,"play_id":"c69c6048-e96b-4dae-8924-8462866acb5f","local_time":"20190430183309","is_ascension_mode":true,"campfire_choices":[{"data":"Hologram","floor":6,"key":"SMITH"},{"data":"Dualcast","floor":10,"key":"SMITH"},{"floor":12,"key":"REST"},{"data":"Creative AI","floor":23,"key":"SMITH"}],"neow_cost":"NONE","seed_source_timestamp":1109492150755447,"circlet_count":0,"master_deck":["Strike_B","Strike_B","Strike_B","Defend_B","Defend_B","Defend_B","Defend_B","Zap+1","Dualcast+1","Sweeping Beam","Hologram+1","Reinforced Body","Conserve Battery+1","Ball Lightning","Coolheaded","Echo Form+1","Creative AI+1","Ball Lightning","Capacitor","Self Repair","Glacier","Electrodynamics","Steam+1","BootSequence","Blizzard","Go for the Eyes+1"],"relics":["FrozenCore","NlothsMask","DataDisk","Shovel","Replay:Frozen Program","Pear","infinitespire:Golems Mask"],"potions_floor_usage":[8,16,16,28],"damage_taken":[{"damage":6,"enemies":"2 Louse","floor":1,"turns":2},{"damage":12,"enemies":"Jaw Worm","floor":3,"turns":3},{"damage":6,"enemies":"Cultist","floor":5,"turns":3},{"damage":6,"enemies":"Blue Slaver","floor":7,"turns":3},{"damage":10,"enemies":"Lagavulin","floor":8,"turns":7},{"damage":11,"enemies":"Gremlin Gang","floor":11,"turns":3},{"damage":2,"enemies":"3 Sentries","floor":13,"turns":6},{"damage":17,"enemies":"Hexaghost","floor":16,"turns":9},{"damage":3,"enemies":"Chosen","floor":18,"turns":7},{"damage":22,"enemies":"Spheric Guardian","floor":19,"turns":6},{"damage":15,"enemies":"Centurion and Healer","floor":21,"turns":9},{"damage":17,"enemies":"Nightmare","floor":24,"turns":9},{"damage":16,"enemies":"Snecko","floor":25,"turns":9},{"damage":11,"enemies":"Chosen and Byrds","floor":27,"turns":5},{"damage":41,"enemies":"Slavers","floor":28,"turns":3}],"seed_played":"7995788323946974220","potions_obtained":[{"floor":3,"key":"AttackPotion"},{"floor":7,"key":"EssenceOfSteel"},{"floor":8,"key":"SkillPotion"},{"floor":18,"key":"AttackPotion"},{"floor":25,"key":"LiquidBronze"}],"is_trial":false,"path_per_floor":["M","?","M","?","M","R","M","E","T","R","M","R","E","?","R","B",null,"M","M","$","M","$","R","NM","M","T","M","E"],"character_chosen":"DEFECT","items_purchased":["Replay:Frozen Program","Self Repair","Electrodynamics","Steam+1"],"campfire_rested":1,"item_purchase_floors":[20,20,22,22],"current_hp_per_floor":[76,76,64,64,58,58,52,42,42,42,31,55,53,53,77,60,77,74,52,52,44,44,44,51,49,49,38,0],"gold":78,"neow_bonus":"TEN_PERCENT_HP_BONUS","is_prod":false,"is_daily":false,"chose_seed":false,"campfire_upgraded":3,"win_rate":0,"timestamp":1556663589,"path_taken":["M","?","M","?","?","R","M","E","T","R","M","R","E","?","R","BOSS","M","M","$","M","$","R","NM","M","T","?","E"],"build_version":"2019-01-23","purchased_purges":1,"victory":false,"max_hp_per_floor":[82,82,82,82,82,82,82,82,82,82,82,82,82,82,82,82,82,82,82,82,82,82,82,92,92,92,92,92],"card_choices":[{"not_picked":["Undo","Stack"],"picked":"Sweeping Beam","floor":1},{"not_picked":["Redo","Steam"],"picked":"Hologram","floor":3},{"not_picked":["FIFO Queue","ReplayTheSpireMod:Reroute Power"],"picked":"Reinforced Body","floor":5},{"not_picked":["Streamline","Rainbow"],"picked":"Conserve Battery","floor":7},{"not_picked":["Aggregate","ReplayTheSpireMod:Calculation Training"],"picked":"Ball Lightning","floor":8},{"not_picked":["Conserve Battery","Recycle"],"picked":"Coolheaded","floor":11},{"not_picked":["Beam Cell","Conserve Battery"],"picked":"Echo Form","floor":13},{"not_picked":["Reboot","Meteor Strike"],"picked":"Creative AI","floor":16},{"not_picked":["Leap","ReplayTheSpireMod:Reroute Power"],"picked":"Ball Lightning","floor":18},{"not_picked":["Go for the Eyes+1","FIFO Queue"],"picked":"Capacitor","floor":19},{"not_picked":["Double Energy","Gash"],"picked":"Glacier","floor":21},{"not_picked":["Tempest","Panic Button"],"picked":"BootSequence","floor":24},{"not_picked":["Steam+1","Conserve Battery"],"picked":"Blizzard","floor":25},{"not_picked":["Stack","Compile Driver"],"picked":"Go for the Eyes+1","floor":27}],"player_experience":245764,"relics_obtained":[{"floor":8,"key":"DataDisk"},{"floor":13,"key":"Shovel"},{"floor":24,"key":"Pear"},{"floor":26,"key":"infinitespire:Golems Mask"}],"event_choices":[{"damage_healed":0,"gold_gain":0,"player_choice":"Grow","damage_taken":0,"max_hp_gain":0,"max_hp_loss":0,"event_name":"Living Wall","floor":2,"gold_loss":0,"cards_upgraded":["Zap"]},{"damage_healed":0,"gold_gain":0,"player_choice":"Trade","damage_taken":0,"relics_obtained":["NlothsMask"],"max_hp_gain":0,"max_hp_loss":0,"event_name":"FaceTrader","floor":4,"gold_loss":0},{"damage_healed":0,"gold_gain":0,"player_choice":"Upgraded","damage_taken":0,"max_hp_gain":0,"max_hp_loss":0,"event_name":"Upgrade Shrine","floor":14,"gold_loss":0,"cards_upgraded":["Echo Form"]}],"is_beta":false,"boss_relics":[{"not_picked":["Honey Jar","Kintsugi"],"picked":"FrozenCore"}],"items_purged_floors":[20],"is_endless":true,"potions_floor_spawned":[3,7,8,18,25],"killed_by":"Slavers","ascension_level":5}