{"path_per_floor":["M","?","?","M","$","R","M","R","T","M","$","R","$","?","R","B",null,"M","?","?","M","$","R","M","R","T","E","R","E","M","$","R"],"character_chosen":"IRONCLAD","items_purchased":["Strength Potion","Swift Potion","Energy Potion","Fire Potion"],"gold_per_floor":[110,110,110,122,21,21,39,39,39,56,6,6,6,6,6,104,104,115,115,115,134,134,134,147,147,147,174,174,200,217,119,119],"floor_reached":33,"campfire_rested":3,"playtime":828,"current_hp_per_floor":[78,78,78,60,60,60,66,66,66,65,65,65,65,65,65,17,80,62,62,62,44,44,44,29,53,53,20,44,50,56,56,80],"items_purged":["Defend_R"],"gold":119,"play_id":"2b43c62b-daf5-451d-a0cb-8aa48d607211","is_prod":false,"is_daily":false,"campfire_rituals":0,"campfire_upgraded":5,"is_hardmode":false,"path_taken":["M","?","?","?","$","R","M","R","T","M","$","R","$","?","R","BOSS","M","?","?","M","$","R","M","R","T","E","R","E","M","$","R","BOSS"],"build_version":"2018-01-11-PROD2","purchased_purges":1,"victory":false,"master_deck":["Strike_R","Strike_R","Strike_R","Strike_R","Defend_R","Defend_R","Bash","Whirlwind","Flex","Flex","Perfected Strike","Headbutt","Flex","Heavy Blade","Whirlwind","Clothesline"],"max_hp_per_floor":[80,80,80,80,80,80,80,80,80,80,80,80,80,80,80,80,80,80,80,80,80,80,80,80,80,80,80,80,80,80,80,80],"relics":["Burning Blood","Dream Catcher","Snecko Eye","Bag of Marbles","Smiling Mask","Happy Flower"],"campfire_meditates":0,"card_choices":[{"not_picked":["Combust","Perfected Strike"],"picked":"Whirlwind"},{"not_picked":["Dark Embrace","Fire Breathing"],"picked":"Flex"},{"not_picked":["Heavy Blade","Clothesline"],"picked":"Flex"},{"not_picked":["Anger","Twin Strike"],"picked":"Perfected Strike"},{"not_picked":["Iron Wave","Spot Weakness"],"picked":"Headbutt"},{"not_picked":["Anger","Warcry"],"picked":"Flex"},{"not_picked":["Spot Weakness","Anger"],"picked":"Heavy Blade"},{"not_picked":["Inflame","Flex"],"picked":"Whirlwind"},{"not_picked":["Sentinel","Pommel Strike"],"picked":"Clothesline"}],"player_experience":201929,"potions_floor_usage":[7,10,16,16,21,33],"damage_taken":[{"damage":8,"enemies":"Small Slimes","floor":1,"turns":3},{"damage":24,"enemies":"Blue Slaver","floor":4,"turns":3},{"damage":0,"enemies":"2 Louse","floor":7,"turns":1},{"damage":7,"enemies":"Large Slime","floor":10,"turns":3},{"damage":54,"enemies":"Hexaghost","floor":16,"turns":6},{"damage":24,"enemies":"Shell Parasite","floor":18,"turns":3},{"damage":30,"enemies":"2 Thieves","floor":21,"turns":3},{"damage":21,"enemies":"Snake Plant","floor":24,"turns":3},{"damage":39,"enemies":"Slavers","floor":27,"turns":3},{"damage":0,"enemies":"Gremlin Leader","floor":29,"turns":3},{"damage":0,"enemies":"3 Cultists","floor":30,"turns":1},{"damage":96,"enemies":"Automaton","floor":33,"turns":6}],"event_choices":[{"event_name":"Purifier","player_choice":"One Purge","floor":2,"damage_taken":0},{"event_name":"The Cleric","player_choice":"Leave","floor":3,"damage_taken":0},{"event_name":"Liars Game","player_choice":"disagreed","floor":14,"damage_taken":0},{"event_name":"Purifier","player_choice":"One Purge","floor":19,"damage_taken":0},{"event_name":"Drug Dealer","player_choice":"Ignored","floor":20,"damage_taken":0}],"boss_relics":[{"not_picked":["White Beast Statue","Ectoplasm"],"picked":"Snecko Eye"}],"potions_floor_spawned":[1,4,7,18,29,30],"seed_played":"6739097207709247452","killed_by":"Automaton","is_trial":false}