{"gold_per_floor":[109,184,184,200,200,235,235,335,335,263,277,295,295,305,305,407,407,424,110,123,123,123,123,156,71,71,71,71,87,97,116,116,116],"floor_reached":33,"playtime":4167,"items_purged":["Strike_B"],"score":265,"play_id":"12822252-a3bd-41ab-afcc-f1a812ee964a","local_time":"20190303180910","is_ascension_mode":false,"campfire_choices":[{"data":"Coolheaded","floor":7,"key":"SMITH"},{"floor":13,"key":"REST"},{"data":"Conserve Battery","floor":15,"key":"SMITH"},{"floor":23,"key":"REST"},{"data":"Force Field","floor":28,"key":"SMITH"},{"floor":32,"key":"REST"}],"neow_cost":"NONE","seed_source_timestamp":477711373987150,"circlet_count":0,"master_deck":["Strike_B","Strike_B","Strike_B","Defend_B","Defend_B","Defend_B","Defend_B","Zap","Dualcast","Coolheaded+1","Fusion","All For One","Conserve Battery+1","Sweeping Beam","Static Discharge+1","Reprogram","Loop+1","Machine Learning+1","Defragment+1","Enlightenment","Force Field+1","Self Repair+1","White Noise+1","Coolheaded+1","FTL","Leap+1"],"relics":["Cracked Core","Question Card","Regal Pillow","Frozen Egg 2","White Beast Statue","Bag of Marbles","Gremlin Horn","Dodecahedron","Anchor","Ornamental Fan"],"potions_floor_usage":[29],"damage_taken":[{"damage":11,"enemies":"Jaw Worm","floor":1,"turns":2},{"damage":0,"enemies":"Small Slimes","floor":4,"turns":3},{"damage":27,"enemies":"3 Sentries","floor":6,"turns":10},{"damage":0,"enemies":"Cultist","floor":11,"turns":3},{"damage":6,"enemies":"Exordium Wildlife","floor":12,"turns":3},{"damage":14,"enemies":"Large Slime","floor":14,"turns":5},{"damage":56,"enemies":"Slime Boss","floor":16,"turns":10},{"damage":10,"enemies":"Chosen","floor":18,"turns":4},{"damage":5,"enemies":"3 Byrds","floor":20,"turns":2},{"damage":43,"enemies":"Gremlin Leader","floor":24,"turns":6},{"damage":11,"enemies":"Centurion and Healer","floor":29,"turns":11},{"damage":14,"enemies":"Snake Plant","floor":30,"turns":5},{"damage":32,"enemies":"Sentry and Sphere","floor":31,"turns":4},{"damage":59,"enemies":"Champ","floor":33,"turns":20}],"seed_played":"2011840874079230019","potions_obtained":[{"floor":1,"key":"Strength Potion"},{"floor":11,"key":"SteroidPotion"},{"floor":18,"key":"SkillPotion"},{"floor":29,"key":"EntropicBrew"}],"is_trial":false,"path_per_floor":["M","?","T","M","?","E","R","?","T","$","M","M","R","M","R","B",null,"M","$","M","?","?","R","E","?","T","T","R","M","M","M","R","B"],"character_chosen":"DEFECT","items_purchased":["Conserve Battery","Sweeping Beam","Bag of Marbles","Enlightenment"],"campfire_rested":3,"item_purchase_floors":[10,10,19,19],"current_hp_per_floor":[71,60,60,60,82,55,55,55,55,55,55,49,82,68,68,12,82,72,72,67,67,51,87,54,54,54,54,54,53,39,17,58,0],"gold":116,"neow_bonus":"TEN_PERCENT_HP_BONUS","is_prod":false,"is_daily":false,"chose_seed":false,"campfire_upgraded":3,"win_rate":0.0,"timestamp":1551654550,"path_taken":["M","?","?","M","?","E","R","?","T","$","M","?","R","M","R","BOSS","M","$","M","?","?","R","E","?","T","?","R","?","M","?","R","BOSS"],"build_version":"2019-01-23","purchased_purges":1,"victory":false,"max_hp_per_floor":[82,82,82,82,82,82,82,82,82,82,82,82,82,82,82,82,82,82,82,82,82,87,87,87,87,87,87,87,87,87,87,87,87],"card_choices":[{"not_picked":["Cold Snap","Compile Driver"],"picked":"Coolheaded","floor":1},{"not_picked":["Aggregate","Cold Snap","Reprogram"],"picked":"Fusion","floor":4},{"not_picked":["Chill","Hologram","Beam Cell"],"picked":"All For One","floor":6},{"not_picked":["Streamline","Glacier","Melter"],"picked":"Static Discharge+1","floor":11},{"not_picked":["Go for the Eyes","Barrage","Cold Snap"],"picked":"Reprogram","floor":12},{"not_picked":["Consume","Stack","Chaos"],"picked":"Loop+1","floor":14},{"not_picked":["Reboot","Seek","Fission"],"picked":"Machine Learning+1","floor":16},{"not_picked":["Chaos+1","Scrape","Chill"],"picked":"Defragment+1","floor":18},{"not_picked":["Hologram","Redo","Lockon"],"picked":"Force Field","floor":20},{"not_picked":["Redo","Scrape","Consume"],"picked":"White Noise+1","floor":24},{"not_picked":["Compile Driver","Beam Cell","Hologram"],"picked":"Coolheaded+1","floor":29},{"not_picked":["Steam","Darkness+1","Steam Power+1"],"picked":"FTL","floor":30},{"not_picked":["Streamline","Stack+1","Machine Learning+1"],"picked":"Leap+1","floor":31}],"player_experience":4568,"relics_obtained":[{"floor":3,"key":"Question Card"},{"floor":6,"key":"Regal Pillow"},{"floor":9,"key":"Frozen Egg 2"},{"floor":24,"key":"Gremlin Horn"},{"floor":26,"key":"Anchor"},{"floor":27,"key":"Ornamental Fan"}],"event_choices":[{"damage_healed":0,"gold_gain":75,"player_choice":"Gather Gold","damage_taken":11,"max_hp_gain":0,"max_hp_loss":0,"event_name":"World of Goop","floor":2,"gold_loss":0},{"damage_healed":27,"gold_gain":0,"player_choice":"Banana","damage_taken":0,"max_hp_gain":0,"max_hp_loss":0,"event_name":"Big Fish","floor":5,"gold_loss":0},{"damage_healed":0,"gold_gain":100,"player_choice":"Pray","damage_taken":0,"max_hp_gain":0,"max_hp_loss":0,"event_name":"Golden Shrine","floor":8,"gold_loss":0},{"damage_healed":0,"gold_gain":0,"player_choice":"Read","damage_taken":0,"max_hp_gain":0,"max_hp_loss":0,"event_name":"The Library","floor":21,"gold_loss":0,"cards_obtained":["Self Repair"]},{"damage_healed":0,"gold_gain":0,"player_choice":"Shed Blood","damage_taken":21,"max_hp_gain":5,"max_hp_loss":0,"event_name":"Forgotten Altar","floor":22,"gold_loss":0},{"damage_healed":0,"gold_gain":0,"player_choice":"Obtained Relic","damage_taken":0,"relics_obtained":["Dodecahedron"],"max_hp_gain":0,"max_hp_loss":0,"event_name":"Addict","floor":25,"gold_loss":85}],"is_beta":false,"boss_relics":[{"not_picked":["Fusion Hammer","Empty Cage"],"picked":"White Beast Statue"}],"items_purged_floors":[19],"is_endless":false,"potions_floor_spawned":[1,11,18,20,24,29,30,31],"killed_by":"Champ","ascension_level":0}