{"gold_per_floor":[219,233,233,54,65,91,102,132,132,152,164,178,207,227,227,325,325,343,357,369,469,263,288,288,305,305,305,363,397,432,448,448,549,549,559,559,559,570,349,409,427,447,494,494,547,547,563,582,582,582,582,582,3,34,34],"floor_reached":55,"playtime":10189,"items_purged":["Strike_G","Strike_G"],"score":990,"play_id":"ba003c59-2037-474e-83b0-743e05d6d234","local_time":"20190421231120","is_ascension_mode":true,"campfire_choices":[{"data":"Caltrops","floor":15,"key":"SMITH"},{"floor":24,"key":"REST"},{"floor":27,"key":"RECALL"},{"floor":32,"key":"REST"},{"data":"Strike_G","floor":49,"key":"PURGE"},{"data":"Defend_G","floor":52,"key":"PURGE"}],"neow_cost":"NONE","seed_source_timestamp":340457552103933,"circlet_count":0,"master_deck":["Defend_G","Defend_G","Defend_G","Defend_G","Survivor","Neutralize","Backstab","Cloak And Dagger","Well Laid Plans","Dash","Quick Slash","Poisoned Stab","Caltrops+1","Adrenaline","Backflip","Leg Sweep","Dodge and Roll","Cloak And Dagger","Cloak And Dagger","Corpse Explosion","Backflip+1","Skewer+1","Deflect","Footwork","Blur","Escape Plan","PiercingWail","Backflip+1","Deflect+1","A Thousand Cuts","Magnetism","Footwork+1","Caltrops","Wraith Form v2","Bouncing Flask+1","Infinite Blades+1","Accuracy"],"relics":["Ring of the Snake","Bag of Marbles","Regal Pillow","Mummified Hand","Calipers","Fusion Hammer","Ice Cream","Sundial","Shuriken","Tiny Chest","Red Mask","Pear","Coffee Dripper","Bronze Scales","Pen Nib","Torii","Peace Pipe","Tingsha","Sling","Nunchaku"],"potions_floor_usage":[6,21,38,50,55,55],"damage_taken":[{"damage":8,"enemies":"Small Slimes","floor":1,"turns":5},{"damage":0,"enemies":"Cultist","floor":2,"turns":3},{"damage":0,"enemies":"Jaw Worm","floor":5,"turns":3},{"damage":17,"enemies":"Gremlin Nob","floor":6,"turns":5},{"damage":0,"enemies":"Exordium Thugs","floor":7,"turns":3},{"damage":7,"enemies":"3 Sentries","floor":8,"turns":8},{"damage":0,"enemies":"Blue Slaver","floor":10,"turns":2},{"damage":0,"enemies":"Gremlin Gang","floor":11,"turns":4},{"damage":0,"enemies":"Exordium Wildlife","floor":12,"turns":2},{"damage":14,"enemies":"Gremlin Nob","floor":13,"turns":5},{"damage":0,"enemies":"3 Louse","floor":14,"turns":2},{"damage":4,"enemies":"Hexaghost","floor":16,"turns":10},{"damage":4,"enemies":"Chosen","floor":18,"turns":4},{"damage":0,"enemies":"3 Byrds","floor":19,"turns":2},{"damage":2,"enemies":"Snecko","floor":20,"turns":7},{"damage":19,"enemies":"Colosseum Slavers","floor":21,"turns":3},{"damage":2,"enemies":"Colosseum Nobs","floor":21,"turns":4},{"damage":11,"enemies":"Slavers","floor":23,"turns":3},{"damage":0,"enemies":"Cultist and Chosen","floor":25,"turns":3},{"damage":0,"enemies":"Gremlin Leader","floor":28,"turns":6},{"damage":1,"enemies":"Masked Bandits","floor":29,"turns":4},{"damage":14,"enemies":"Slavers","floor":30,"turns":4},{"damage":0,"enemies":"Chosen and Byrds","floor":31,"turns":3},{"damage":25,"enemies":"Automaton","floor":33,"turns":13},{"damage":0,"enemies":"3 Shapes","floor":35,"turns":1},{"damage":0,"enemies":"3 Darklings","floor":38,"turns":3},{"damage":9,"enemies":"Nemesis","floor":40,"turns":7},{"damage":4,"enemies":"Writhing Mass","floor":41,"turns":4},{"damage":0,"enemies":"4 Shapes","floor":42,"turns":6},{"damage":3,"enemies":"2 Orb Walkers","floor":45,"turns":5},{"damage":0,"enemies":"Transient","floor":47,"turns":5},{"damage":11,"enemies":"Sphere and 2 Shapes","floor":48,"turns":5},{"damage":1,"enemies":"Time Eater","floor":50,"turns":8},{"damage":16,"enemies":"Shield and Spear","floor":54,"turns":5},{"damage":75,"enemies":"The Heart","floor":55,"turns":6}],"seed_played":"5340940368871507353","potions_obtained":[{"floor":1,"key":"Regen Potion"},{"floor":8,"key":"GamblersBrew"},{"floor":12,"key":"GhostInAJar"},{"floor":13,"key":"SpeedPotion"},{"floor":16,"key":"Ancient Potion"},{"floor":25,"key":"LiquidBronze"},{"floor":28,"key":"GhostInAJar"},{"floor":45,"key":"Dexterity Potion"}],"is_trial":false,"path_per_floor":["M","M","?","$","M","E","M","E","T","M","M","M","E","M","R","B",null,"M","M","M","?","$","E","R","M","T","R","E","?","E","M","R","B",null,"M","?","?","M","$","E","M","M","T","R","?","T","M","M","R","B",null,"R","$","E","B"],"character_chosen":"THE_SILENT","items_purchased":["Well Laid Plans","Dash","Footwork","Blur","Caltrops","Bronze Scales","Accuracy","Tingsha","Sling"],"campfire_rested":2,"item_purchase_floors":[4,4,22,22,39,39,53,53,53],"current_hp_per_floor":[62,62,62,62,62,57,57,50,50,50,50,50,36,36,36,32,70,66,66,64,43,43,32,68,68,68,68,68,67,63,63,80,55,80,80,70,70,70,70,61,57,57,57,57,54,54,54,43,43,42,80,80,80,64,0],"gold":34,"neow_bonus":"HUNDRED_GOLD","is_prod":false,"is_daily":false,"chose_seed":false,"campfire_upgraded":1,"win_rate":0,"timestamp":1555902680,"path_taken":["M","M","?","$","M","E","M","E","T","M","M","?","E","M","R","BOSS","M","M","M","?","$","E","R","M","T","R","E","?","E","M","R","BOSS","M","?","?","M","$","E","M","?","T","R","?","?","M","M","R","BOSS","R","$","E","BOSS"],"build_version":"2019-01-23","purchased_purges":2,"victory":false,"max_hp_per_floor":[70,70,70,70,70,70,70,70,70,70,70,70,70,70,70,70,70,70,70,70,70,70,70,70,70,70,70,70,70,80,80,80,80,80,80,80,80,80,80,80,80,80,80,80,80,80,80,80,80,80,80,80,80,80,80],"card_choices":[{"not_picked":["Well Laid Plans","Backflip"],"picked":"Backstab","floor":1},{"not_picked":["Bane","Predator"],"picked":"Cloak And Dagger","floor":2},{"not_picked":["Distraction","Outmaneuver"],"picked":"Quick Slash","floor":5},{"not_picked":["Reflex","Setup"],"picked":"Poisoned Stab","floor":6},{"not_picked":["Blur","Bane"],"picked":"Caltrops","floor":7},{"not_picked":["Dagger Spray","Deflect"],"picked":"Adrenaline","floor":8},{"not_picked":["Prepared","Outmaneuver"],"picked":"Backflip","floor":10},{"not_picked":["Blade Dance","Tactician"],"picked":"Leg Sweep","floor":11},{"not_picked":["Reflex","Leg Sweep"],"picked":"Dodge and Roll","floor":12},{"not_picked":["Riddle With Holes","Prepared"],"picked":"Cloak And Dagger","floor":13},{"not_picked":["Poisoned Stab","Slice"],"picked":"Cloak And Dagger","floor":14},{"not_picked":["Envenom","Night Terror"],"picked":"Corpse Explosion","floor":16},{"not_picked":["Cloak And Dagger","Concentrate"],"picked":"Backflip+1","floor":18},{"not_picked":["Outmaneuver","Prepared","Backflip"],"picked":"SKIP","floor":19},{"not_picked":["Masterful Stab","Prepared+1"],"picked":"Skewer+1","floor":20},{"not_picked":["Bane","Bouncing Flask"],"picked":"Deflect","floor":21},{"not_picked":["Flying Knee","Poisoned Stab+1","Underhanded Strike"],"picked":"SKIP","floor":23},{"not_picked":["Prepared","Predator"],"picked":"Escape Plan","floor":25},{"not_picked":["Heel Hook","Terror"],"picked":"PiercingWail","floor":28},{"not_picked":["Prepared","Heel Hook"],"picked":"Backflip+1","floor":29},{"not_picked":["Heel Hook+1","Concentrate","Riddle With Holes"],"picked":"SKIP","floor":30},{"not_picked":["Blade Dance","All Out Attack"],"picked":"Deflect+1","floor":31},{"not_picked":["Night Terror","Grand Finale"],"picked":"A Thousand Cuts","floor":33},{"not_picked":["Flying Knee","Deadly Poison","Eviscerate+1"],"picked":"SKIP","floor":35},{"not_picked":["Jack Of All Trades","Impatience"],"picked":"Magnetism","floor":36},{"not_picked":["Dodge and Roll+1","Dagger Spray+1"],"picked":"Footwork+1","floor":38},{"not_picked":["Riddle With Holes","Outmaneuver"],"picked":"Wraith Form v2","floor":40},{"not_picked":["Predator+1","Deflect"],"picked":"Bouncing Flask+1","floor":41},{"not_picked":["Prepared","Acrobatics+1","Slice"],"picked":"SKIP","floor":42},{"not_picked":["Riddle With Holes","Backflip+1","Terror"],"picked":"SKIP","floor":47},{"not_picked":["Acrobatics","Blade Dance+1"],"picked":"Infinite Blades+1","floor":48},{"not_picked":["Flying Knee+1","Slice","Backflip"],"picked":"SKIP","floor":54}],"player_experience":208841,"relics_obtained":[{"floor":6,"key":"Bag of Marbles"},{"floor":8,"key":"Regal Pillow"},{"floor":9,"key":"Mummified Hand"},{"floor":13,"key":"Calipers"},{"floor":21,"key":"Ice Cream"},{"floor":21,"key":"Sundial"},{"floor":23,"key":"Shuriken"},{"floor":28,"key":"Tiny Chest"},{"floor":29,"key":"Red Mask"},{"floor":30,"key":"Pear"},{"floor":40,"key":"Pen Nib"},{"floor":45,"key":"Torii"},{"floor":46,"key":"Peace Pipe"},{"floor":54,"key":"Nunchaku"}],"event_choices":[{"cards_removed":["Strike_G"],"damage_healed":0,"gold_gain":0,"player_choice":"Purged","damage_taken":0,"max_hp_gain":0,"max_hp_loss":0,"event_name":"Purifier","floor":3,"gold_loss":0},{"damage_healed":0,"gold_gain":0,"player_choice":"Fight","damage_taken":0,"max_hp_gain":0,"max_hp_loss":0,"event_name":"Colosseum","floor":21,"gold_loss":0},{"damage_healed":0,"gold_gain":0,"player_choice":"Fought Nobs","damage_taken":0,"max_hp_gain":0,"max_hp_loss":0,"event_name":"Colosseum","floor":21,"gold_loss":0},{"damage_healed":0,"gold_gain":0,"player_choice":"Fought Bandits","damage_taken":0,"max_hp_gain":0,"max_hp_loss":0,"event_name":"Masked Bandits","floor":29,"gold_loss":0},{"damage_healed":0,"gold_gain":0,"player_choice":"Memory 3","damage_taken":10,"max_hp_gain":0,"max_hp_loss":0,"event_name":"SensoryStone","floor":36,"gold_loss":0},{"cards_removed":["Strike_G"],"damage_healed":0,"gold_gain":0,"player_choice":"Purged","damage_taken":0,"max_hp_gain":0,"max_hp_loss":0,"event_name":"Purifier","floor":37,"gold_loss":0},{"damage_healed":0,"gold_gain":0,"player_choice":"Fight","damage_taken":0,"max_hp_gain":0,"max_hp_loss":0,"event_name":"Mysterious Sphere","floor":45,"gold_loss":0}],"is_beta":false,"boss_relics":[{"not_picked":["Runic Dome","Eternal Feather"],"picked":"Fusion Hammer"},{"not_picked":["Ring of the Serpent","Tiny House"],"picked":"Coffee Dripper"}],"items_purged_floors":[4,22],"is_endless":false,"potions_floor_spawned":[1,8,12,13,16,19,21,25,28,30,35,45],"killed_by":"The Heart","ascension_level":4}