{"gold_per_floor":[118,1,17,17,31,63,63,63,89,122,122,135,149,164,164,263,263,276,292,302,302,315,341,341,355,355,375,404,419,419,432,432,529,529,541,941,91,141,151,184,230,246,246,246,246,259,259,279,279,279,279,279,3,33,33],"floor_reached":55,"playtime":3960,"items_purged":["Strike_G","Parasite"],"score":960,"play_id":"1f00b563-ba32-42f4-a5a6-6b7f17457f7d","local_time":"20190430052147","is_ascension_mode":true,"campfire_choices":[{"data":"Noxious Fumes","floor":7,"key":"SMITH"},{"data":"Crippling Poison","floor":11,"key":"SMITH"},{"floor":15,"key":"REST"},{"floor":24,"key":"REST"},{"floor":30,"key":"RECALL"},{"floor":32,"key":"REST"},{"floor":44,"key":"REST"},{"floor":47,"key":"REST"},{"floor":49,"key":"REST"},{"floor":52,"key":"REST"}],"neow_cost":"NONE","seed_source_timestamp":1060128647994310,"circlet_count":0,"master_deck":["Defend_G","Defend_G","Defend_G","Defend_G","Defend_G","Strike_G","Strike_G","Survivor","Neutralize+1","Dash","Noxious Fumes+1","Backflip","PiercingWail","Crippling Poison+1","PiercingWail","Endless Agony","Cloak And Dagger","PiercingWail","Dagger Spray","A Thousand Cuts+1","Bane","Deflect","Noxious Fumes","Bouncing Flask+1","Caltrops+1","Quick Slash","Cloak And Dagger","Deflect","Bouncing Flask","Envenom","Catalyst","Finisher+1","Leg Sweep","Blur","Backflip+1","Backflip+1"],"relics":["Ring of the Snake","Oddly Smooth Stone","Pen Nib","Bag of Marbles","Fusion Hammer","Orichalcum","The Courier","Blue Candle","Philosopher\u0027s Stone","Old Coin","Bronze Scales","Snake Skull","Lee\u0027s Waffle","Letter Opener","Singing Bowl","FossilizedHelix","Bag of Preparation","Vajra","Shuriken","Centennial Puzzle"],"potions_floor_usage":[6,16,28,29,33,42,50,50,55],"damage_taken":[{"damage":0,"enemies":"2 Louse","floor":1,"turns":3},{"damage":3,"enemies":"Small Slimes","floor":3,"turns":4},{"damage":0,"enemies":"Cultist","floor":5,"turns":4},{"damage":17,"enemies":"Lagavulin","floor":6,"turns":8},{"damage":9,"enemies":"3 Sentries","floor":10,"turns":6},{"damage":15,"enemies":"Lots of Slimes","floor":12,"turns":2},{"damage":0,"enemies":"Exordium Wildlife","floor":13,"turns":2},{"damage":1,"enemies":"Large Slime","floor":14,"turns":6},{"damage":17,"enemies":"The Guardian","floor":16,"turns":10},{"damage":3,"enemies":"Shell Parasite","floor":18,"turns":7},{"damage":2,"enemies":"Chosen","floor":19,"turns":4},{"damage":1,"enemies":"Snecko","floor":20,"turns":5},{"damage":0,"enemies":"3 Cultists","floor":22,"turns":3},{"damage":0,"enemies":"Gremlin Leader","floor":23,"turns":6},{"damage":1,"enemies":"Centurion and Healer","floor":25,"turns":6},{"damage":8,"enemies":"Sentry and Sphere","floor":27,"turns":4},{"damage":11,"enemies":"Slavers","floor":28,"turns":5},{"damage":21,"enemies":"Snecko","floor":29,"turns":6},{"damage":0,"enemies":"Snake Plant","floor":31,"turns":4},{"damage":36,"enemies":"Collector","floor":33,"turns":8},{"damage":11,"enemies":"3 Darklings","floor":35,"turns":4},{"damage":0,"enemies":"Mind Bloom Boss Battle","floor":36,"turns":5},{"damage":37,"enemies":"2 Orb Walkers","floor":38,"turns":4},{"damage":6,"enemies":"3 Shapes","floor":39,"turns":3},{"damage":10,"enemies":"Giant Head","floor":40,"turns":7},{"damage":21,"enemies":"Spire Growth","floor":42,"turns":5},{"damage":0,"enemies":"Writhing Mass","floor":46,"turns":3},{"damage":0,"enemies":"Transient","floor":48,"turns":5},{"damage":17,"enemies":"Time Eater","floor":50,"turns":10},{"damage":23,"enemies":"Shield and Spear","floor":54,"turns":6},{"damage":62,"enemies":"The Heart","floor":55,"turns":6}],"seed_played":"642806281892466576","potions_obtained":[{"floor":1,"key":"Energy Potion"},{"floor":3,"key":"Weak Potion"},{"floor":10,"key":"GamblersBrew"},{"floor":14,"key":"PowerPotion"},{"floor":19,"key":"Explosive Potion"},{"floor":20,"key":"Strength Potion"},{"floor":29,"key":"Energy Potion"},{"floor":31,"key":"Dexterity Potion"},{"floor":33,"key":"Swift Potion"},{"floor":46,"key":"GhostInAJar"}],"is_trial":false,"path_per_floor":["M","$","M","?","M","E","R","?","T","E","R","M","M","M","R","B",null,"M","M","M","?","M","E","R","M","T","M","E","M","R","M","R","B",null,"M","?","$","?","M","E","T","M","T","R","?","M","R","M","R","B",null,"R","$","E","B"],"character_chosen":"THE_SILENT","items_purchased":["Noxious Fumes","Backflip","Bronze Scales","Snake Skull","Lee\u0027s Waffle","Letter Opener","Singing Bowl","Shuriken"],"campfire_rested":7,"item_purchase_floors":[2,2,37,37,37,37,37,53],"current_hp_per_floor":[70,70,67,67,67,50,50,50,50,41,41,26,26,25,46,29,60,57,55,54,54,54,54,70,69,69,61,50,29,29,29,50,14,56,45,45,77,40,36,26,26,5,5,28,28,28,51,53,77,60,76,81,78,57,0],"gold":33,"neow_bonus":"REMOVE_CARD","is_prod":false,"is_daily":false,"chose_seed":false,"campfire_upgraded":2,"win_rate":0,"timestamp":1556616107,"path_taken":["M","$","M","?","M","E","R","?","T","E","R","?","M","M","R","BOSS","M","M","?","?","?","E","R","M","T","M","E","M","R","M","R","BOSS","M","?","$","?","M","E","?","?","T","R","?","M","R","M","R","BOSS","R","$","E","BOSS"],"build_version":"2019-01-23","purchased_purges":2,"victory":false,"max_hp_per_floor":[70,70,70,70,70,70,70,70,70,70,70,70,70,70,70,70,70,70,70,70,70,70,70,70,70,70,70,70,70,70,70,70,70,70,70,70,77,77,79,79,79,79,79,79,79,79,79,81,81,81,81,81,78,80,80],"card_choices":[{"not_picked":["Accuracy","Quick Slash"],"picked":"Dash","floor":1},{"not_picked":["Backflip","Escape Plan"],"picked":"PiercingWail","floor":3},{"not_picked":["Underhanded Strike","Dagger Spray"],"picked":"Crippling Poison","floor":5},{"not_picked":["Accuracy","Calculated Gamble"],"picked":"PiercingWail","floor":6},{"not_picked":["Dagger Throw","Flechettes"],"picked":"Endless Agony","floor":10},{"not_picked":["Distraction","Skewer"],"picked":"Cloak And Dagger","floor":12},{"not_picked":["Unload","Poisoned Stab"],"picked":"PiercingWail","floor":13},{"not_picked":["Deadly Poison","Slice"],"picked":"Dagger Spray","floor":14},{"not_picked":["Tools of the Trade","Glass Knife"],"picked":"A Thousand Cuts","floor":16},{"not_picked":["Outmaneuver","Blade Dance"],"picked":"Bane","floor":18},{"not_picked":["Endless Agony","Prepared"],"picked":"Deflect","floor":19},{"not_picked":["Tactician","Flying Knee"],"picked":"Noxious Fumes","floor":20},{"not_picked":["Riddle With Holes+1","Dagger Spray+1","Crippling Poison"],"picked":"SKIP","floor":22},{"not_picked":["Tactician+1","A Thousand Cuts"],"picked":"Bouncing Flask+1","floor":23},{"not_picked":["PiercingWail+1","Deflect"],"picked":"Caltrops+1","floor":25},{"not_picked":["Caltrops","Dagger Spray"],"picked":"Quick Slash","floor":27},{"not_picked":["Blade Dance","Expertise"],"picked":"Cloak And Dagger","floor":28},{"not_picked":["All Out Attack","Sucker Punch"],"picked":"Deflect","floor":29},{"not_picked":["Outmaneuver","Riddle With Holes"],"picked":"Bouncing Flask","floor":31},{"not_picked":["Storm of Steel","A Thousand Cuts"],"picked":"Envenom","floor":33},{"not_picked":["Dagger Throw+1","Dash+1"],"picked":"Catalyst","floor":35},{"not_picked":["Dash+1","Slice+1"],"picked":"Finisher+1","floor":36},{"not_picked":["Prepared","Blade Dance+1"],"picked":"Leg Sweep","floor":38},{"not_picked":["Calculated Gamble","Blade Dance","Eviscerate+1"],"picked":"Singing Bowl","floor":39},{"not_picked":["Backstab+1","Catalyst+1"],"picked":"Blur","floor":40},{"not_picked":["Leg Sweep","Blade Dance+1"],"picked":"Backflip+1","floor":42},{"not_picked":["Acrobatics+1","Leg Sweep"],"picked":"Backflip+1","floor":46},{"not_picked":["Expertise","Underhanded Strike+1","Outmaneuver+1"],"picked":"Singing Bowl","floor":48},{"not_picked":["Prepared","Poisoned Stab+1","Tools of the Trade"],"picked":"Singing Bowl","floor":54}],"player_experience":232535,"relics_obtained":[{"floor":6,"key":"Oddly Smooth Stone"},{"floor":9,"key":"Pen Nib"},{"floor":10,"key":"Bag of Marbles"},{"floor":23,"key":"Orichalcum"},{"floor":26,"key":"The Courier"},{"floor":28,"key":"Blue Candle"},{"floor":36,"key":"Old Coin"},{"floor":38,"key":"FossilizedHelix"},{"floor":40,"key":"Bag of Preparation"},{"floor":41,"key":"Vajra"},{"floor":54,"key":"Centennial Puzzle"}],"event_choices":[{"damage_healed":0,"gold_gain":0,"player_choice":"Grow","damage_taken":0,"max_hp_gain":0,"max_hp_loss":0,"event_name":"Living Wall","floor":4,"gold_loss":0,"cards_upgraded":["Neutralize"]},{"cards_removed":["Strike_G"],"damage_healed":0,"gold_gain":0,"player_choice":"Purged","damage_taken":0,"max_hp_gain":0,"max_hp_loss":0,"event_name":"Purifier","floor":8,"gold_loss":0},{"damage_healed":0,"gold_gain":0,"player_choice":"Forge","damage_taken":0,"max_hp_gain":0,"max_hp_loss":0,"event_name":"Accursed Blacksmith","floor":21,"gold_loss":0,"cards_upgraded":["A Thousand Cuts"]},{"damage_healed":0,"gold_gain":0,"player_choice":"Fight","damage_taken":0,"max_hp_gain":0,"max_hp_loss":0,"event_name":"MindBloom","floor":36,"gold_loss":0},{"damage_healed":0,"gold_gain":0,"player_choice":"Fight","damage_taken":0,"max_hp_gain":0,"max_hp_loss":0,"event_name":"Mysterious Sphere","floor":38,"gold_loss":0},{"damage_healed":0,"gold_gain":0,"player_choice":"Ignored","damage_taken":0,"max_hp_gain":0,"max_hp_loss":0,"event_name":"Tomb of Lord Red Mask","floor":45,"gold_loss":0}],"is_beta":false,"boss_relics":[{"not_picked":["White Beast Statue","Runic Dome"],"picked":"Fusion Hammer"},{"not_picked":["Empty Cage","Eternal Feather"],"picked":"Philosopher\u0027s Stone"}],"items_purged_floors":[37,53],"is_endless":false,"potions_floor_spawned":[1,3,10,14,19,20,23,25,29,31,33,35,38,46],"killed_by":"The Heart","ascension_level":5}