{"gold_per_floor":[109,119,134,145,162,162,197,197,279,309,321,337,337,368,368,467,467,487,487,487,477,488,488,488],"floor_reached":24,"playtime":1889,"items_purged":[],"score":306,"play_id":"833ee6e5-f427-418c-a9f1-9ed1ea055ea3","local_time":"20190430155338","is_ascension_mode":true,"campfire_choices":[{"data":"Zap","floor":6,"key":"SMITH"},{"data":"Biased Cognition","floor":8,"key":"SMITH"},{"floor":13,"key":"REST"},{"data":"Hologram","floor":15,"key":"SMITH"},{"data":"BasicCrystalCard","floor":23,"key":"SMITH"}],"neow_cost":"NONE","seed_source_timestamp":1100113723684553,"circlet_count":0,"master_deck":["Strike_B","Strike_B","Strike_B","Strike_B","Defend_B","Defend_B","Defend_B","Defend_B","Zap+1","Dualcast","Leap","Glacier","Biased Cognition+1","Steam","Skim","Compile Driver","Cold Snap","Hologram+1","Conserve Battery","Reinforced Body","Core Surge","Genetic Algorithm+1","RitualDagger","BasicCrystalCard+1","ReplayTheSpireMod:Repulse+1"],"relics":["Cracked Core","Bronze Scales","ReplayTheSpireMod:Shallot","Omamori","Calipers","Nuclear Battery"],"potions_floor_usage":[7,10,14,16,16,16,24],"damage_taken":[{"damage":1,"enemies":"2 Louse","floor":1,"turns":2},{"damage":2,"enemies":"Jaw Worm","floor":2,"turns":3},{"damage":5,"enemies":"Small Slimes","floor":3,"turns":3},{"damage":13,"enemies":"Exordium Thugs","floor":4,"turns":3},{"damage":18,"enemies":"Large Slime","floor":5,"turns":6},{"damage":7,"enemies":"3 Sentries","floor":7,"turns":8},{"damage":20,"enemies":"Gremlin Nob","floor":10,"turns":5},{"damage":0,"enemies":"Red Slaver","floor":11,"turns":3},{"damage":0,"enemies":"2 Fungi Beasts","floor":12,"turns":2},{"damage":0,"enemies":"3 Sentries","floor":14,"turns":6},{"damage":33,"enemies":"Hexaghost","floor":16,"turns":11},{"damage":2,"enemies":"3 Byrds","floor":18,"turns":2},{"damage":0,"enemies":"2 Thieves","floor":21,"turns":5},{"damage":3,"enemies":"Snake Plant","floor":22,"turns":5},{"damage":83,"enemies":"Gremlin Leader","floor":24,"turns":10}],"seed_played":"5063830987076619313","potions_obtained":[{"floor":2,"key":"Weak Potion"},{"floor":3,"key":"Elixir"},{"floor":4,"key":"Strength Potion"},{"floor":7,"key":"SkillPotion"},{"floor":11,"key":"PowerPotion"},{"floor":14,"key":"Poison Potion"},{"floor":18,"key":"SkillPotion"}],"is_trial":false,"path_per_floor":["M","M","M","M","M","R","E","R","T","E","M","M","R","E","R","B",null,"M","?","?","M","M","R","E"],"character_chosen":"DEFECT","items_purchased":[],"campfire_rested":1,"item_purchase_floors":[],"current_hp_per_floor":[81,79,74,61,43,43,36,36,36,16,16,16,40,40,40,7,63,61,61,55,55,52,52,0],"gold":488,"neow_bonus":"TEN_PERCENT_HP_BONUS","is_prod":false,"is_daily":false,"chose_seed":false,"campfire_upgraded":4,"win_rate":0,"timestamp":1556654018,"path_taken":["M","M","M","M","M","R","E","R","T","E","M","M","R","E","R","BOSS","M","?","?","M","M","R","E"],"build_version":"2019-01-23","purchased_purges":0,"victory":false,"max_hp_per_floor":[82,82,82,82,82,82,82,82,82,82,82,82,82,82,82,82,82,82,82,82,82,82,82,82],"card_choices":[{"not_picked":["Turbo","Sweeping Beam"],"picked":"Leap","floor":1},{"not_picked":["FIFO Queue","Streamline"],"picked":"Glacier","floor":2},{"not_picked":["Recycle","Gash"],"picked":"Biased Cognition","floor":3},{"not_picked":["Skim","Beam Cell"],"picked":"Steam","floor":4},{"not_picked":["Sunder","Beam Cell"],"picked":"Skim","floor":5},{"not_picked":["Reinforced Body","Stack"],"picked":"Compile Driver","floor":7},{"not_picked":["Defragment","Undo"],"picked":"Cold Snap","floor":10},{"not_picked":["Steam","BootSequence"],"picked":"Hologram","floor":11},{"not_picked":["Go for the Eyes","Undo"],"picked":"Conserve Battery","floor":12},{"not_picked":["Hologram","Panic Button"],"picked":"Reinforced Body","floor":14},{"not_picked":["Buffer","Seek"],"picked":"Core Surge","floor":16},{"not_picked":["Hologram","Redo"],"picked":"Genetic Algorithm+1","floor":18},{"not_picked":["Storm","ReplayTheSpireMod:Reroute Power+1"],"picked":"BasicCrystalCard","floor":21},{"not_picked":["Steam","Auto Shields"],"picked":"ReplayTheSpireMod:Repulse+1","floor":22}],"player_experience":236495,"relics_obtained":[{"floor":7,"key":"Bronze Scales"},{"floor":9,"key":"ReplayTheSpireMod:Shallot"},{"floor":10,"key":"Omamori"},{"floor":14,"key":"Calipers"}],"event_choices":[{"damage_healed":0,"gold_gain":0,"player_choice":"Joined the Cult","damage_taken":6,"max_hp_gain":0,"max_hp_loss":0,"event_name":"Nest","floor":20,"gold_loss":0,"cards_obtained":["RitualDagger"]}],"is_beta":false,"boss_relics":[{"not_picked":["Replay:Drink Me","Tiny House"],"picked":"Nuclear Battery"}],"items_purged_floors":[],"is_endless":false,"potions_floor_spawned":[2,3,4,7,11,14,18],"killed_by":"Gremlin Leader","ascension_level":5}