{"gold_per_floor":[114,125,75,85,45,45,74,74,74,89,106,106,125,152,152,250,250,264,264,137,137,137,464,85,118,118,118,130,130],"floor_reached":29,"playtime":1316,"items_purged":[],"score":339,"play_id":"b59d375a-f3cb-4d1f-87db-5e5989c2c847","local_time":"20190401033820","is_ascension_mode":true,"campfire_choices":[{"data":"Zap","floor":6,"key":"SMITH"},{"data":"Self Repair","floor":8,"key":"SMITH"},{"floor":15,"key":"REST"},{"floor":27,"key":"REST"}],"neow_cost":"NONE","seed_source_timestamp":1454453059750022,"circlet_count":0,"master_deck":["Strike_B+1","Strike_B+1","Zap+1","Dualcast","Ball Lightning","Cold Snap","Capacitor","Self Repair+1","Glacier","Go for the Eyes","Cold Snap","Double Energy","Defragment","Electrodynamics","Melter+1","Defragment+1","All For One+1","Sunder","Conserve Battery","Doom and Gloom","Writhe","Gash","Defragment","Storm","BootSequence","Steam","Auto Shields"],"relics":["Cracked Core","Centennial Puzzle","Letter Opener","Whetstone","Smiling Mask","Astrolabe","Du-Vu Doll","Old Coin","Orichalcum","Toy Ornithopter","Singing Bowl","Symbiotic Virus"],"potions_floor_usage":[7,14,16,25],"damage_taken":[{"damage":1,"enemies":"Cultist","floor":1,"turns":3},{"damage":7,"enemies":"Jaw Worm","floor":2,"turns":2},{"damage":0,"enemies":"2 Louse","floor":4,"turns":2},{"damage":35,"enemies":"Lagavulin","floor":7,"turns":7},{"damage":5,"enemies":"2 Fungi Beasts","floor":10,"turns":3},{"damage":0,"enemies":"Blue Slaver","floor":11,"turns":3},{"damage":7,"enemies":"Red Slaver","floor":13,"turns":2},{"damage":22,"enemies":"3 Sentries","floor":14,"turns":7},{"damage":24,"enemies":"The Guardian","floor":16,"turns":11},{"damage":23,"enemies":"2 Thieves","floor":18,"turns":4},{"damage":42,"enemies":"Book of Stabbing","floor":23,"turns":7},{"damage":20,"enemies":"Slavers","floor":25,"turns":5},{"damage":10,"enemies":"Shell Parasite","floor":28,"turns":4},{"damage":30,"enemies":"Book of Stabbing","floor":29,"turns":4}],"seed_played":"-5313582276083680141","potions_obtained":[{"floor":4,"key":"EssenceOfSteel"},{"floor":10,"key":"SpeedPotion"},{"floor":11,"key":"FocusPotion"},{"floor":13,"key":"Swift Potion"},{"floor":23,"key":"AttackPotion"},{"floor":28,"key":"LiquidBronze"}],"is_trial":false,"path_per_floor":["M","M","?","M","$","R","E","R","T","M","M","T","M","E","R","B",null,"M","?","$","?","?","E","$","E","T","R","M","E"],"character_chosen":"DEFECT","items_purchased":["Self Repair","Conserve Battery","Doom and Gloom","BootSequence","Orichalcum","Toy Ornithopter"],"campfire_rested":2,"item_purchase_floors":[5,20,20,24,24,24],"current_hp_per_floor":[74,67,67,67,67,67,39,39,39,44,54,54,57,45,67,43,67,54,54,54,54,54,22,22,17,17,39,29,0],"gold":130,"neow_bonus":"RANDOM_COMMON_RELIC","is_prod":false,"is_daily":false,"chose_seed":false,"campfire_upgraded":2,"win_rate":0,"timestamp":1554104300,"path_taken":["M","M","?","M","$","R","E","R","T","M","M","?","M","E","R","BOSS","M","?","$","?","?","E","$","E","T","R","M","E"],"build_version":"2019-01-23","purchased_purges":0,"victory":false,"max_hp_per_floor":[75,75,75,75,75,75,75,75,75,75,75,75,75,75,75,75,75,75,75,75,75,75,75,75,75,75,75,75,75],"card_choices":[{"not_picked":["Heatsinks","Defragment"],"picked":"Ball Lightning","floor":1},{"not_picked":["Sweeping Beam","Stack"],"picked":"Cold Snap","floor":2},{"not_picked":["Gash","Beam Cell"],"picked":"Capacitor","floor":4},{"not_picked":["Recycle","Fusion"],"picked":"Glacier","floor":7},{"not_picked":["Gash","Coolheaded"],"picked":"Go for the Eyes","floor":10},{"not_picked":["White Noise","Streamline"],"picked":"Cold Snap","floor":11},{"not_picked":["Lockon","Hello World"],"picked":"Double Energy","floor":13},{"not_picked":["Compile Driver","Hyperbeam"],"picked":"Defragment","floor":14},{"not_picked":["All For One","Biased Cognition"],"picked":"Electrodynamics","floor":16},{"not_picked":["Leap","Tempest+1"],"picked":"Sunder","floor":18},{"not_picked":["Streamline+1","Recycle"],"picked":"Storm","floor":23},{"not_picked":["Storm","Rebound"],"picked":"Steam","floor":25},{"not_picked":["Cold Snap","Rip and Tear"],"picked":"Auto Shields","floor":28}],"player_experience":195289,"relics_obtained":[{"floor":7,"key":"Letter Opener"},{"floor":9,"key":"Whetstone"},{"floor":14,"key":"Smiling Mask"},{"floor":23,"key":"Old Coin"},{"floor":25,"key":"Singing Bowl"},{"floor":26,"key":"Symbiotic Virus"}],"event_choices":[{"cards_removed":["Strike_B"],"damage_healed":0,"gold_gain":0,"player_choice":"Card Removal","damage_taken":0,"max_hp_gain":0,"max_hp_loss":0,"event_name":"The Cleric","floor":3,"gold_loss":50},{"damage_healed":0,"gold_gain":0,"player_choice":"Ignored","damage_taken":0,"max_hp_gain":0,"max_hp_loss":0,"event_name":"Ghosts","floor":19,"gold_loss":0},{"damage_healed":0,"gold_gain":0,"player_choice":"Opened","damage_taken":0,"relics_obtained":["Du-Vu Doll"],"max_hp_gain":0,"max_hp_loss":0,"event_name":"The Mausoleum","floor":21,"gold_loss":0,"cards_obtained":["Writhe"]},{"damage_healed":0,"gold_gain":0,"cards_transformed":["Defend_B","Defend_B"],"player_choice":"Became Test Subject","damage_taken":0,"max_hp_gain":0,"max_hp_loss":0,"event_name":"Drug Dealer","floor":22,"gold_loss":0,"cards_obtained":["Gash","Defragment"]}],"is_beta":false,"boss_relics":[{"not_picked":["Eternal Feather","Lizard Tail"],"picked":"Astrolabe"}],"items_purged_floors":[],"is_endless":false,"potions_floor_spawned":[4,10,11,13,23,28],"killed_by":"Book of Stabbing","ascension_level":5}