{"gold_per_floor":[113,113,131,8,26,26,61,81,81,81,96,112,145,157,157,252,252,271,186,197,98,114,114,114,140,165,175,175,175],"floor_reached":29,"playtime":2912,"items_purged":["Strike_R"],"score":257,"play_id":"b8fbd0bf-6b8f-40b2-8ac4-df1c1ffbc8dd","local_time":"20190303163108","is_ascension_mode":false,"campfire_choices":[{"data":"Cleave","floor":6,"key":"SMITH"},{"floor":10,"key":"REST"},{"data":"1","floor":15,"key":"LIFT"},{"data":"2","floor":23,"key":"LIFT"}],"neow_cost":"","seed_source_timestamp":473084831753740,"circlet_count":0,"master_deck":["Strike_R","Strike_R","Strike_R","Strike_R","Defend_R","Defend_R","Defend_R","Defend_R","Bash+1","Shrug It Off+1","Battle Trance","Rage","Cleave+1","Combust","Dropkick","Pommel Strike","Uppercut+1","Power Through","Metallicize","Juggernaut","Shrug It Off+1","Armaments","Body Slam","Flex","Iron Wave+1","Headbutt","Decay"],"relics":["Burning Blood","Bronze Scales","Letter Opener","Girya","Velvet Choker","Magic Flower","Dream Catcher","Whetstone"],"potions_floor_usage":[8,16,25,29],"damage_taken":[{"damage":9,"enemies":"Small Slimes","floor":1,"turns":3},{"damage":0,"enemies":"Cultist","floor":3,"turns":3},{"damage":11,"enemies":"Jaw Worm","floor":5,"turns":3},{"damage":33,"enemies":"Lagavulin","floor":7,"turns":6},{"damage":15,"enemies":"Looter","floor":8,"turns":3},{"damage":7,"enemies":"Large Slime","floor":11,"turns":4},{"damage":6,"enemies":"3 Louse","floor":12,"turns":3},{"damage":11,"enemies":"Gremlin Nob","floor":13,"turns":4},{"damage":4,"enemies":"Lots of Slimes","floor":14,"turns":1},{"damage":44,"enemies":"The Guardian","floor":16,"turns":11},{"damage":15,"enemies":"3 Byrds","floor":18,"turns":3},{"damage":8,"enemies":"Chosen","floor":20,"turns":4},{"damage":26,"enemies":"Sentry and Sphere","floor":22,"turns":5},{"damage":50,"enemies":"Slavers","floor":25,"turns":5},{"damage":12,"enemies":"Chosen and Byrds","floor":27,"turns":5},{"damage":12,"enemies":"Gremlin Leader","floor":29,"turns":2}],"seed_played":"-1402617626696520062","potions_obtained":[{"floor":5,"key":"Dexterity Potion"},{"floor":7,"key":"BloodPotion"},{"floor":12,"key":"SpeedPotion"},{"floor":20,"key":"Ancient Potion"},{"floor":22,"key":"Strength Potion"}],"is_trial":false,"path_per_floor":["M","?","M","$","M","R","E","M","T","R","M","M","E","M","R","B",null,"M","?","M","$","M","R","?","E","T","M","?","E"],"character_chosen":"IRONCLAD","items_purchased":["Rage","PowerPotion","Body Slam"],"campfire_rested":1,"item_purchase_floors":[4,4,21],"current_hp_per_floor":[77,77,80,80,75,75,48,47,47,71,70,70,65,67,67,29,80,71,71,72,72,55,55,55,14,14,11,11,0],"gold":175,"neow_bonus":"","is_prod":false,"is_daily":false,"chose_seed":false,"campfire_upgraded":1,"win_rate":0.0,"timestamp":1551648668,"path_taken":["M","?","M","$","?","R","E","M","T","R","M","M","E","?","R","BOSS","M","?","M","$","M","R","?","E","T","M","?","E"],"build_version":"2019-01-23","purchased_purges":1,"victory":false,"max_hp_per_floor":[80,80,80,80,80,80,80,80,80,80,80,80,80,80,80,80,80,80,80,80,80,80,80,80,80,80,80,80,80],"card_choices":[{"not_picked":["Thunderclap","Clothesline"],"picked":"Shrug It Off","floor":1},{"not_picked":["Dual Wield","Headbutt"],"picked":"Battle Trance","floor":3},{"not_picked":["Armaments","Clash"],"picked":"Cleave","floor":5},{"not_picked":["Anger","Shrug It Off"],"picked":"Combust","floor":7},{"not_picked":["Power Through","Clothesline"],"picked":"Dropkick","floor":8},{"not_picked":["Barricade","Perfected Strike"],"picked":"Pommel Strike","floor":11},{"not_picked":["Flame Barrier","Entrench"],"picked":"Uppercut","floor":12},{"not_picked":["Body Slam","Shrug It Off"],"picked":"Power Through","floor":13},{"not_picked":["Pommel Strike","Twin Strike"],"picked":"Metallicize","floor":14},{"not_picked":["Brutality","Berserk"],"picked":"Juggernaut","floor":16},{"not_picked":["Infernal Blade","Power Through"],"picked":"Shrug It Off+1","floor":18},{"not_picked":["Battle Trance","Pummel"],"picked":"Armaments","floor":20},{"not_picked":["Perfected Strike","Clash"],"picked":"Flex","floor":22},{"not_picked":["Shrug It Off","Hemokinesis"],"picked":"Iron Wave+1","floor":25},{"not_picked":["Armaments","Clash"],"picked":"Headbutt","floor":27}],"player_experience":0,"relics_obtained":[{"floor":7,"key":"Bronze Scales"},{"floor":9,"key":"Letter Opener"},{"floor":13,"key":"Girya"},{"floor":25,"key":"Dream Catcher"},{"floor":26,"key":"Whetstone"}],"event_choices":[{"damage_healed":0,"gold_gain":0,"player_choice":"Upgraded","damage_taken":0,"max_hp_gain":0,"max_hp_loss":0,"event_name":"Upgrade Shrine","floor":2,"gold_loss":0,"cards_upgraded":["Shrug It Off"]},{"damage_healed":0,"gold_gain":0,"player_choice":"Obtained Relic","damage_taken":0,"relics_obtained":["Magic Flower"],"max_hp_gain":0,"max_hp_loss":0,"event_name":"Addict","floor":19,"gold_loss":85},{"damage_healed":0,"gold_gain":0,"player_choice":"Ignored","damage_taken":0,"max_hp_gain":0,"max_hp_loss":0,"event_name":"Ghosts","floor":24,"gold_loss":0},{"damage_healed":0,"gold_gain":0,"player_choice":"Smashed Altar","damage_taken":0,"max_hp_gain":0,"max_hp_loss":0,"event_name":"Forgotten Altar","floor":28,"gold_loss":0,"cards_obtained":["Decay"]}],"is_beta":false,"boss_relics":[{"not_picked":["Philosopher\u0027s Stone","Runic Dome"],"picked":"Velvet Choker"}],"items_purged_floors":[21],"is_endless":false,"potions_floor_spawned":[5,7,12,13,20,22],"killed_by":"Gremlin Leader","ascension_level":0}