{"gold_per_floor":[111,126,76,26,39,39,95,95],"floor_reached":8,"playtime":486,"items_purged":[],"score":60,"play_id":"2d436910-1edb-4eb1-aa5c-c011998b40df","local_time":"20190504231508","is_ascension_mode":true,"campfire_choices":[{"data":"Neutralize","floor":6,"key":"SMITH"}],"neow_cost":"NONE","seed_source_timestamp":1473604300170500,"circlet_count":0,"master_deck":["Defend_G","Defend_G","Defend_G","Defend_G","Defend_G","Strike_G","Strike_G","Strike_G","Strike_G","Survivor","Neutralize+1","Acrobatics","Quick Slash","Dagger Spray","Adrenaline","Noxious Fumes"],"relics":["Ring of the Snake","Vampiric Spirits"],"potions_floor_usage":[7],"damage_taken":[{"damage":3,"enemies":"Jaw Worm","floor":1,"turns":6},{"damage":1,"enemies":"2 Louse","floor":2,"turns":3},{"damage":7,"enemies":"Small Slimes","floor":5,"turns":4},{"damage":59,"enemies":"Lagavulin Event","floor":7,"turns":7},{"damage":12,"enemies":"Lagavulin","floor":8,"turns":3}],"seed_played":"2238857279744356394","potions_obtained":[{"floor":2,"key":"FearPotion"},{"floor":7,"key":"Swift Potion"}],"is_trial":false,"path_per_floor":["M","M","?","$","M","R","?","E"],"character_chosen":"THE_SILENT","items_purchased":["Dagger Spray"],"campfire_rested":0,"item_purchase_floors":[4],"current_hp_per_floor":[67,66,66,66,59,59,7,0],"gold":95,"neow_bonus":"TEN_PERCENT_HP_BONUS","is_prod":false,"is_daily":false,"chose_seed":false,"campfire_upgraded":1,"win_rate":0,"timestamp":1557026108,"path_taken":["M","M","?","$","M","R","?","E"],"build_version":"2019-01-23","purchased_purges":0,"victory":false,"max_hp_per_floor":[77,77,77,77,77,77,77,77],"card_choices":[{"not_picked":["Sucker Punch","Dagger Spray"],"picked":"Acrobatics","floor":1},{"not_picked":["Choke","Poisoned Stab"],"picked":"Quick Slash","floor":2},{"not_picked":["Bane","Acrobatics"],"picked":"Adrenaline","floor":5},{"not_picked":["Blade Dance","Distraction"],"picked":"Noxious Fumes","floor":7}],"player_experience":271694,"relics_obtained":[],"event_choices":[{"cards_removed":["Strike_G"],"damage_healed":0,"gold_gain":0,"player_choice":"Card Removal","damage_taken":0,"max_hp_gain":0,"max_hp_loss":0,"event_name":"The Cleric","floor":3,"gold_loss":50},{"damage_healed":0,"gold_gain":30,"player_choice":"Searched \u00273\u0027 times","damage_taken":0,"relics_obtained":["Vampiric Spirits"],"max_hp_gain":0,"max_hp_loss":0,"event_name":"Dead Adventurer","floor":7,"gold_loss":0}],"is_beta":false,"boss_relics":[],"items_purged_floors":[],"is_endless":false,"potions_floor_spawned":[2,7],"killed_by":"Lagavulin","ascension_level":6}