{"gold_per_floor":[117,197,212,229,37,37,76,76,76,76,96,232,232,332,332,342],"floor_reached":16,"playtime":897,"items_purged":["Overencumbered"],"score":140,"play_id":"6c570e79-aeea-4aaf-b49e-06ffe91ad4eb","local_time":"20190430175813","is_ascension_mode":true,"campfire_choices":[{"data":"Neutralize","floor":6,"key":"SMITH"},{"data":"Footwork","floor":8,"key":"SMITH"},{"data":"Leg Sweep","floor":10,"key":"SMITH"},{"floor":15,"key":"REST"}],"neow_cost":"NONE","seed_source_timestamp":1108580916435279,"circlet_count":0,"master_deck":["Defend_G","Defend_G","Defend_G","Defend_G","Defend_G","Strike_G","Strike_G","Strike_G","Strike_G","Survivor","Neutralize+1","Grand Finale","Bouncing Flask","Poisoned Stab","Leg Sweep+1","Footwork+1","Cloak And Dagger","CommonCold","Backflip","Well Laid Plans","Acrobatics","Regret"],"relics":["Ring of the Snake","Ring of Greed","Ring of Hypnosis","infinitespire:Midas Blood","Tiny Chest","Bronze Scales","Oddly Smooth Stone","Replay:Mystery Machine"],"potions_floor_usage":[12],"damage_taken":[{"damage":0,"enemies":"Cultist","floor":1,"turns":2},{"damage":1,"enemies":"2 Louse","floor":3,"turns":2},{"damage":6,"enemies":"Small Slimes","floor":4,"turns":4},{"damage":7,"enemies":"Lagavulin","floor":7,"turns":7},{"damage":0,"enemies":"Red Slaver","floor":11,"turns":3},{"damage":30,"enemies":"Gremlin Nob","floor":12,"turns":6},{"damage":46,"enemies":"Slime Boss","floor":16,"turns":9}],"seed_played":"-5498764451024215632","potions_obtained":[{"floor":4,"key":"SpeedPotion"},{"floor":7,"key":"Block Potion"},{"floor":11,"key":"Swift Potion"}],"is_trial":false,"path_per_floor":["M","?","M","M","$","R","E","R","T","R","M","E","?","?","R","B"],"character_chosen":"THE_SILENT","items_purchased":["Footwork","Cloak And Dagger"],"campfire_rested":1,"item_purchase_floors":[5,5],"current_hp_per_floor":[63,63,62,56,56,56,49,49,49,49,49,19,19,19,40,0],"gold":342,"neow_bonus":"TRANSFORM_CARD","is_prod":false,"is_daily":false,"chose_seed":false,"campfire_upgraded":3,"win_rate":0,"timestamp":1556661493,"path_taken":["M","?","M","M","?","R","E","R","T","R","M","E","?","?","R","BOSS"],"build_version":"2019-01-23","purchased_purges":1,"victory":false,"max_hp_per_floor":[70,70,70,70,70,70,70,70,70,70,70,70,70,70,70,70],"card_choices":[{"not_picked":["Escape Plan","Underhanded Strike"],"picked":"Bouncing Flask","floor":1},{"not_picked":["Underhanded Strike","Venomology"],"picked":"Poisoned Stab","floor":3},{"not_picked":["Acrobatics","Sucker Punch"],"picked":"Leg Sweep","floor":4},{"not_picked":["Deflect","Flechettes"],"picked":"Backflip","floor":7},{"not_picked":["Distraction","Deadly Poison"],"picked":"Well Laid Plans","floor":11},{"not_picked":["Prepared","Blade Dance"],"picked":"Acrobatics","floor":12}],"player_experience":244867,"relics_obtained":[{"floor":2,"key":"Ring of Greed"},{"floor":2,"key":"Ring of Hypnosis"},{"floor":2,"key":"infinitespire:Midas Blood"},{"floor":2,"key":"Tiny Chest"},{"floor":7,"key":"Bronze Scales"},{"floor":9,"key":"Oddly Smooth Stone"},{"floor":12,"key":"Replay:Mystery Machine"}],"event_choices":[{"damage_healed":0,"gold_gain":100,"player_choice":"Gold","damage_taken":0,"max_hp_gain":0,"max_hp_loss":0,"event_name":"Wheel of Change","floor":14,"gold_loss":0}],"is_beta":false,"boss_relics":[],"items_purged_floors":[5],"is_endless":false,"potions_floor_spawned":[4,7,11],"killed_by":"Slime Boss","ascension_level":6}