{"gold_per_floor":[109,109,128,142,158,158,187,187,214,239,239,8,8,24,24,155,155,148,247,247,268,283,283,324,324,324,60,101,122,122,141,141,141],"floor_reached":33,"playtime":2205,"items_purged":["Expertise"],"score":398,"play_id":"8b420153-6d87-4710-a771-1d2bf9174b32","local_time":"20190818040700","is_ascension_mode":true,"campfire_choices":[{"data":"Neutralize","floor":6,"key":"SMITH"},{"floor":8,"key":"REST"},{"data":"Caltrops","floor":13,"key":"SMITH"},{"floor":15,"key":"REST"},{"floor":23,"key":"REST"},{"floor":25,"key":"REST"},{"floor":32,"key":"REST"}],"neow_cost":"NONE","seed_source_timestamp":5561534576053665,"circlet_count":0,"master_deck":["Strike_G","Defend_G","Defend_G","Defend_G","Defend_G","Defend_G","Survivor","Neutralize+1","Caltrops+1","Dagger Spray","Poisoned Stab","Escape Plan","Calculated Gamble","Dagger Spray","PiercingWail","PiercingWail","After Image","Blur","Dagger Spray","Bouncing Flask","Crippling Poison","Well Laid Plans","Acrobatics+1","Cloak And Dagger"],"relics":["Ring of the Snake","Regal Pillow","Ancient Tea Set","Golden Idol","OrangePellets","Velvet Choker","Dodecahedron","Pear","PreservedInsect","Bottled Lightning","Kunai"],"potions_floor_usage":[10,16,18,22,28,33,33],"damage_taken":[{"damage":2,"enemies":"Cultist","floor":1,"turns":4},{"damage":11,"enemies":"Jaw Worm","floor":3,"turns":5},{"damage":0,"enemies":"2 Louse","floor":4,"turns":3},{"damage":8,"enemies":"Exordium Wildlife","floor":5,"turns":3},{"damage":24,"enemies":"3 Sentries","floor":7,"turns":8},{"damage":12,"enemies":"Gremlin Nob","floor":10,"turns":5},{"damage":12,"enemies":"Blue Slaver","floor":14,"turns":4},{"damage":34,"enemies":"The Guardian","floor":16,"turns":13},{"damage":4,"enemies":"2 Thieves","floor":18,"turns":4},{"damage":9,"enemies":"Spheric Guardian","floor":21,"turns":5},{"damage":34,"enemies":"Snecko","floor":22,"turns":8},{"damage":27,"enemies":"Gremlin Leader","floor":24,"turns":9},{"damage":21,"enemies":"Book of Stabbing","floor":28,"turns":4},{"damage":23,"enemies":"Sentry and Sphere","floor":29,"turns":7},{"damage":4,"enemies":"Centurion and Healer","floor":31,"turns":9},{"damage":49,"enemies":"Champ","floor":33,"turns":15}],"seed_played":"-763195629053570826","potions_obtained":[{"floor":1,"key":"AttackPotion"},{"floor":4,"key":"Block Potion"},{"floor":14,"key":"FearPotion"},{"floor":16,"key":"FearPotion"},{"floor":18,"key":"GhostInAJar"},{"floor":21,"key":"EssenceOfSteel"},{"floor":29,"key":"SpeedPotion"}],"is_trial":false,"path_per_floor":["M","?","M","M","M","R","E","R","T","E","?","$","R","M","R","B",null,"M","?","?","M","M","R","E","R","T","$","E","M","T","M","R","B"],"character_chosen":"THE_SILENT","items_purchased":["OrangePellets","PiercingWail","Well Laid Plans","PreservedInsect"],"campfire_rested":5,"item_purchase_floors":[12,12,27,27],"current_hp_per_floor":[61,54,43,43,35,35,11,47,47,35,35,35,35,23,57,23,55,51,51,51,42,8,42,15,49,59,59,38,15,15,11,48,0],"gold":141,"neow_bonus":"REMOVE_CARD","is_prod":false,"is_daily":false,"chose_seed":false,"campfire_upgraded":2,"win_rate":0,"timestamp":1566115620,"path_taken":["M","?","M","M","M","R","E","R","T","E","?","$","R","M","R","BOSS","M","?","?","M","M","R","E","R","T","?","E","M","?","M","R","BOSS"],"build_version":"2019-07-17","purchased_purges":1,"victory":false,"max_hp_per_floor":[70,70,70,70,70,70,70,70,70,70,65,65,65,65,65,65,65,65,65,65,65,65,65,65,65,75,75,75,75,75,75,75,75],"card_choices":[{"not_picked":["Reflex","Flechettes"],"picked":"Caltrops","floor":1},{"not_picked":["Catalyst","PiercingWail"],"picked":"Dagger Spray","floor":3},{"not_picked":["Infinite Blades","Riddle With Holes"],"picked":"Poisoned Stab","floor":4},{"not_picked":["Tactician","Reflex"],"picked":"Escape Plan","floor":5},{"not_picked":["Finisher","Underhanded Strike"],"picked":"Calculated Gamble","floor":7},{"not_picked":["Catalyst","Prepared"],"picked":"Dagger Spray","floor":10},{"not_picked":["Poisoned Stab","Acrobatics"],"picked":"PiercingWail","floor":14},{"not_picked":["Bullet Time","Envenom"],"picked":"After Image","floor":16},{"not_picked":["Quick Slash","Skewer+1"],"picked":"Blur","floor":18},{"not_picked":["Expertise","Riddle With Holes","Blade Dance"],"picked":"SKIP","floor":21},{"not_picked":["Cloak And Dagger","Bane"],"picked":"Bouncing Flask","floor":22},{"not_picked":["Blade Dance","Masterful Stab"],"picked":"Crippling Poison","floor":24},{"not_picked":["Slice","Prepared","Distraction"],"picked":"SKIP","floor":28},{"not_picked":["Terror+1","Outmaneuver"],"picked":"Acrobatics+1","floor":29},{"not_picked":["PiercingWail","Dagger Throw"],"picked":"Cloak And Dagger","floor":31}],"player_experience":364851,"relics_obtained":[{"floor":7,"key":"Regal Pillow"},{"floor":10,"key":"Ancient Tea Set"},{"floor":24,"key":"Dodecahedron"},{"floor":26,"key":"Pear"},{"floor":28,"key":"Bottled Lightning"},{"floor":30,"key":"Kunai"}],"event_choices":[{"cards_removed":["Strike_G"],"damage_healed":0,"gold_gain":0,"player_choice":"Card Removal","damage_taken":7,"max_hp_gain":0,"max_hp_loss":0,"event_name":"Golden Wing","floor":2,"gold_loss":0},{"damage_healed":0,"gold_gain":0,"player_choice":"Lose Max HP","damage_taken":0,"relics_obtained":["Golden Idol"],"max_hp_gain":0,"max_hp_loss":5,"event_name":"Golden Idol","floor":11,"gold_loss":0},{"damage_healed":0,"gold_gain":99,"player_choice":"Stole From Cult","damage_taken":0,"max_hp_gain":0,"max_hp_loss":0,"event_name":"Nest","floor":19,"gold_loss":0},{"damage_healed":0,"gold_gain":0,"cards_transformed":["Strike_G","Strike_G"],"player_choice":"Became Test Subject","damage_taken":0,"max_hp_gain":0,"max_hp_loss":0,"event_name":"Drug Dealer","floor":20,"gold_loss":0,"cards_obtained":["Dagger Spray","Expertise"]}],"is_beta":false,"boss_relics":[{"not_picked":["Busted Crown","Philosopher\u0027s Stone"],"picked":"Velvet Choker"}],"items_purged_floors":[27],"is_endless":false,"potions_floor_spawned":[1,4,14,16,18,21,29],"killed_by":"Champ","ascension_level":7}