{"gold_per_floor":[109,41,54,73,85,117,133,145,168,168,187,187,187,187,187,290,290,301,311,311,327,338,338,356,382,382,382,398,398],"floor_reached":29,"playtime":2466,"items_purged":[],"score":276,"play_id":"e13d38b5-3bf3-40b3-95d6-50ccb466f91d","local_time":"20190909234119","is_ascension_mode":false,"campfire_choices":[{"floor":10,"key":"REST"},{"data":"Quick Slash","floor":12,"key":"SMITH"},{"data":"Survivor","floor":15,"key":"SMITH"},{"floor":23,"key":"REST"},{"floor":27,"key":"REST"}],"neow_cost":"NONE","seed_source_timestamp":1503135422769600,"circlet_count":0,"master_deck":["Strike_G","Strike_G","Strike_G","Strike_G","Defend_G","Defend_G","Defend_G","Defend_G","Defend_G","Survivor+1","Neutralize+1","Leg Sweep","Well Laid Plans","Quick Slash+1","Quick Slash","Flechettes","Dagger Throw","Dagger Throw","Deflect","Poisoned Stab","Tools of the Trade","PiercingWail+1","Cloak And Dagger+1","Infinite Blades","Deflect","Prepared+1"],"relics":["Ring of the Snake","Omamori","Regal Pillow","Tingsha","Busted Crown","Lantern","Darkstone Periapt"],"potions_floor_usage":[29,29,29],"damage_taken":[{"damage":0,"enemies":"Small Slimes","floor":1,"turns":4},{"damage":0,"enemies":"2 Louse","floor":3,"turns":5},{"damage":0,"enemies":"Jaw Worm","floor":4,"turns":8},{"damage":3,"enemies":"2 Fungi Beasts","floor":5,"turns":4},{"damage":12,"enemies":"Lagavulin","floor":6,"turns":11},{"damage":13,"enemies":"Lots of Slimes","floor":7,"turns":5},{"damage":7,"enemies":"3 Louse","floor":8,"turns":3},{"damage":3,"enemies":"Exordium Wildlife","floor":11,"turns":6},{"damage":18,"enemies":"The Guardian","floor":16,"turns":19},{"damage":0,"enemies":"Chosen","floor":18,"turns":4},{"damage":17,"enemies":"2 Thieves","floor":19,"turns":5},{"damage":9,"enemies":"Snake Plant","floor":21,"turns":5},{"damage":18,"enemies":"Snecko","floor":22,"turns":5},{"damage":33,"enemies":"Sentry and Sphere","floor":24,"turns":7},{"damage":0,"enemies":"Gremlin Leader","floor":25,"turns":9},{"damage":34,"enemies":"Cultist and Chosen","floor":28,"turns":7},{"damage":49,"enemies":"Slavers","floor":29,"turns":5}],"seed_played":"8863848406929073890","potions_obtained":[{"floor":3,"key":"Regen Potion"},{"floor":5,"key":"Dexterity Potion"},{"floor":6,"key":"FearPotion"},{"floor":7,"key":"Block Potion"}],"is_trial":false,"path_per_floor":["M","$","M","M","M","E","M","M","T","R","M","R","?","?","R","B",null,"M","M","?","M","M","R","M","E","T","R","M","E"],"character_chosen":"THE_SILENT","items_purchased":["Well Laid Plans"],"campfire_rested":3,"item_purchase_floors":[2],"current_hp_per_floor":[70,70,70,70,67,55,42,35,35,70,67,67,60,65,65,47,75,75,58,58,49,31,68,35,35,35,72,38,0],"gold":398,"neow_bonus":"UPGRADE_CARD","is_prod":false,"is_daily":false,"chose_seed":false,"campfire_upgraded":2,"win_rate":0.0,"timestamp":1568086879,"path_taken":["M","$","M","M","M","E","M","M","T","R","M","R","?","?","R","BOSS","M","M","?","M","M","R","M","E","T","R","M","E"],"build_version":"2019-07-17","purchased_purges":0,"victory":false,"max_hp_per_floor":[70,70,70,70,70,70,70,70,70,70,70,70,70,75,75,75,75,75,75,75,75,75,75,75,75,75,75,75,75],"card_choices":[{"not_picked":["Dodge and Roll","Reflex"],"picked":"Leg Sweep","floor":1},{"not_picked":["Skewer","Leg Sweep"],"picked":"Quick Slash","floor":3},{"not_picked":["PiercingWail","Dagger Throw"],"picked":"Quick Slash","floor":4},{"not_picked":["Bane","Slice"],"picked":"Flechettes","floor":5},{"not_picked":["Tools of the Trade","Dodge and Roll"],"picked":"Dagger Throw","floor":6},{"not_picked":["All Out Attack","Leg Sweep"],"picked":"Dagger Throw","floor":7},{"not_picked":["Riddle With Holes","Sucker Punch"],"picked":"Deflect","floor":8},{"not_picked":["Deadly Poison","Slice"],"picked":"Poisoned Stab","floor":11},{"not_picked":["Doppelganger","Unload"],"picked":"Tools of the Trade","floor":16},{"not_picked":[],"picked":"PiercingWail+1","floor":18},{"not_picked":[],"picked":"Cloak And Dagger+1","floor":19},{"not_picked":[],"picked":"Infinite Blades","floor":21},{"not_picked":[],"picked":"Deflect","floor":22},{"not_picked":["PiercingWail"],"picked":"SKIP","floor":24},{"not_picked":["All Out Attack"],"picked":"SKIP","floor":25},{"not_picked":[],"picked":"Prepared+1","floor":28}],"player_experience":75274,"relics_obtained":[{"floor":6,"key":"Omamori"},{"floor":9,"key":"Regal Pillow"},{"floor":25,"key":"Lantern"},{"floor":26,"key":"Darkstone Periapt"}],"event_choices":[{"damage_healed":0,"gold_gain":0,"player_choice":"Success","damage_taken":7,"relics_obtained":["Tingsha"],"max_hp_gain":0,"max_hp_loss":0,"event_name":"Scrap Ooze","floor":13,"gold_loss":0},{"damage_healed":0,"gold_gain":0,"player_choice":"Donut","damage_taken":0,"max_hp_gain":5,"max_hp_loss":0,"event_name":"Big Fish","floor":14,"gold_loss":0},{"cards_removed":["Strike_G"],"damage_healed":0,"gold_gain":0,"player_choice":"Elegance","damage_taken":0,"max_hp_gain":0,"max_hp_loss":0,"event_name":"Back to Basics","floor":20,"gold_loss":0}],"is_beta":false,"boss_relics":[{"not_picked":["Orrery","Ectoplasm"],"picked":"Busted Crown"}],"items_purged_floors":[],"is_endless":false,"potions_floor_spawned":[3,5,6,7,21,22,24,28],"killed_by":"Slavers","ascension_level":0}