{"gold_per_floor":[118,131,150,150,35,61,61,79,79,113,63,88,88,106,106,201,201,213,224,51,51,65,65],"floor_reached":23,"playtime":1146,"items_purged":["Strike_R","Strike_R"],"score":351,"play_id":"468545f1-acce-47e7-9772-2ce9da3402ab","local_time":"20190601030617","is_ascension_mode":true,"campfire_choices":[{"data":"Uppercut","floor":7,"key":"SMITH"},{"floor":15,"key":"REST"}],"neow_cost":"NONE","seed_source_timestamp":3819587717166262,"circlet_count":0,"master_deck":["Defend_R","Defend_R","Defend_R+1","Defend_R","Bash","Double Tap+1","Cleave","Spot Weakness","Thunderclap","Uppercut+1","Intimidate","Feed","Heavy Blade","Juggernaut","Rampage","Disarm","Shrug It Off","True Grit","True Grit"],"relics":["Burning Blood","Dodecahedron","FossilizedHelix","Calipers","Pen Nib","Lantern","Empty Cage"],"potions_floor_usage":[23],"damage_taken":[{"damage":0,"enemies":"Small Slimes","floor":1,"turns":3},{"damage":16,"enemies":"2 Louse","floor":2,"turns":3},{"damage":1,"enemies":"Cultist","floor":3,"turns":3},{"damage":22,"enemies":"3 Sentries","floor":6,"turns":4},{"damage":3,"enemies":"2 Fungi Beasts","floor":8,"turns":2},{"damage":20,"enemies":"Gremlin Nob","floor":10,"turns":4},{"damage":17,"enemies":"3 Sentries","floor":12,"turns":4},{"damage":4,"enemies":"Exordium Thugs","floor":14,"turns":3},{"damage":0,"enemies":"Slime Boss","floor":16,"turns":6},{"damage":5,"enemies":"Shell Parasite","floor":18,"turns":2},{"damage":24,"enemies":"3 Byrds","floor":19,"turns":5},{"damage":37,"enemies":"Snecko","floor":22,"turns":6},{"damage":22,"enemies":"Book of Stabbing","floor":23,"turns":3}],"seed_played":"-676902506046349405","potions_obtained":[{"floor":1,"key":"Fire Potion"},{"floor":12,"key":"Explosive Potion"},{"floor":16,"key":"FearPotion"}],"is_trial":false,"path_per_floor":["M","M","M","?","$","E","R","M","T","E","?","E","?","M","R","B",null,"M","M","$","?","M","E"],"character_chosen":"IRONCLAD","items_purchased":["Uppercut","Shrug It Off","True Grit"],"campfire_rested":1,"item_purchase_floors":[5,20,20],"current_hp_per_floor":[80,70,75,59,59,43,43,46,46,32,32,24,24,29,54,60,80,81,66,66,49,21,0],"gold":65,"neow_bonus":"ONE_RANDOM_RARE_CARD","is_prod":false,"is_daily":false,"chose_seed":false,"campfire_upgraded":1,"win_rate":0,"timestamp":1559372777,"path_taken":["M","M","M","?","$","E","R","M","T","E","?","E","?","M","R","BOSS","M","M","$","?","M","E"],"build_version":"2019-01-23","purchased_purges":2,"victory":false,"max_hp_per_floor":[80,80,80,80,80,80,80,80,80,80,80,83,83,86,86,86,86,86,89,89,94,97,97],"card_choices":[{"not_picked":["Searing Blow","Twin Strike"],"picked":"Cleave","floor":1},{"not_picked":["Fire Breathing","Intimidate"],"picked":"Spot Weakness","floor":2},{"not_picked":["Clash","Body Slam"],"picked":"Thunderclap","floor":3},{"not_picked":["Iron Wave","Warcry"],"picked":"Intimidate","floor":6},{"not_picked":["Wild Strike","Twin Strike","Body Slam"],"picked":"SKIP","floor":8},{"not_picked":["Spot Weakness","Pummel"],"picked":"Feed","floor":10},{"not_picked":["Second Wind","Sentinel","Headbutt"],"picked":"SKIP","floor":12},{"not_picked":["Havoc","Flex"],"picked":"Heavy Blade","floor":14},{"not_picked":["Dark Embrace","Feed"],"picked":"Juggernaut","floor":16},{"not_picked":["Havoc","Blood for Blood"],"picked":"Rampage","floor":18},{"not_picked":["Wild Strike+1","Infernal Blade"],"picked":"Disarm","floor":19},{"not_picked":["Combust","Pummel+1"],"picked":"True Grit","floor":22}],"player_experience":310623,"relics_obtained":[{"floor":6,"key":"Dodecahedron"},{"floor":9,"key":"FossilizedHelix"},{"floor":10,"key":"Calipers"},{"floor":12,"key":"Pen Nib"}],"event_choices":[{"damage_healed":0,"gold_gain":0,"player_choice":"Entered Light","damage_taken":16,"max_hp_gain":0,"max_hp_loss":0,"event_name":"Shining Light","floor":4,"gold_loss":0,"cards_upgraded":["Double Tap","Defend_R"]},{"cards_removed":["Strike_R"],"damage_healed":0,"gold_gain":0,"player_choice":"Card Removal","damage_taken":0,"max_hp_gain":0,"max_hp_loss":0,"event_name":"The Cleric","floor":11,"gold_loss":50},{"damage_healed":0,"gold_gain":0,"player_choice":"Gave Potion","damage_taken":0,"relics_obtained":["Lantern"],"max_hp_gain":0,"max_hp_loss":0,"event_name":"WeMeetAgain","floor":13,"gold_loss":0},{"damage_healed":0,"gold_gain":0,"player_choice":"Shed Blood","damage_taken":22,"max_hp_gain":5,"max_hp_loss":0,"event_name":"Forgotten Altar","floor":21,"gold_loss":0}],"is_beta":false,"boss_relics":[{"not_picked":["Velvet Choker","Calling Bell"],"picked":"Empty Cage"}],"items_purged_floors":[5,20],"is_endless":false,"potions_floor_spawned":[1,12,16],"killed_by":"Book of Stabbing","ascension_level":5}