{"gold_per_floor":[216,147,161,161,236,236,252,252,252,286,286,320,320,347,347,443,443,443],"floor_reached":18,"playtime":666,"items_purged":[],"score":202,"play_id":"4e652977-f5aa-49dd-9c3f-fe20a7f593b0","local_time":"20180908163858","is_ascension_mode":true,"campfire_choices":[{"data":"Zap","floor":6,"key":"SMITH"},{"data":"Sunder","floor":8,"key":"SMITH"},{"floor":11,"key":"REST"},{"floor":15,"key":"REST"}],"neow_cost":"NONE","seed_source_timestamp":80438646985087,"circlet_count":0,"master_deck":["Strike_B","Strike_B","Strike_B","Strike_B","Defend_B","Defend_B","Defend_B","Defend_B","Zap+1","Dualcast","Go for the Eyes","Sunder+1","Loop","Conserve Battery","Cold Snap","Leap","Hologram","Echo Form"],"relics":["Cracked Core","Strawberry","Dream Catcher","Potion Belt","Pen Nib","Smiling Mask","Ectoplasm"],"potions_floor_usage":[16],"damage_taken":[{"damage":4,"enemies":"Jaw Worm","floor":1,"turns":4},{"damage":0,"enemies":"Cultist","floor":3,"turns":3},{"damage":0,"enemies":"2 Louse","floor":7,"turns":1},{"damage":20,"enemies":"3 Sentries","floor":10,"turns":6},{"damage":21,"enemies":"Lagavulin","floor":12,"turns":7},{"damage":32,"enemies":"3 Sentries","floor":14,"turns":8},{"damage":26,"enemies":"Slime Boss","floor":16,"turns":8},{"damage":1,"enemies":"3 Byrds","floor":18,"turns":2}],"seed_played":"6253508329977579578","potions_obtained":[{"floor":3,"key":"Swift Potion"},{"floor":7,"key":"GamblersBrew"},{"floor":12,"key":"Ancient Potion"},{"floor":14,"key":"PowerPotion"}],"is_trial":false,"path_per_floor":["M","$","M","?","?","R","M","R","T","E","R","E","?","E","R","B",null],"character_chosen":"DEFECT","items_purchased":["Sunder"],"campfire_rested":2,"item_purchase_floors":[2],"current_hp_per_floor":[71,71,71,71,60,60,60,60,67,47,71,50,50,18,42,16,82,81],"gold":443,"neow_bonus":"HUNDRED_GOLD","is_prod":false,"is_daily":false,"chose_seed":false,"campfire_upgraded":2,"win_rate":0,"timestamp":1536439138,"path_taken":["M","$","M","?","?","R","M","R","T","E","R","E","?","E","R","BOSS","M"],"build_version":"2018-09-06","purchased_purges":0,"victory":false,"max_hp_per_floor":[75,75,75,75,75,75,75,75,82,82,82,82,82,82,82,82,82,82],"card_choices":[{"not_picked":["Beam Cell","Hologram"],"picked":"Go for the Eyes","floor":1},{"not_picked":["Beam Cell","Redo","Sweeping Beam"],"picked":"SKIP","floor":3},{"not_picked":["Recycle","Stack"],"picked":"Loop","floor":7},{"not_picked":["Reinforced Body","Force Field"],"picked":"Conserve Battery","floor":10},{"not_picked":["Steam","Stack"],"picked":"Cold Snap","floor":11},{"not_picked":["Static Discharge","Hello World","Streamline"],"picked":"SKIP","floor":12},{"not_picked":["Darkness","Compile Driver"],"picked":"Leap","floor":14},{"not_picked":["Meteor Strike","Barrage"],"picked":"Hologram","floor":15},{"not_picked":["All For One","Fission"],"picked":"Echo Form","floor":16}],"player_experience":92013,"relics_obtained":[{"floor":9,"key":"Strawberry"},{"floor":10,"key":"Dream Catcher"},{"floor":12,"key":"Potion Belt"},{"floor":14,"key":"Smiling Mask"}],"event_choices":[{"event_name":"The Woman in Blue","player_choice":"Bought 0 Potions","floor":4,"damage_taken":0},{"event_name":"World of Goop","player_choice":"Gather Gold","floor":5,"damage_taken":0},{"event_name":"WeMeetAgain","player_choice":"Potion","floor":13,"damage_taken":0}],"is_beta":false,"boss_relics":[{"not_picked":["Nuclear Battery","FrozenCore"],"picked":"Ectoplasm"}],"items_purged_floors":[],"is_endless":false,"potions_floor_spawned":[3,7,12,14],"killed_by":"3 Byrds","ascension_level":3}