{"gold_per_floor":[214,214,214,214,214,214,63,81,160,160,190,190,203,218,218,321,321,321,321,321,276,276,276,276,276,276,276,276,276,276,276,276,276,276,276,276,276,276,276,276,276,276,276,276,276,276,276,276],"floor_reached":48,"playtime":2247,"items_purged":[],"score":452,"play_id":"866a0bf8-ab8f-44fc-99bb-15db5c2b79dc","local_time":"20190903001040","is_ascension_mode":false,"campfire_choices":[{"data":"Pommel Strike","floor":6,"key":"SMITH"},{"data":"Armaments","floor":10,"key":"SMITH"},{"data":"Double Tap","floor":12,"key":"SMITH"},{"floor":15,"key":"REST"},{"data":"Cleave","floor":23,"key":"SMITH"},{"floor":27,"key":"REST"},{"floor":32,"key":"REST"},{"floor":40,"key":"REST"},{"floor":45,"key":"REST"}],"neow_cost":"NONE","seed_source_timestamp":900285017244900,"circlet_count":0,"master_deck":["Strike_R","Strike_R","Strike_R","Strike_R","Defend_R","Defend_R","Defend_R","Defend_R","Bash","Pommel Strike+1","Carnage+1","Double Tap+1","Armaments+1","Iron Wave+1","Heavy Blade","Twin Strike","Heavy Blade+1","True Grit","Cleave+1","Heavy Blade+1","Flex+1","Twin Strike+1","Barricade","Twin Strike+1","Apotheosis","Clash","Cleave"],"relics":["Burning Blood","Dodecahedron","Bronze Scales","Ectoplasm","Whetstone","Oddly Smooth Stone","Fusion Hammer","Pantograph"],"potions_floor_usage":[33,44,44,47],"damage_taken":[{"damage":9,"enemies":"Cultist","floor":1,"turns":6},{"damage":1,"enemies":"Jaw Worm","floor":8,"turns":5},{"damage":21,"enemies":"Lagavulin","floor":11,"turns":4},{"damage":0,"enemies":"Small Slimes","floor":13,"turns":3},{"damage":21,"enemies":"Gremlin Gang","floor":14,"turns":4},{"damage":62,"enemies":"Hexaghost","floor":16,"turns":8},{"damage":10,"enemies":"3 Byrds","floor":18,"turns":3},{"damage":15,"enemies":"2 Thieves","floor":21,"turns":4},{"damage":20,"enemies":"3 Cultists","floor":22,"turns":6},{"damage":23,"enemies":"Snecko","floor":24,"turns":5},{"damage":6,"enemies":"Centurion and Healer","floor":25,"turns":5},{"damage":10,"enemies":"Cultist and Chosen","floor":28,"turns":4},{"damage":11,"enemies":"Gremlin Leader","floor":30,"turns":6},{"damage":101,"enemies":"Collector","floor":33,"turns":15},{"damage":0,"enemies":"Orb Walker","floor":35,"turns":1},{"damage":19,"enemies":"3 Darklings","floor":36,"turns":6},{"damage":55,"enemies":"Maw","floor":38,"turns":8},{"damage":41,"enemies":"Jaw Worm Horde","floor":41,"turns":6},{"damage":0,"enemies":"Sphere and 2 Shapes","floor":44,"turns":4},{"damage":25,"enemies":"Spire Growth","floor":47,"turns":4}],"seed_played":"8695728615059408222","potions_obtained":[{"floor":11,"key":"Dexterity Potion"},{"floor":16,"key":"Energy Potion"},{"floor":21,"key":"Strength Potion"},{"floor":28,"key":"FairyPotion"},{"floor":33,"key":"SteroidPotion"},{"floor":41,"key":"Energy Potion"},{"floor":44,"key":"SkillPotion"}],"is_trial":false,"path_per_floor":["M","$","?","?","?","R","$","M","T","R","E","R","M","M","R","B",null,"M","?","?","M","M","R","M","M","T","R","M","$","E","$","R","B",null,"M","M","?","M","?","R","M","?","T","M","R","?","M","M"],"character_chosen":"IRONCLAD","items_purchased":["Double Tap"],"campfire_rested":5,"item_purchase_floors":[7],"current_hp_per_floor":[77,77,82,82,82,82,82,85,85,85,70,70,76,61,85,29,85,81,81,81,72,58,58,41,41,41,66,62,62,57,57,82,14,85,85,72,72,23,23,47,12,12,12,18,42,42,23,0],"gold":276,"neow_bonus":"HUNDRED_GOLD","is_prod":false,"is_daily":false,"chose_seed":false,"campfire_upgraded":4,"win_rate":0.0,"timestamp":1567483840,"path_taken":["M","$","?","?","?","R","$","M","T","R","E","R","?","M","R","BOSS","M","?","?","M","?","R","M","M","T","R","M","$","E","$","R","BOSS","M","M","?","M","?","R","M","?","T","?","R","?","M","M"],"build_version":"2019-07-17","purchased_purges":0,"victory":false,"max_hp_per_floor":[80,80,85,85,85,85,85,85,85,85,85,85,85,85,85,85,85,85,85,85,85,85,85,85,85,85,85,85,85,85,85,85,85,85,85,85,85,85,81,81,81,81,81,81,81,81,81,81],"card_choices":[{"not_picked":["Thunderclap","Wild Strike"],"picked":"Pommel Strike","floor":1},{"not_picked":["True Grit","Headbutt"],"picked":"Armaments","floor":8},{"not_picked":["Perfected Strike","Bloodletting"],"picked":"Iron Wave","floor":11},{"not_picked":["Havoc","Fiend Fire"],"picked":"Heavy Blade","floor":13},{"not_picked":["Sword Boomerang","Corruption"],"picked":"Twin Strike","floor":14},{"not_picked":["True Grit","Fire Breathing+1"],"picked":"Heavy Blade+1","floor":18},{"not_picked":["Fire Breathing","Sword Boomerang"],"picked":"True Grit","floor":21},{"not_picked":["Clothesline+1","Blood for Blood"],"picked":"Cleave","floor":22},{"not_picked":["Sword Boomerang","Headbutt"],"picked":"Heavy Blade+1","floor":24},{"not_picked":["Havoc+1","Feed"],"picked":"Flex+1","floor":25},{"not_picked":["Thunderclap","Iron Wave"],"picked":"Twin Strike+1","floor":28},{"not_picked":["Perfected Strike","Corruption"],"picked":"Barricade","floor":30},{"not_picked":["Heavy Blade+1","Evolve+1"],"picked":"Twin Strike+1","floor":35},{"not_picked":["Sword Boomerang","Bloodletting","Blood for Blood+1"],"picked":"SKIP","floor":36},{"not_picked":["Trip","Bandage Up"],"picked":"Apotheosis","floor":37},{"not_picked":["Burning Pact+1","Seeing Red"],"picked":"Shrug It Off","floor":38},{"not_picked":["Thunderclap+1","Rupture","Rage"],"picked":"SKIP","floor":41},{"not_picked":["Headbutt","Sword Boomerang+1"],"picked":"Clash","floor":44},{"not_picked":["Clothesline","Infernal Blade"],"picked":"Cleave","floor":47}],"player_experience":33513,"relics_obtained":[{"floor":9,"key":"Dodecahedron"},{"floor":11,"key":"Bronze Scales"},{"floor":26,"key":"Whetstone"},{"floor":30,"key":"Oddly Smooth Stone"},{"floor":43,"key":"Pantograph"}],"event_choices":[{"damage_healed":0,"gold_gain":0,"player_choice":"Donut","damage_taken":0,"max_hp_gain":5,"max_hp_loss":0,"event_name":"Big Fish","floor":3,"gold_loss":0},{"damage_healed":0,"gold_gain":0,"player_choice":"Ignored","damage_taken":0,"max_hp_gain":0,"max_hp_loss":0,"event_name":"Liars Game","floor":4,"gold_loss":0},{"damage_healed":0,"gold_gain":0,"cards_transformed":["Strike_R"],"player_choice":"Transformed","damage_taken":0,"max_hp_gain":0,"max_hp_loss":0,"event_name":"Transmorgrifier","floor":5,"gold_loss":0,"cards_obtained":["Carnage"]},{"damage_healed":0,"gold_gain":0,"player_choice":"Ignored","damage_taken":0,"max_hp_gain":0,"max_hp_loss":0,"event_name":"Ghosts","floor":19,"gold_loss":0},{"damage_healed":0,"gold_gain":100,"player_choice":"Pray","damage_taken":0,"max_hp_gain":0,"max_hp_loss":0,"event_name":"Golden Shrine","floor":20,"gold_loss":0},{"damage_healed":0,"gold_gain":0,"player_choice":"Memory 1","damage_taken":0,"max_hp_gain":0,"max_hp_loss":0,"event_name":"SensoryStone","floor":37,"gold_loss":0},{"damage_healed":0,"gold_gain":0,"player_choice":"Max HP","damage_taken":0,"max_hp_gain":0,"max_hp_loss":4,"event_name":"Winding Halls","floor":39,"gold_loss":0},{"damage_healed":0,"gold_gain":0,"player_choice":"Ignored","damage_taken":0,"max_hp_gain":0,"max_hp_loss":0,"event_name":"Mysterious Sphere","floor":42,"gold_loss":0},{"cards_removed":["Shrug It Off"],"damage_healed":0,"gold_gain":0,"player_choice":"Removed Skill","damage_taken":0,"max_hp_gain":0,"max_hp_loss":0,"event_name":"Falling","floor":46,"gold_loss":0}],"is_beta":false,"boss_relics":[{"not_picked":["Eternal Feather","Black Blood"],"picked":"Ectoplasm"},{"not_picked":["Runic Dome","Astrolabe"],"picked":"Fusion Hammer"}],"items_purged_floors":[],"is_endless":false,"potions_floor_spawned":[11,16,21,28,30,33,41,44],"killed_by":"4 Shapes","ascension_level":0}