{"gold_per_floor":[117,117,128,78,94,129,129,164,164,196,209,209,209,221,221,317,317,331,331,331,351,364,364],"floor_reached":23,"playtime":1162,"items_purged":[],"score":274,"play_id":"a0df72d7-3b37-4b2d-9aaa-0c4f1e3318be","local_time":"20190601032553","is_ascension_mode":true,"campfire_choices":[{"data":"Zap","floor":7,"key":"SMITH"},{"floor":13,"key":"REST"},{"floor":15,"key":"REST"}],"neow_cost":"NONE","seed_source_timestamp":3820749100785397,"circlet_count":0,"master_deck":["Strike_B","Defend_B","Defend_B","Defend_B","Defend_B","Zap+1","Dualcast","Chill","Sweeping Beam","Compile Driver","Ball Lightning","Genetic Algorithm","Coolheaded","Go for the Eyes","Buffer","Reinforced Body","Electrodynamics","Core Surge"],"relics":["Cracked Core","Singing Bowl","Art of War","Symbiotic Virus","Unceasing Top","Sozu","Nilry\u0027s Codex"],"potions_floor_usage":[10],"damage_taken":[{"damage":0,"enemies":"2 Louse","floor":1,"turns":2},{"damage":4,"enemies":"Small Slimes","floor":3,"turns":4},{"damage":4,"enemies":"Cultist","floor":5,"turns":3},{"damage":32,"enemies":"Gremlin Nob","floor":6,"turns":4},{"damage":13,"enemies":"Lagavulin","floor":8,"turns":6},{"damage":6,"enemies":"Gremlin Nob","floor":10,"turns":3},{"damage":1,"enemies":"Blue Slaver","floor":11,"turns":3},{"damage":6,"enemies":"Exordium Wildlife","floor":14,"turns":4},{"damage":33,"enemies":"Slime Boss","floor":16,"turns":9},{"damage":0,"enemies":"Chosen","floor":18,"turns":4},{"damage":15,"enemies":"3 Byrds","floor":21,"turns":3},{"damage":16,"enemies":"Snecko","floor":22,"turns":6},{"damage":17,"enemies":"Slavers","floor":23,"turns":1}],"seed_played":"8856138667568443789","potions_obtained":[{"floor":3,"key":"Ancient Potion"},{"floor":8,"key":"FocusPotion"},{"floor":11,"key":"LiquidBronze"},{"floor":14,"key":"SteroidPotion"}],"is_trial":false,"path_per_floor":["M","?","M","?","M","E","R","E","T","E","M","?","R","M","R","B",null,"M","?","?","M","M","E"],"character_chosen":"DEFECT","items_purchased":[],"campfire_rested":2,"item_purchase_floors":[],"current_hp_per_floor":[68,61,57,57,53,23,23,10,10,4,3,3,26,20,43,10,60,62,46,39,26,10,0],"gold":364,"neow_bonus":"THREE_CARDS","is_prod":false,"is_daily":false,"chose_seed":false,"campfire_upgraded":1,"win_rate":0,"timestamp":1559373953,"path_taken":["M","?","M","?","M","E","R","E","T","E","M","?","R","?","R","BOSS","M","?","?","?","M","E"],"build_version":"2019-01-23","purchased_purges":0,"victory":false,"max_hp_per_floor":[75,75,75,75,75,77,77,77,77,77,77,77,77,77,77,77,77,79,79,79,81,81,81],"card_choices":[{"not_picked":["Stack","Gash"],"picked":"Chill","floor":0},{"not_picked":["Leap","Gash"],"picked":"Sweeping Beam","floor":1},{"not_picked":["Gash","Turbo"],"picked":"Compile Driver","floor":3},{"not_picked":["Turbo","Scrape"],"picked":"Ball Lightning","floor":5},{"not_picked":["Scrape","Thunder Strike","Gash"],"picked":"Singing Bowl","floor":6},{"not_picked":["Doom and Gloom","Leap"],"picked":"Genetic Algorithm","floor":8},{"not_picked":["Force Field","Hologram"],"picked":"Coolheaded","floor":10},{"not_picked":["Turbo","Melter"],"picked":"Go for the Eyes","floor":11},{"not_picked":["Storm","Steam"],"picked":"Reinforced Body","floor":14},{"not_picked":["All For One","Hyperbeam"],"picked":"Electrodynamics","floor":16},{"not_picked":["Chaos","Sweeping Beam","Barrage+1"],"picked":"Singing Bowl","floor":18},{"not_picked":["Aggregate","Cold Snap","Rebound"],"picked":"Singing Bowl","floor":21},{"not_picked":["FTL+1","Recycle"],"picked":"Core Surge","floor":22}],"player_experience":311769,"relics_obtained":[{"floor":6,"key":"Singing Bowl"},{"floor":8,"key":"Art of War"},{"floor":9,"key":"Symbiotic Virus"},{"floor":10,"key":"Unceasing Top"},{"floor":19,"key":"Nilry\u0027s Codex"}],"event_choices":[{"cards_removed":["Strike_B"],"damage_healed":0,"gold_gain":0,"player_choice":"Card Removal","damage_taken":7,"max_hp_gain":0,"max_hp_loss":0,"event_name":"Golden Wing","floor":2,"gold_loss":0},{"cards_removed":["Strike_B"],"damage_healed":0,"gold_gain":0,"player_choice":"Card Removal","damage_taken":0,"max_hp_gain":0,"max_hp_loss":0,"event_name":"The Cleric","floor":4,"gold_loss":50},{"damage_healed":0,"gold_gain":0,"cards_transformed":["Strike_B"],"player_choice":"Transformed","damage_taken":0,"max_hp_gain":0,"max_hp_loss":0,"event_name":"Transmorgrifier","floor":12,"gold_loss":0,"cards_obtained":["Buffer"]},{"damage_healed":0,"gold_gain":0,"player_choice":"Obtained Book","damage_taken":16,"max_hp_gain":0,"max_hp_loss":0,"event_name":"Cursed Tome","floor":19,"gold_loss":0},{"damage_healed":0,"gold_gain":0,"player_choice":"","damage_taken":7,"max_hp_gain":0,"max_hp_loss":0,"event_name":"Knowing Skull","floor":20,"potions_obtained":[],"gold_loss":0,"cards_obtained":[]}],"is_beta":false,"boss_relics":[{"not_picked":["Pandora\u0027s Box","Inserter"],"picked":"Sozu"}],"items_purged_floors":[],"is_endless":false,"potions_floor_spawned":[3,8,11,14,21,22],"killed_by":"Slavers","ascension_level":6}