{"gold_per_floor":[129,91,121,133,145,182,210,202,214,239,284,296,328,340,352,463,475,504,531,543,555,582,594,626,656,668,680,718,757,780,792,804,918,930,958,970,999,938,938],"floor_reached":39,"playtime":3452,"items_purged":[],"score":436,"play_id":"1c4aba4e-7029-47a4-8093-b7e174570347","local_time":"20190902204655","is_ascension_mode":false,"campfire_choices":[{"floor":12.0,"key":"REST"},{"floor":15.0,"key":"REST"},{"floor":23.0,"key":"REST"},{"floor":27.0,"key":"REST"},{"floor":32.0,"key":"REST"}],"neow_cost":"NONE","seed_source_timestamp":0,"circlet_count":0,"master_deck":["Strike_R","Strike_R","Defend_R","Defend_R","Defend_R+1","Defend_R","Bash","Anger","Pommel Strike","Limit Break+1","Heavy Blade","Flex","Pommel Strike","Limit Break","Shrug It Off","Pommel Strike","Entrench","Cleave","Anger+1","Blood for Blood+1","Headbutt","Clash","Disarm","Barricade","Flex","Whirlwind"],"special_seed":0,"relics":["Black Blood","MawBank","Meat on the Bone","StoneCalendar","Orichalcum","Velvet Choker","Matryoshka","War Paint","Red Mask"],"potions_floor_usage":[],"damage_taken":[{"damage":7.0,"enemies":"2 Louse","floor":1.0,"turns":3.0},{"damage":4.0,"enemies":"Small Slimes","floor":3.0,"turns":3.0},{"damage":25.0,"enemies":"Gremlin Nob","floor":6.0,"turns":4.0},{"damage":1.0,"enemies":"Cultist","floor":7.0,"turns":3.0},{"damage":25.0,"enemies":"Exordium Wildlife","floor":10.0,"turns":5.0},{"damage":35.0,"enemies":"Lagavulin","floor":11.0,"turns":6.0},{"damage":26.0,"enemies":"Gremlin Gang","floor":13.0,"turns":5.0},{"damage":67.0,"enemies":"Hexaghost","floor":16.0,"turns":11.0},{"damage":14.0,"enemies":"Chosen","floor":18.0,"turns":5.0},{"damage":21.0,"enemies":"2 Thieves","floor":19.0,"turns":4.0},{"damage":16.0,"enemies":"Snake Plant","floor":22.0,"turns":4.0},{"damage":32.0,"enemies":"Centurion and Healer","floor":24.0,"turns":6.0},{"damage":29.0,"enemies":"Shelled Parasite and Fungi","floor":25.0,"turns":5.0},{"damage":30.0,"enemies":"Book of Stabbing","floor":28.0,"turns":5.0},{"damage":24.0,"enemies":"Masked Bandits","floor":29.0,"turns":5.0},{"damage":16.0,"enemies":"Sentry and Sphere","floor":30.0,"turns":4.0},{"damage":55.0,"enemies":"Champ","floor":33.0,"turns":11.0},{"damage":53.0,"enemies":"3 Darklings","floor":35.0,"turns":7.0},{"damage":25.0,"enemies":"3 Shapes","floor":37.0,"turns":6.0},{"damage":63,"enemies":"Spire Growth","floor":39,"turns":4}],"seed_played":"-1799948038221832683","potions_obtained":[{"floor":3.0,"key":"Explosive Potion"},{"floor":7.0,"key":"Explosive Potion"},{"floor":8.0,"key":"Ancient Potion"},{"floor":11.0,"key":"Regen Potion"},{"floor":13.0,"key":"BloodPotion"},{"floor":16.0,"key":"Poison Potion"},{"floor":18.0,"key":"Block Potion"},{"floor":24.0,"key":"Block Potion"},{"floor":25.0,"key":"Energy Potion"},{"floor":37.0,"key":"Ancient Potion"}],"is_trial":false,"path_per_floor":["M","?","M","?","$","E","M","?","T","M","E","R","M","$","R","B",null,"M","M","$","?","M","R","M","M","T","R","E","?","M","?","R","B",null,"M","?","M","$","M"],"character_chosen":"IRONCLAD","items_purchased":["Whirlwind"],"campfire_rested":5,"item_purchase_floors":[38],"current_hp_per_floor":[79,79,80,80,80,61,66,66,66,47,30,54,46,46,70,41,80,72,57,57,57,47,71,57,46,46,70,58,52,54,39,64,42,85,54,54,51,51,0],"gold":938,"neow_bonus":"RANDOM_COMMON_RELIC","is_prod":false,"is_daily":false,"chose_seed":false,"campfire_upgraded":0,"win_rate":0.0,"timestamp":1567471615,"path_taken":["M","?","M","?","$","E","M","?","T","M","E","R","?","$","R","BOSS","M","M","$","?","M","R","?","?","T","R","E","?","M","?","R","BOSS","M","?","M","$","M"],"build_version":"2019-07-17","purchased_purges":0,"victory":false,"max_hp_per_floor":[80,80,80,80,80,80,80,80,80,80,80,80,80,80,80,80,80,80,80,80,80,80,80,80,80,80,80,80,80,80,85,85,85,85,85,85,85,85,85],"card_choices":[{"not_picked":["Flex","Perfected Strike"],"picked":"Anger","floor":1.0},{"not_picked":["Perfected Strike","Wild Strike","Clash"],"picked":"SKIP","floor":3.0},{"not_picked":["Bloodletting","Twin Strike"],"picked":"Pommel Strike","floor":6.0},{"not_picked":["Power Through","Shrug It Off"],"picked":"Limit Break","floor":7.0},{"not_picked":["Headbutt","Sword Boomerang"],"picked":"Heavy Blade","floor":10.0},{"not_picked":["Thunderclap","Entrench"],"picked":"Flex","floor":11.0},{"not_picked":["Intimidate","Warcry"],"picked":"Pommel Strike","floor":13.0},{"not_picked":["Berserk","Dark Embrace"],"picked":"Limit Break","floor":16.0},{"not_picked":["Shockwave","Heavy Blade"],"picked":"Shrug It Off","floor":18.0},{"not_picked":["True Grit","Twin Strike"],"picked":"Pommel Strike","floor":19.0},{"not_picked":["Bloodletting","Rampage"],"picked":"Cleave","floor":22.0},{"not_picked":["True Grit","Offering"],"picked":"Anger+1","floor":24.0},{"not_picked":["Fire Breathing","Thunderclap"],"picked":"Blood for Blood+1","floor":25.0},{"not_picked":["Anger","Dual Wield"],"picked":"Headbutt","floor":28.0},{"not_picked":["Twin Strike","Carnage"],"picked":"Clash","floor":29.0},{"not_picked":["Perfected Strike","Headbutt"],"picked":"Disarm","floor":30.0},{"not_picked":["Fiend Fire","Immolate"],"picked":"Barricade","floor":33.0},{"not_picked":["Rage","Intimidate","Rampage+1"],"picked":"SKIP","floor":35.0},{"not_picked":["Warcry","Entrench"],"picked":"Flex","floor":37.0}],"player_experience":23611,"relics_obtained":[{"floor":6.0,"key":"Meat on the Bone"},{"floor":9.0,"key":"StoneCalendar"},{"floor":11.0,"key":"Orichalcum"},{"floor":26.0,"key":"Matryoshka"},{"floor":28.0,"key":"War Paint"},{"floor":29.0,"key":"Red Mask"}],"event_choices":[{"cards_removed":["Strike_R"],"damage_healed":0.0,"max_hp_gain":0.0,"max_hp_loss":0.0,"gold_gain":0.0,"event_name":"The Cleric","player_choice":"Card Removal","floor":2.0,"gold_loss":50.0,"damage_taken":0.0},{"cards_removed":["Strike_R"],"damage_healed":0.0,"max_hp_gain":0.0,"max_hp_loss":0.0,"gold_gain":0.0,"event_name":"Living Wall","player_choice":"Forget","floor":4.0,"gold_loss":0.0,"damage_taken":0.0},{"damage_healed":0.0,"max_hp_gain":0.0,"max_hp_loss":0.0,"gold_gain":0.0,"event_name":"The Woman in Blue","player_choice":"Bought 1 Potion","floor":8.0,"gold_loss":0.0,"damage_taken":0.0},{"damage_healed":0.0,"max_hp_gain":0.0,"max_hp_loss":0.0,"gold_gain":0.0,"event_name":"Match and Keep!","player_choice":"1 cards matched","floor":21.0,"gold_loss":0.0,"damage_taken":0.0,"cards_obtained":["Entrench"]},{"damage_healed":0.0,"max_hp_gain":0.0,"max_hp_loss":0.0,"gold_gain":0.0,"event_name":"Masked Bandits","player_choice":"Fought Bandits","floor":29.0,"gold_loss":0.0,"damage_taken":0.0},{"damage_healed":0.0,"max_hp_gain":5.0,"max_hp_loss":0.0,"gold_gain":0.0,"event_name":"Forgotten Altar","player_choice":"Shed Blood","floor":31.0,"gold_loss":0.0,"damage_taken":20.0},{"cards_removed":["Strike_R"],"damage_healed":0.0,"max_hp_gain":0.0,"max_hp_loss":0.0,"gold_gain":0.0,"event_name":"Purifier","player_choice":"Purged","floor":36.0,"gold_loss":0.0,"damage_taken":0.0}],"is_beta":false,"boss_relics":[{"not_picked":["Empty Cage","White Beast Statue"],"picked":"Velvet Choker"},{"not_picked":["Coffee Dripper","Runic Cube"],"picked":"Black Blood"}],"items_purged_floors":[],"is_endless":false,"potions_floor_spawned":[3,7,11,13,16,18,22,24,25,37],"killed_by":"Spire Growth","ascension_level":0}