{"gold_per_floor":[117,117,117,132,148,148,180,198,222,222,237,269,269,269,269,370,370,380,380,390,390,407,407,380,380,380,380,400,432,432,405,405,509,509,521,521,538,550,550,550,567,567,567,567,567,578,578,179,179,179],"floor_reached":50,"playtime":2576,"items_purged":["Strike_G"],"score":468,"play_id":"381d90d5-f98f-4ec6-b7f3-c7bbecab8df4","local_time":"20190905132740","is_ascension_mode":false,"campfire_choices":[{"data":"Quick Slash","floor":6.0,"key":"SMITH"},{"data":"Poisoned Stab","floor":13.0,"key":"SMITH"},{"floor":15.0,"key":"REST"},{"floor":23.0,"key":"REST"},{"data":"Envenom","floor":25.0,"key":"SMITH"},{"data":"Backflip","floor":27.0,"key":"SMITH"},{"floor":30.0,"key":"REST"},{"floor":32.0,"key":"REST"},{"floor":40.0,"key":"REST"},{"floor":42.0,"key":"REST"},{"floor":44.0,"key":"REST"},{"floor":49,"key":"REST"}],"neow_cost":"NONE","seed_source_timestamp":0,"circlet_count":0,"master_deck":["Strike_G","Strike_G","Strike_G","Strike_G","Defend_G","Defend_G","Defend_G","Defend_G","Survivor","Neutralize+1","Crippling Poison","Quick Slash+1","Backflip+1","Dash","Poisoned Stab+1","Dodge and Roll","Terror","Envenom+1","Acrobatics","Prepared","Slice","Caltrops","Die Die Die","Deadly Poison","Doppelganger","Sucker Punch+1","Deadly Poison","Outmaneuver","Blind","Choke+1","Writhe","Infinite Blades"],"special_seed":0,"relics":["Ring of the Snake","Pen Nib","PreservedInsect","Happy Flower","Busted Crown","Bottled Tornado","Dodecahedron","HoveringKite","Snake Skull","Vajra","TwistedFunnel"],"potions_floor_usage":[50,50],"damage_taken":[{"damage":2.0,"enemies":"Small Slimes","floor":1.0,"turns":5.0},{"damage":1.0,"enemies":"Cultist","floor":4.0,"turns":4.0},{"damage":3.0,"enemies":"Jaw Worm","floor":5.0,"turns":5.0},{"damage":28.0,"enemies":"Lagavulin","floor":7.0,"turns":9.0},{"damage":3.0,"enemies":"3 Louse","floor":8.0,"turns":3.0},{"damage":0.0,"enemies":"Looter","floor":11.0,"turns":4.0},{"damage":9.0,"enemies":"Gremlin Nob","floor":12.0,"turns":4.0},{"damage":23.0,"enemies":"Hexaghost","floor":16.0,"turns":10.0},{"damage":0.0,"enemies":"3 Byrds","floor":18.0,"turns":6.0},{"damage":13.0,"enemies":"Spheric Guardian","floor":20.0,"turns":6.0},{"damage":10.0,"enemies":"Snake Plant","floor":22.0,"turns":4.0},{"damage":13.0,"enemies":"3 Cultists","floor":28.0,"turns":6.0},{"damage":6.0,"enemies":"Book of Stabbing","floor":29.0,"turns":4.0},{"damage":37.0,"enemies":"Automaton","floor":33.0,"turns":9.0},{"damage":5.0,"enemies":"Orb Walker","floor":35.0,"turns":3.0},{"damage":35.0,"enemies":"3 Shapes","floor":37.0,"turns":5.0},{"damage":32.0,"enemies":"Writhing Mass","floor":38.0,"turns":8.0},{"damage":32.0,"enemies":"Spire Growth","floor":41.0,"turns":5.0},{"damage":33,"enemies":"4 Shapes","floor":46,"turns":6},{"damage":69,"enemies":"Time Eater","floor":50,"turns":4}],"seed_played":"9089137886181700465","potions_obtained":[{"floor":1.0,"key":"Dexterity Potion"},{"floor":4.0,"key":"SpeedPotion"},{"floor":11.0,"key":"Strength Potion"},{"floor":16.0,"key":"PowerPotion"},{"floor":28.0,"key":"GhostInAJar"},{"floor":33.0,"key":"Weak Potion"},{"floor":46,"key":"Dexterity Potion"}],"is_trial":false,"path_per_floor":["M","?","?","M","M","R","E","M","T","?","M","E","R","?","R","B",null,"M","?","M","?","M","R","$","R","T","R","M","E","R","$","R","B",null,"M","?","M","M","T","R","M","R","T","R","?","M","?","$","R","B"],"character_chosen":"THE_SILENT","items_purchased":["Slice","Deadly Poison","Infinite Blades","TwistedFunnel","SkillPotion"],"campfire_rested":8,"item_purchase_floors":[24,31,48,48,48],"current_hp_per_floor":[75,75,75,74,71,71,43,40,40,65,65,56,56,56,77,54,77,77,77,64,50,40,64,64,64,64,64,51,45,69,69,82,45,82,77,77,42,10,10,34,2,26,26,50,50,17,38,38,62,0],"gold":179,"neow_bonus":"TEN_PERCENT_HP_BONUS","is_prod":false,"is_daily":false,"chose_seed":false,"campfire_upgraded":4,"win_rate":0.0,"timestamp":1567704460,"path_taken":["M","?","?","M","?","R","E","M","T","?","M","E","R","?","R","BOSS","M","?","M","?","M","R","?","R","T","R","M","E","R","$","R","BOSS","M","?","M","M","?","R","M","R","T","R","?","M","?","?","R","BOSS"],"build_version":"2019-07-17","purchased_purges":1,"victory":false,"max_hp_per_floor":[77,77,77,77,77,77,77,77,77,77,77,77,77,77,77,77,77,77,77,77,82,82,82,82,82,82,82,82,82,82,82,82,82,82,82,82,82,82,82,82,82,82,82,82,82,82,82,82,82,82],"card_choices":[{"not_picked":["Slice","All Out Attack"],"picked":"Crippling Poison","floor":1.0},{"not_picked":["Backflip","Deadly Poison"],"picked":"Quick Slash","floor":4.0},{"not_picked":["Wraith Form v2","Well Laid Plans"],"picked":"Backflip","floor":5.0},{"not_picked":["Blade Dance","Slice"],"picked":"Dash","floor":7.0},{"not_picked":["Prepared","Blade Dance"],"picked":"Poisoned Stab","floor":8.0},{"not_picked":["Calculated Gamble","Acrobatics"],"picked":"Dodge and Roll","floor":11.0},{"not_picked":["Well Laid Plans","Underhanded Strike"],"picked":"Terror","floor":12.0},{"not_picked":["Venomology","Bullet Time"],"picked":"Envenom","floor":16.0},{"not_picked":["Heel Hook"],"picked":"SKIP","floor":18.0},{"not_picked":[],"picked":"Acrobatics","floor":20.0},{"not_picked":[],"picked":"Prepared","floor":22.0},{"not_picked":[],"picked":"Caltrops","floor":28.0},{"not_picked":[],"picked":"Die Die Die","floor":29.0},{"not_picked":[],"picked":"Doppelganger","floor":33.0},{"not_picked":[],"picked":"Sucker Punch+1","floor":35.0},{"not_picked":["Tactician"],"picked":"SKIP","floor":37.0},{"not_picked":[],"picked":"Deadly Poison","floor":38.0},{"not_picked":[],"picked":"Outmaneuver","floor":41.0},{"not_picked":[],"picked":"Blind","floor":45.0},{"not_picked":[],"picked":"Choke+1","floor":46}],"player_experience":46020,"relics_obtained":[{"floor":7.0,"key":"Pen Nib"},{"floor":9.0,"key":"PreservedInsect"},{"floor":12.0,"key":"Happy Flower"},{"floor":26.0,"key":"Bottled Tornado"},{"floor":29.0,"key":"Dodecahedron"},{"floor":39.0,"key":"Snake Skull"},{"floor":43.0,"key":"Vajra"}],"event_choices":[{"cards_removed":["Defend_G"],"damage_healed":0.0,"max_hp_gain":0.0,"max_hp_loss":0.0,"gold_gain":0.0,"event_name":"Living Wall","player_choice":"Forget","floor":2.0,"gold_loss":0.0,"damage_taken":0.0},{"damage_healed":0.0,"max_hp_gain":0.0,"max_hp_loss":0.0,"gold_gain":0.0,"event_name":"Accursed Blacksmith","player_choice":"Forge","floor":3.0,"gold_loss":0.0,"damage_taken":0.0,"cards_upgraded":["Neutralize"]},{"damage_healed":25.0,"max_hp_gain":0.0,"max_hp_loss":0.0,"gold_gain":0.0,"event_name":"Big Fish","player_choice":"Banana","floor":10.0,"gold_loss":0.0,"damage_taken":0.0},{"damage_healed":0.0,"max_hp_gain":0.0,"max_hp_loss":0.0,"gold_gain":0.0,"event_name":"Liars Game","player_choice":"Ignored","floor":14.0,"gold_loss":0.0,"damage_taken":0.0},{"damage_healed":0.0,"max_hp_gain":0.0,"max_hp_loss":0.0,"gold_gain":0.0,"event_name":"Vampires","player_choice":"Ignored","floor":19.0,"gold_loss":0.0,"damage_taken":0.0},{"damage_healed":0.0,"max_hp_gain":5.0,"max_hp_loss":0.0,"gold_gain":0.0,"event_name":"Forgotten Altar","player_choice":"Shed Blood","floor":21.0,"gold_loss":0.0,"damage_taken":19.0},{"damage_healed":0.0,"max_hp_gain":0.0,"max_hp_loss":0.0,"gold_gain":0.0,"event_name":"Tomb of Lord Red Mask","player_choice":"Ignored","floor":36.0,"gold_loss":0.0,"damage_taken":0.0},{"damage_healed":0.0,"max_hp_gain":0.0,"max_hp_loss":0.0,"gold_gain":0.0,"event_name":"SensoryStone","player_choice":"Memory 1","floor":45.0,"gold_loss":0.0,"damage_taken":0.0},{"damage_healed":21,"gold_gain":0,"player_choice":"Writhe","damage_taken":0,"max_hp_gain":0,"max_hp_loss":0,"event_name":"Winding Halls","floor":47,"gold_loss":0,"cards_obtained":["Writhe"]}],"is_beta":false,"boss_relics":[{"not_picked":["White Beast Statue","Velvet Choker"],"picked":"Busted Crown"},{"not_picked":["Eternal Feather","Runic Dome"],"picked":"HoveringKite"}],"items_purged_floors":[48],"is_endless":false,"potions_floor_spawned":[1,4,11,16,28,33,46],"killed_by":"Time Eater","ascension_level":0}