{"path_per_floor":["M","M","M","M","M","E","M","M","T","M","R","M","M","E","R","B",null,"M","M","M","M","M"],"character_chosen":"IRONCLAD","items_purchased":[],"gold_per_floor":[110,130,145,164,178,210,229,249,273,283,283,294,305,336,336,439,439,452,469,480,492,512],"floor_reached":23,"campfire_rested":0,"playtime":1281,"current_hp_per_floor":[80,77,80,79,80,55,48,54,54,53,53,51,52,45,45,36,80,76,75,57,42,39],"items_purged":[],"gold":512,"play_id":"280863fc-f1c7-43a4-a2aa-64ed0a73a464","is_prod":false,"is_daily":false,"campfire_rituals":0,"campfire_upgraded":2,"is_hardmode":false,"path_taken":["M","M","M","M","M","E","M","M","T","M","R","M","M","E","R","BOSS","M","M","M","M","M","E"],"build_version":"2018-01-11-PROD2","purchased_purges":0,"victory":false,"master_deck":["Strike_R","Strike_R","Strike_R","Strike_R","Defend_R","Defend_R","Defend_R","Cleave","Headbutt","Flex","Body Slam","Flex","Inflame","Sword Boomerang","Limit Break","Clash","Hemokinesis","Limit Break","Evolve","Hemokinesis","Headbutt","Headbutt","Sword Boomerang"],"max_hp_per_floor":[80,80,80,80,80,80,80,80,80,80,80,80,80,80,80,80,80,80,80,80,80,80],"relics":["Burning Blood","Vajra","Toxic Egg","Pen Nib","Astrolabe"],"campfire_meditates":0,"card_choices":[{"not_picked":["Juggernaut","Searing Blow"],"picked":"Cleave"},{"not_picked":["Fiend Fire","Clothesline"],"picked":"Headbutt"},{"not_picked":["Perfected Strike","Second Wind"],"picked":"Flex"},{"not_picked":["Armaments","Sever Soul"],"picked":"Body Slam"},{"not_picked":["Wild Strike","Clash"],"picked":"Flex"},{"not_picked":["Fiend Fire","Anger"],"picked":"Inflame"},{"not_picked":["Wild Strike","Anger"],"picked":"Sword Boomerang"},{"not_picked":["Double Tap","Impervious"],"picked":"Limit Break"},{"not_picked":["Clothesline","Perfected Strike"],"picked":"Evolve"},{"not_picked":["Dual Wield","Searing Blow"],"picked":"Hemokinesis"},{"not_picked":["Armaments","Heavy Blade"],"picked":"Headbutt"},{"not_picked":["Burning Pact","Seeing Red"],"picked":"Headbutt"},{"not_picked":["Feel No Pain","Infernal Blade"],"picked":"Sword Boomerang"}],"player_experience":176816,"potions_floor_usage":[6,12,16,16,16,18,21],"damage_taken":[{"damage":1,"enemies":"2 Louse","floor":1,"turns":3},{"damage":9,"enemies":"Blue Slaver","floor":2,"turns":5},{"damage":1,"enemies":"Jaw Worm","floor":3,"turns":4},{"damage":7,"enemies":"Looter","floor":4,"turns":4},{"damage":3,"enemies":"2 Fungi Beasts","floor":5,"turns":4},{"damage":31,"enemies":"Lagavulin","floor":6,"turns":6},{"damage":13,"enemies":"Red Slaver","floor":7,"turns":2},{"damage":0,"enemies":"Large Slime","floor":8,"turns":5},{"damage":7,"enemies":"3 Louse","floor":10,"turns":2},{"damage":8,"enemies":"Exordium Thugs","floor":12,"turns":3},{"damage":5,"enemies":"Looter","floor":13,"turns":2},{"damage":13,"enemies":"Gremlin Nob","floor":14,"turns":3},{"damage":15,"enemies":"The Guardian","floor":16,"turns":5},{"damage":10,"enemies":"3 Byrds","floor":18,"turns":3},{"damage":7,"enemies":"Spheric Guardian","floor":19,"turns":3},{"damage":24,"enemies":"Snecko","floor":20,"turns":4},{"damage":21,"enemies":"Slaver and Parasite","floor":21,"turns":4},{"damage":9,"enemies":"Centurion and Healer","floor":22,"turns":3},{"damage":27,"enemies":"Slavers","floor":23,"turns":2}],"event_choices":[],"boss_relics":[{"not_picked":["Eternal Feather","Snecko Eye"],"picked":"Astrolabe"}],"potions_floor_spawned":[1,2,4,6,7,12,16,20],"seed_played":"7701177932178866126","killed_by":"Slavers","is_trial":false}