{"gold_per_floor":[115,127,127,137,87,87,118,118,118,118,193,212,212,212,212,317,317,330,330,207,221,221,221,251,251,329,329,348,348,375,391,391,487,487,502,514,514,514,525,525,560,560,608,637,637,669,687,702,702,702],"floor_reached":51,"playtime":2267,"items_purged":[],"score":1179,"play_id":"6252ba6c-d17f-41c4-88f5-0789248ebdf3","local_time":"20190912183223","is_ascension_mode":true,"campfire_choices":[{"data":"Zap","floor":6.0,"key":"SMITH"},{"data":"Dualcast","floor":8.0,"key":"SMITH"},{"floor":13.0,"key":"DIG"},{"floor":15.0,"key":"DIG"},{"floor":23.0,"key":"DIG"},{"floor":25.0,"key":"DIG"},{"floor":27.0,"key":"REST"},{"floor":29.0,"key":"DIG"},{"floor":32.0,"key":"DIG"},{"floor":40.0,"key":"REST"},{"floor":42,"key":"REST"},{"floor":45,"key":"DIG"},{"floor":49,"key":"REST"}],"neow_cost":"NONE","seed_source_timestamp":0,"circlet_count":0,"master_deck":["Strike_B","Strike_B","Defend_B","Defend_B","Defend_B","Defend_B","Zap+1","Dualcast+1","Cold Snap","Ball Lightning","BootSequence","Electrodynamics","Coolheaded+1","Conserve Battery","Capacitor","Loop+1","Core Surge","Chill+1","Fission+1","Chaos+1","Conserve Battery+1","Defragment+1","Machine Learning","Conserve Battery+1","Ball Lightning+1","Seek+1","Capacitor+1"],"special_seed":0,"relics":["Cracked Core","Pocketwatch","Shovel","Potion Belt","Cables","Pear","PreservedInsect","White Beast Statue","Prayer Wheel","Bottled Lightning","Regal Pillow","Tiny Chest","Toxic Egg 2","Centennial Puzzle","Mummified Hand","Philosopher\u0027s Stone","Vajra","Bag of Preparation","Dream Catcher","Ancient Tea Set","Blue Candle","Letter Opener"],"potions_floor_usage":[41,46,48,50,50,50,50],"damage_taken":[{"damage":0.0,"enemies":"Cultist","floor":1.0,"turns":3.0},{"damage":3.0,"enemies":"Jaw Worm","floor":2.0,"turns":4.0},{"damage":2.0,"enemies":"2 Louse","floor":4.0,"turns":2.0},{"damage":14.0,"enemies":"3 Sentries","floor":7.0,"turns":7.0},{"damage":0.0,"enemies":"Large Slime","floor":12.0,"turns":4.0},{"damage":23.0,"enemies":"Slime Boss","floor":16.0,"turns":9.0},{"damage":0.0,"enemies":"Chosen","floor":18.0,"turns":3.0},{"damage":0.0,"enemies":"3 Byrds","floor":21.0,"turns":2.0},{"damage":10.0,"enemies":"Book of Stabbing","floor":24.0,"turns":4.0},{"damage":9.0,"enemies":"Shelled Parasite and Fungi","floor":28.0,"turns":7.0},{"damage":0.0,"enemies":"Gremlin Leader","floor":30.0,"turns":4.0},{"damage":3.0,"enemies":"3 Cultists","floor":31.0,"turns":3.0},{"damage":72.0,"enemies":"Automaton","floor":33.0,"turns":12.0},{"damage":0.0,"enemies":"3 Darklings","floor":35.0,"turns":2.0},{"damage":11.0,"enemies":"Orb Walker","floor":36.0,"turns":5.0},{"damage":25.0,"enemies":"Jaw Worm Horde","floor":39.0,"turns":3.0},{"damage":49,"enemies":"Giant Head","floor":41,"turns":8},{"damage":0,"enemies":"Reptomancer","floor":44,"turns":5},{"damage":24,"enemies":"Giant Head","floor":46,"turns":7},{"damage":9,"enemies":"Maw","floor":47,"turns":6},{"damage":0,"enemies":"3 Darklings","floor":48,"turns":2},{"damage":67,"enemies":"Awakened One","floor":50,"turns":10}],"seed_played":"-6888862829608194516","potions_obtained":[{"floor":2.0,"key":"SkillPotion"},{"floor":12.0,"key":"EssenceOfSteel"},{"floor":16.0,"key":"SpeedPotion"},{"floor":18.0,"key":"SpeedPotion"},{"floor":21.0,"key":"Energy Potion"},{"floor":24.0,"key":"LiquidBronze"},{"floor":28.0,"key":"Energy Potion"},{"floor":30.0,"key":"Swift Potion"},{"floor":31.0,"key":"FearPotion"},{"floor":33.0,"key":"Regen Potion"},{"floor":35.0,"key":"Ancient Potion"},{"floor":36.0,"key":"GamblersBrew"},{"floor":39.0,"key":"SteroidPotion"},{"floor":41,"key":"Strength Potion"},{"floor":44,"key":"EssenceOfSteel"},{"floor":46,"key":"Dexterity Potion"},{"floor":47,"key":"Explosive Potion"},{"floor":48,"key":"Fruit Juice"}],"is_trial":false,"path_per_floor":["M","M","?","M","?","R","E","R","T","?","?","M","R","T","R","B",null,"M","?","$","M","?","R","E","R","T","R","M","R","E","M","R","B",null,"M","M","?","?","M","R","E","R","T","E","R","E","M","M","R","B",null],"character_chosen":"DEFECT","items_purchased":["Conserve Battery","Regen Potion"],"campfire_rested":4,"item_purchase_floors":[20,20],"current_hp_per_floor":[75,72,77,75,75,75,61,61,61,61,50,50,50,60,60,37,82,82,63,63,63,63,63,53,53,53,98,89,89,89,86,86,29,84,84,73,73,73,48,93,44,89,89,89,89,80,71,76,107,40],"gold":702,"neow_bonus":"TEN_PERCENT_HP_BONUS","is_prod":false,"is_daily":false,"chose_seed":false,"campfire_upgraded":2,"win_rate":0,"timestamp":1568327543,"path_taken":["M","?","?","M","?","R","E","R","T","?","?","M","R","?","R","BOSS","M","?","$","M","?","R","E","R","T","R","M","R","E","M","R","BOSS","M","M","?","?","M","R","E","R","T","E","R","E","M","?","R","BOSS"],"build_version":"2019-07-17","purchased_purges":0,"victory":true,"max_hp_per_floor":[82,82,87,87,87,87,87,87,87,87,87,87,87,97,97,97,97,97,102,102,102,102,102,102,102,102,102,102,102,102,102,102,102,102,102,102,102,102,102,102,102,102,102,102,102,102,102,107,107,107],"card_choices":[{"not_picked":["Coolheaded","Beam Cell"],"picked":"Cold Snap","floor":1.0},{"not_picked":["Compile Driver","Barrage","Steam"],"picked":"SKIP","floor":2.0},{"not_picked":["Sweeping Beam","Doom and Gloom"],"picked":"Ball Lightning","floor":4.0},{"not_picked":["Tempest","Barrage"],"picked":"BootSequence","floor":7.0},{"not_picked":["Biased Cognition","Gash","Streamline"],"picked":"SKIP","floor":12.0},{"not_picked":["Biased Cognition","Creative AI"],"picked":"Electrodynamics","floor":16.0},{"not_picked":["Beam Cell","Steam Power"],"picked":"Coolheaded+1","floor":18.0},{"not_picked":["Beam Cell","Barrage","Aggregate+1"],"picked":"SKIP","floor":21.0},{"not_picked":["Blizzard","Rip and Tear"],"picked":"Capacitor","floor":24.0},{"not_picked":["Leap","Sweeping Beam+1"],"picked":"Loop+1","floor":28.0},{"not_picked":["Stack","Reprogram","Compile Driver"],"picked":"SKIP","floor":28.0},{"not_picked":["Self Repair","Turbo+1"],"picked":"Core Surge","floor":30.0},{"not_picked":["Compile Driver","Conserve Battery+1"],"picked":"Chill+1","floor":31.0},{"not_picked":["Darkness+1","Recycle+1","Rip and Tear+1"],"picked":"SKIP","floor":31.0},{"not_picked":["All For One","Multi-Cast+1"],"picked":"Fission+1","floor":33.0},{"not_picked":["Reprogram+1","Lockon+1"],"picked":"Redo+1","floor":35.0},{"not_picked":["Sunder+1","Steam+1","Go for the Eyes+1"],"picked":"SKIP","floor":35.0},{"not_picked":["Scrape+1","Conserve Battery+1"],"picked":"Chaos+1","floor":36.0},{"not_picked":["Compile Driver+1","Rebound+1","Darkness+1"],"picked":"SKIP","floor":36.0},{"not_picked":["Barrage","Gash"],"picked":"Conserve Battery+1","floor":39.0},{"not_picked":["Leap+1","Gash","Cold Snap"],"picked":"SKIP","floor":39.0},{"not_picked":["Blizzard","Skim+1"],"picked":"Defragment+1","floor":41},{"not_picked":["Gash","Barrage+1"],"picked":"Machine Learning","floor":44},{"not_picked":["Sweeping Beam+1","BootSequence+1","Steam+1"],"picked":"SKIP","floor":46},{"not_picked":["Steam+1","Ball Lightning"],"picked":"Conserve Battery+1","floor":47},{"not_picked":["Stack+1","Chill+1","Gash+1"],"picked":"SKIP","floor":47},{"not_picked":["Stack+1","Sunder"],"picked":"Ball Lightning+1","floor":48},{"not_picked":["Hello World","Streamline+1"],"picked":"Seek+1","floor":48},{"not_picked":["Leap+1","Compile Driver+1"],"picked":"Capacitor+1","floor":49}],"player_experience":248120,"relics_obtained":[{"floor":7.0,"key":"Pocketwatch"},{"floor":9.0,"key":"Shovel"},{"floor":13.0,"key":"Cables"},{"floor":14.0,"key":"Pear"},{"floor":15.0,"key":"PreservedInsect"},{"floor":23.0,"key":"Prayer Wheel"},{"floor":24.0,"key":"Bottled Lightning"},{"floor":25.0,"key":"Regal Pillow"},{"floor":26.0,"key":"Tiny Chest"},{"floor":29.0,"key":"Toxic Egg 2"},{"floor":30.0,"key":"Centennial Puzzle"},{"floor":32.0,"key":"Mummified Hand"},{"floor":41,"key":"Bag of Preparation"},{"floor":43,"key":"Dream Catcher"},{"floor":44,"key":"Ancient Tea Set"},{"floor":45,"key":"Blue Candle"},{"floor":46,"key":"Letter Opener"}],"event_choices":[{"damage_healed":0.0,"max_hp_gain":5.0,"max_hp_loss":0.0,"gold_gain":0.0,"event_name":"Big Fish","player_choice":"Donut","floor":3.0,"gold_loss":0.0,"damage_taken":0.0},{"cards_removed":["Strike_B"],"damage_healed":0.0,"max_hp_gain":0.0,"max_hp_loss":0.0,"gold_gain":0.0,"event_name":"The Cleric","player_choice":"Card Removal","floor":5.0,"gold_loss":50.0,"damage_taken":0.0},{"damage_healed":0.0,"max_hp_gain":0.0,"max_hp_loss":0.0,"gold_gain":0.0,"event_name":"Dead Adventurer","player_choice":"Searched \u00271\u0027 times","floor":10.0,"gold_loss":0.0,"damage_taken":0.0,"relics_obtained":["Potion Belt"]},{"damage_healed":0.0,"max_hp_gain":0.0,"max_hp_loss":0.0,"gold_gain":75.0,"event_name":"World of Goop","player_choice":"Gather Gold","floor":11.0,"gold_loss":0.0,"damage_taken":11.0},{"damage_healed":0.0,"max_hp_gain":5.0,"max_hp_loss":0.0,"gold_gain":0.0,"event_name":"Forgotten Altar","player_choice":"Shed Blood","floor":19.0,"gold_loss":0.0,"damage_taken":24.0},{"damage_healed":0.0,"max_hp_gain":0.0,"max_hp_loss":0.0,"gold_gain":0.0,"event_name":"Cursed Tome","player_choice":"Ignored","floor":22.0,"gold_loss":0.0,"damage_taken":0.0},{"cards_removed":["Strike_B"],"damage_healed":0.0,"max_hp_gain":0.0,"max_hp_loss":0.0,"gold_gain":0.0,"event_name":"Falling","player_choice":"Removed Attack","floor":37.0,"gold_loss":0.0,"damage_taken":0.0},{"cards_removed":["Redo"],"damage_healed":0.0,"max_hp_gain":0.0,"max_hp_loss":0.0,"gold_gain":0.0,"event_name":"WeMeetAgain","player_choice":"Gave Card","floor":38.0,"gold_loss":0.0,"damage_taken":0.0,"relics_obtained":["Vajra"]}],"is_beta":false,"boss_relics":[{"not_picked":["Lizard Tail","Fusion Hammer"],"picked":"White Beast Statue"},{"not_picked":["Runic Pyramid","Tiny House"],"picked":"Philosopher\u0027s Stone"}],"items_purged_floors":[],"is_endless":false,"potions_floor_spawned":[2,12,16,18,21,24,28,30,31,33,35,36,39,41,44,46,47,48],"ascension_level":8}