{"gold_per_floor":[118,118,132,146,162,193,193,368,420,420,438,438,448,462,462,565,565,581,597,522,533,552,552,552,570,593,593,613,613,613,633,633,738,738,750,761,761,761,761,761,794,794,818,259,209,220,220,230,230,230],"floor_reached":50,"playtime":2641,"items_purged":["Concentrate","Strike_G"],"score":691,"play_id":"70fb0b87-f17f-41e4-8e8d-e23e9a72c543","local_time":"20190731222812","is_ascension_mode":true,"campfire_choices":[{"data":"Noxious Fumes","floor":7.0,"key":"SMITH"},{"floor":12.0,"key":"REST"},{"data":"Caltrops","floor":15.0,"key":"SMITH"},{"floor":23.0,"key":"REST"},{"floor":27.0,"key":"REST"},{"floor":30.0,"key":"REST"},{"data":"Envenom","floor":32.0,"key":"SMITH"},{"floor":40.0,"key":"REST"},{"floor":42.0,"key":"REST"},{"floor":47.0,"key":"REST"},{"floor":49,"key":"REST"}],"neow_cost":"NONE","seed_source_timestamp":0,"circlet_count":0,"master_deck":["Strike_G","Strike_G","Strike_G","Strike_G","Defend_G","Defend_G","Defend_G","Defend_G","Defend_G","Survivor","Neutralize","Crippling Poison+1","Noxious Fumes+1","Caltrops+1","Backstab+1","Envenom+1","Dodge and Roll+1","Sucker Punch+1","Blur+1","Catalyst+1","RitualDagger+1","Bane+1","After Image","Concentrate+1","Finesse","Dark Shackles","Parasite"],"special_seed":0,"relics":["Ring of the Serpent","Bag of Preparation","Singing Bowl","Molten Egg 2","Oddly Smooth Stone","Pen Nib","Fusion Hammer","Lantern","Smiling Mask","Dream Catcher","Bag of Marbles"],"potions_floor_usage":[48,50],"damage_taken":[{"damage":1.0,"enemies":"Cultist","floor":1.0,"turns":4.0},{"damage":2.0,"enemies":"2 Louse","floor":3.0,"turns":3.0},{"damage":3.0,"enemies":"Small Slimes","floor":4.0,"turns":4.0},{"damage":6.0,"enemies":"Looter","floor":5.0,"turns":4.0},{"damage":20.0,"enemies":"Lagavulin","floor":6.0,"turns":5.0},{"damage":0.0,"enemies":"Large Slime","floor":11.0,"turns":3.0},{"damage":0.0,"enemies":"2 Fungi Beasts","floor":13.0,"turns":4.0},{"damage":0.0,"enemies":"Looter","floor":14.0,"turns":3.0},{"damage":10.0,"enemies":"Slime Boss","floor":16.0,"turns":10.0},{"damage":8.0,"enemies":"Shell Parasite","floor":18.0,"turns":7.0},{"damage":22.0,"enemies":"Spheric Guardian","floor":19.0,"turns":6.0},{"damage":20.0,"enemies":"Centurion and Healer","floor":21.0,"turns":8.0},{"damage":15.0,"enemies":"Snake Plant","floor":22.0,"turns":6.0},{"damage":19.0,"enemies":"Snecko","floor":25.0,"turns":5.0},{"damage":10.0,"enemies":"Centurion and Healer","floor":28.0,"turns":7.0},{"damage":1.0,"enemies":"Shelled Parasite and Fungi","floor":31.0,"turns":6.0},{"damage":42.0,"enemies":"Automaton","floor":33.0,"turns":10.0},{"damage":1.0,"enemies":"3 Shapes","floor":35.0,"turns":5.0},{"damage":16.0,"enemies":"Orb Walker","floor":36.0,"turns":5.0},{"damage":64.0,"enemies":"Giant Head","floor":41.0,"turns":9.0},{"damage":8.0,"enemies":"Writhing Mass","floor":46.0,"turns":5.0},{"damage":11,"enemies":"3 Darklings","floor":48,"turns":5},{"damage":75,"enemies":"Donu and Deca","floor":50,"turns":9}],"seed_played":"-236402341610577000","potions_obtained":[{"floor":1.0,"key":"Fire Potion"},{"floor":3.0,"key":"FearPotion"},{"floor":6.0,"key":"Strength Potion"},{"floor":18.0,"key":"GamblersBrew"},{"floor":21.0,"key":"Fire Potion"},{"floor":25.0,"key":"Explosive Potion"},{"floor":36.0,"key":"Block Potion"},{"floor":41.0,"key":"AttackPotion"}],"is_trial":false,"path_per_floor":["M","T","M","M","M","E","R","?","T","?","M","R","M","M","R","B",null,"M","M","?","M","M","R","?","M","T","R","M","?","R","M","R","B",null,"M","M","?","?","?","R","E","R","T","$","$","M","R","M","R","B"],"character_chosen":"THE_SILENT","items_purchased":["Dream Catcher","Bag of Marbles","Dark Shackles","Poison Potion","Ancient Potion"],"campfire_rested":8,"item_purchase_floors":[44,44,44,44,44],"current_hp_per_floor":[62,62,62,59,53,33,33,33,33,33,33,54,54,56,56,46,67,59,37,37,17,4,26,51,34,34,57,47,41,64,63,63,21,64,65,49,49,49,49,73,11,35,35,35,35,29,56,47,75,0],"gold":230,"neow_bonus":"RANDOM_COMMON_RELIC","is_prod":false,"is_daily":false,"chose_seed":false,"campfire_upgraded":3,"win_rate":0,"timestamp":1564626492,"path_taken":["M","?","?","?","M","E","R","?","T","?","M","R","M","M","R","BOSS","M","?","?","M","M","R","?","M","T","R","M","?","R","M","R","BOSS","M","M","?","?","?","R","E","R","T","?","$","M","R","M","R","BOSS"],"build_version":"2019-07-17","purchased_purges":2,"victory":false,"max_hp_per_floor":[70,70,72,72,72,72,72,72,72,72,72,72,72,74,74,74,74,74,74,74,74,76,76,76,78,78,78,78,78,78,78,78,78,78,80,80,80,80,80,80,82,82,82,82,82,84,86,88,90,90],"card_choices":[{"not_picked":["Blade Dance","Sucker Punch"],"picked":"Predator","floor":1.0},{"not_picked":["Deflect","Quick Slash","Dagger Throw"],"picked":"Singing Bowl","floor":3.0},{"not_picked":["Prepared","Escape Plan"],"picked":"Concentrate","floor":4.0},{"not_picked":["Dagger Throw","Skewer"],"picked":"Crippling Poison","floor":5.0},{"not_picked":["Escape Plan","Burst"],"picked":"Noxious Fumes","floor":6.0},{"not_picked":["Dagger Throw+1","Prepared"],"picked":"Caltrops","floor":11.0},{"not_picked":["PiercingWail","Blade Dance"],"picked":"Backstab+1","floor":13.0},{"not_picked":["Expertise","Cloak And Dagger","Underhanded Strike+1"],"picked":"Singing Bowl","floor":14.0},{"not_picked":["Adrenaline","Burst"],"picked":"Envenom","floor":16.0},{"not_picked":["Finisher+1","Prepared"],"picked":"Dodge and Roll+1","floor":18.0},{"not_picked":["Underhanded Strike+1","Accuracy"],"picked":"Sucker Punch+1","floor":19.0},{"not_picked":["Catalyst","Underhanded Strike+1"],"picked":"Blur+1","floor":21.0},{"not_picked":["Dagger Spray+1","Dagger Throw+1","Skewer+1"],"picked":"Singing Bowl","floor":22.0},{"not_picked":["Choke+1","Slice+1","Blur"],"picked":"Singing Bowl","floor":25.0},{"not_picked":["Skewer+1","Concentrate"],"picked":"Catalyst+1","floor":28.0},{"not_picked":["Flying Knee+1","Calculated Gamble"],"picked":"Bane+1","floor":31.0},{"not_picked":["A Thousand Cuts","Grand Finale+1"],"picked":"After Image","floor":33.0},{"not_picked":["Endless Agony+1","Blade Dance","Cloak And Dagger+1"],"picked":"Singing Bowl","floor":35.0},{"not_picked":["Slice+1","Quick Slash+1"],"picked":"Concentrate+1","floor":36.0},{"not_picked":["Impatience","Secret Weapon"],"picked":"Finesse","floor":39.0},{"not_picked":["Flying Knee+1","Poisoned Stab+1","PiercingWail"],"picked":"Singing Bowl","floor":41.0},{"not_picked":["Cloak And Dagger","Prepared","Underhanded Strike+1"],"picked":"Singing Bowl","floor":46.0},{"not_picked":["Dagger Spray+1","Accuracy","Endless Agony+1"],"picked":"Singing Bowl","floor":47.0},{"not_picked":["PiercingWail","Infinite Blades+1","Endless Agony+1"],"picked":"Singing Bowl","floor":48},{"not_picked":["Blur","Dagger Spray+1","PiercingWail"],"picked":"Singing Bowl","floor":49}],"player_experience":242415,"relics_obtained":[{"floor":2.0,"key":"Singing Bowl"},{"floor":6.0,"key":"Molten Egg 2"},{"floor":9.0,"key":"Oddly Smooth Stone"},{"floor":26.0,"key":"Pen Nib"},{"floor":41.0,"key":"Lantern"},{"floor":43.0,"key":"Smiling Mask"}],"event_choices":[{"damage_healed":0.0,"max_hp_gain":0.0,"max_hp_loss":0.0,"gold_gain":175.0,"event_name":"Liars Game","player_choice":"AGREE","floor":8.0,"gold_loss":0.0,"damage_taken":0.0,"cards_obtained":["Doubt"]},{"damage_healed":0.0,"max_hp_gain":0.0,"max_hp_loss":0.0,"gold_gain":0.0,"event_name":"Upgrade Shrine","player_choice":"Upgraded","floor":10.0,"gold_loss":0.0,"damage_taken":0.0,"cards_upgraded":["Crippling Poison"]},{"cards_removed":["Doubt"],"damage_healed":0.0,"max_hp_gain":0.0,"max_hp_loss":0.0,"gold_gain":0.0,"event_name":"Beggar","player_choice":"Gave Gold","floor":20.0,"gold_loss":75.0,"damage_taken":0.0},{"damage_healed":25.0,"max_hp_gain":0.0,"max_hp_loss":0.0,"gold_gain":0.0,"event_name":"The Library","player_choice":"Heal","floor":24.0,"gold_loss":0.0,"damage_taken":0.0},{"damage_healed":0.0,"max_hp_gain":0.0,"max_hp_loss":0.0,"gold_gain":0.0,"event_name":"Nest","player_choice":"Joined the Cult","floor":29.0,"gold_loss":0.0,"damage_taken":6.0,"cards_obtained":["RitualDagger"]},{"damage_healed":0.0,"max_hp_gain":0.0,"max_hp_loss":0.0,"gold_gain":0.0,"event_name":"Tomb of Lord Red Mask","player_choice":"Ignored","floor":37.0,"gold_loss":0.0,"damage_taken":0.0},{"cards_removed":["Predator"],"damage_healed":0.0,"max_hp_gain":0.0,"max_hp_loss":0.0,"gold_gain":0.0,"event_name":"Falling","player_choice":"Removed Attack","floor":38.0,"gold_loss":0.0,"damage_taken":0.0},{"damage_healed":0.0,"max_hp_gain":0.0,"max_hp_loss":0.0,"gold_gain":0.0,"event_name":"SensoryStone","player_choice":"Memory 1","floor":39.0,"gold_loss":0.0,"damage_taken":0.0}],"is_beta":false,"boss_relics":[{"not_picked":["Pandora\u0027s Box","Runic Pyramid"],"picked":"Ring of the Serpent"},{"not_picked":["WristBlade","Velvet Choker"],"picked":"Fusion Hammer"}],"items_purged_floors":[44,45],"is_endless":false,"potions_floor_spawned":[1,3,6,18,21,25,36,41],"killed_by":"Donu and Deca","ascension_level":8}