{"gold_per_floor":[430,460,472,559,586,630,464,493,516,547,560,560,577,577,577,887,887,903,930,956,976,999,1034,1034,1077,1077,1115,1136,1151,1176,1133,1133,1232,1232,1258,1366,1366,761,778,814,814,854,903,963,706,754,784,811,811,1201,1298,1298],"floor_reached":52,"playtime":3850,"items_purged":[],"score":3073,"play_id":"a5724555-14c6-4f2d-9749-2add16f984af","local_time":"20190616161134","daily_mods":["Diverse"],"is_ascension_mode":true,"campfire_choices":[{"data":"Noxious Fumes","floor":15,"key":"SMITH"},{"floor":49,"key":"DIG"}],"neow_cost":"","seed_source_timestamp":0,"circlet_count":0,"master_deck":["infinitespire:Gouge","Bite+1","Apotheosis","Ghostly","Finesse","Dash","Deflect","Dodge and Roll","Cloak And Dagger","Blur","Leg Sweep","Adrenaline+1","Caltrops","Noxious Fumes+1","Footwork","Well Laid Plans","A Thousand Cuts","After Image","Uppercut","Reaper+1","True Grit","Armaments+1","Shrug It Off","Battle Trance","Shockwave","Disarm","Flame Barrier","Offering","Dark Embrace","Metallicize","Feel No Pain","Inflame","Barricade","Juggernaut","Electrodynamics","Creative AI+1","Echo Form","Self Repair","Defragment","Capacitor","Glacier","Genetic Algorithm","Conserve Battery","Coolheaded+1","All For One+1","Core Surge","Doom and Gloom","Ball Lightning","Compile Driver","Gash","Go for the Eyes","Deadly Poison+1","Body Slam+1","Endless Agony+1","Limit Break+1","Deflect+1","Havoc+1","Inflame+1","Clothesline+1","Demon Form+1","Feel No Pain+1","Ball Lightning+1","Storm+1","Capacitor+1","Adrenaline+1","Fusion+1","Heavy Blade+1","Well Laid Plans+1","Panacea+1","ReplayTheSpireMod:Necrosis+1","Caltrops+1","Consume+1","CommonCold","Delirium","Fiend Fire+1","Flex+1","Double Energy+1","Meteor Strike+1","Bludgeon+1","infinitespire:DeathsTouch+1"],"relics":["Burning Blood","Black Star","Blood Vial","Bird Faced Urn","Cracked Core","Happy Flower","Ice Cream","Kunai","Lantern","Mummified Hand","WristBlade","Vajra","OrangePellets","Oddly Smooth Stone","Old Coin","Tingsha","Thread and Needle","Unceasing Top","The Courier","Boot","Question Card","Letter Opener","Torii","Tough Bandages","Toxic Egg 2","Frozen Egg 2","Molten Egg 2","Ornamental Fan","Shuriken","Shovel","MawBank","MealTicket","Matryoshka","Membership Card","Mercury Hourglass","Bronze Scales","Calipers","ClockworkSouvenir","FossilizedHelix","Inserter","Incense Burner","Potion Belt","The Specimen","TwistedFunnel","Sling","PreservedInsect","Pantograph","Paper Crane","Paper Frog","Omamori","infinitespire:CheckeredPen","Bandana","Ancient Tea Set","HandDrill","Counterbalance","ReplayTheSpireMod:Ninjato","Dodecahedron","Pet Ghost","infinitespire:Bottled Soul","Durian","Turnip","Cursed Key","Art of War","Regal Pillow","Bag of Marbles","ReplayTheSpireMod:Spearhead","Chameleon Ring","Sundial","ReplayFunnel","Baseball","ChewingGum","Ginger","Whetstone","infinitespire:ShieldingShard","Centennial Puzzle","Orichalcum","Red Skull","Strawberry","War Paint","Replay:WaspNest","Tiny Chest","Quantum Egg","ReplayTheSpireMod:Bottled Eggs","Replay:Towering Pillar of Hats","Gremlin Horn","ReplayTheSpireMod:Bottled Snecko","Juzu Bracelet","infinitespire:CursedDice","Divine Protection","BargainBundle","Bag of Preparation","Dream Catcher","Pear","Honey Jar"],"potions_floor_usage":[],"damage_taken":[{"damage":0,"enemies":"Jaw Worm","floor":1,"turns":2},{"damage":0,"enemies":"2 Louse","floor":2,"turns":1},{"damage":0,"enemies":"Small Slimes","floor":5,"turns":2},{"damage":0,"enemies":"Gremlin Nob","floor":6,"turns":2},{"damage":0,"enemies":"3 Sentries","floor":8,"turns":2},{"damage":0,"enemies":"Gremlin Nob","floor":10,"turns":2},{"damage":0,"enemies":"Looter","floor":11,"turns":1},{"damage":0,"enemies":"Red Slaver","floor":13,"turns":2},{"damage":0,"enemies":"The Guardian","floor":16,"turns":4},{"damage":0,"enemies":"Spheric Guardian","floor":18,"turns":1},{"damage":0,"enemies":"3 Byrds","floor":19,"turns":2},{"damage":0,"enemies":"Sentry and Sphere","floor":20,"turns":2},{"damage":0,"enemies":"Snake Plant","floor":21,"turns":1},{"damage":0,"enemies":"Centurion and Healer","floor":22,"turns":1},{"damage":0,"enemies":"Nightmare","floor":23,"turns":3},{"damage":0,"enemies":"Gremlin Leader","floor":25,"turns":2},{"damage":0,"enemies":"Slavers","floor":27,"turns":2},{"damage":0,"enemies":"Chosen and Byrds","floor":28,"turns":1},{"damage":0,"enemies":"Snake Plant","floor":29,"turns":2},{"damage":0,"enemies":"Centurion and Healer","floor":30,"turns":1},{"damage":0,"enemies":"Automaton","floor":33,"turns":3},{"damage":0,"enemies":"Orb Walker","floor":35,"turns":2},{"damage":0,"enemies":"Mind Bloom Boss Battle","floor":36,"turns":2},{"damage":0,"enemies":"3 Darklings","floor":39,"turns":2},{"damage":0,"enemies":"Reptomancer","floor":40,"turns":2},{"damage":0,"enemies":"Nemesis","floor":42,"turns":1},{"damage":0,"enemies":"2 Orb Walkers","floor":44,"turns":2},{"damage":0,"enemies":"Giant Head","floor":46,"turns":2},{"damage":0,"enemies":"Writhing Mass","floor":47,"turns":1},{"damage":0,"enemies":"Jaw Worm Horde","floor":48,"turns":2},{"damage":0,"enemies":"Donu and Deca","floor":50,"turns":3},{"damage":0,"enemies":"Awakened One","floor":51,"turns":3}],"seed_played":"5652898836323211640","potions_obtained":[{"floor":5,"key":"AttackPotion"},{"floor":10,"key":"Energy Potion"},{"floor":18,"key":"SteroidPotion"},{"floor":20,"key":"Toxic Potion"}],"is_trial":true,"path_per_floor":["M","M","?","?","M","E","$","E","T","E","M","?","M","?","R","B",null,"M","M","M","M","M","NM","?","E","T","E","M","M","M","$","R","B",null,"M","?","?","$","M","E","T","E","T","?","$","E","M","M","R","B","B",null],"character_chosen":"IRONCLAD","items_purchased":["Ancient Tea Set","HandDrill","Deflect+1","Panacea+1","Whetstone","infinitespire:ShieldingShard","Centennial Puzzle","Orichalcum","Red Skull","Strawberry","War Paint","Replay:WaspNest","Tiny Chest","Fiend Fire+1","Divine Protection","BargainBundle"],"campfire_rested":0,"item_purchase_floors":[7,7,7,31,38,38,38,38,38,38,38,38,38,45,45,45],"current_hp_per_floor":[75,75,75,64,75,75,75,75,75,80,80,69,80,85,85,85,85,85,85,85,85,85,85,85,85,85,85,85,85,85,85,85,85,85,85,85,85,92,92,92,92,92,92,92,92,92,92,92,102,102,102,102],"gold":1298,"neow_bonus":"","is_prod":false,"is_daily":false,"chose_seed":false,"campfire_upgraded":1,"win_rate":0,"timestamp":1560715894,"path_taken":["M","M","?","?","M","E","?","E","T","E","M","?","?","?","R","BOSS","M","M","M","M","M","NM","?","E","T","E","M","?","?","$","R","BOSS","M","?","?","$","M","E","?","E","T","?","$","E","M","M","R","BOSS","BOSS"],"build_version":"2019-01-23","purchased_purges":0,"victory":false,"max_hp_per_floor":[75,75,75,75,75,75,75,75,75,80,80,80,80,85,85,85,85,85,85,85,85,85,85,85,85,85,85,85,85,85,85,85,85,85,85,85,85,92,92,92,92,92,92,92,92,92,92,92,102,102,102,102],"card_choices":[{"not_picked":["Flex+1","Cloak And Dagger+1","Rebound+1"],"picked":"Deadly Poison+1","floor":1},{"not_picked":["Run Through+1","Underhanded Strike+1","Leg Sweep+1"],"picked":"Body Slam+1","floor":2},{"not_picked":["Cleave+1","ReplayTheSpireMod:Strike From Hell+1","Havoc+1"],"picked":"Endless Agony+1","floor":5},{"not_picked":["Fusion+1","Wild Strike+1","Glacier+1"],"picked":"Limit Break+1","floor":6},{"not_picked":["Warcry+1","BasicCrystalCard+1","Slice+1"],"picked":"Havoc+1","floor":8},{"not_picked":["Calculated Gamble+1","Catalyst+1","ReplayTheSpireMod:The Works+1"],"picked":"Inflame+1","floor":10},{"not_picked":["Berserk+1","Stack+1","Flex+1","Cloak And Dagger+1"],"picked":"SKIP","floor":11},{"not_picked":["Scrape+1","Darkness+1","Metallicize+1"],"picked":"Clothesline+1","floor":13},{"not_picked":["Grand Finale+1","Brutality+1","Bludgeon+1"],"picked":"Demon Form+1","floor":16},{"not_picked":["Perfected Strike+1","Cleave+1","Chill+1"],"picked":"Feel No Pain+1","floor":18},{"not_picked":["Dagger Throw+1","Pommel Strike+1","Underhanded Strike+1"],"picked":"Ball Lightning+1","floor":19},{"not_picked":["Cold Snap+1","Glass Knife+1","Reprogram+1"],"picked":"Storm+1","floor":20},{"not_picked":["Twin Strike+1","Shrug It Off+1","Poisoned Stab+1","Dagger Throw+1"],"picked":"SKIP","floor":21},{"not_picked":["Body Slam+1","Go for the Eyes+1","Cleave+1"],"picked":"Capacitor+1","floor":22},{"not_picked":["Endless Agony+1","Genetic Algorithm+1","Anger+1"],"picked":"Adrenaline+1","floor":23},{"not_picked":["ReplayTheSpireMod:Corrosion Curse+1","Dual Wield+1","Conserve Battery+1","Prepared+1"],"picked":"SKIP","floor":25},{"not_picked":["Inflame+1","ReplayTheSpireMod:Scrap Shanks+1","All Out Attack+1"],"picked":"Fusion+1","floor":27},{"not_picked":["Beam Cell+1","Dagger Spray+1","Lockon+1"],"picked":"Heavy Blade+1","floor":28},{"not_picked":["Blade Dance+1","Redo+1","Heel Hook+1","Conserve Battery+1"],"picked":"SKIP","floor":29},{"not_picked":["Ghostly Armor+1","ReplaySolidLightProjector+1","Flying Knee+1"],"picked":"Well Laid Plans+1","floor":30},{"not_picked":["Grand Finale+1","Impervious+1","Juggernaut+1"],"picked":"ReplayTheSpireMod:Necrosis+1","floor":33},{"not_picked":["Quick Slash+1","Infernal Blade+1","Crystallizer+1"],"picked":"Caltrops+1","floor":35},{"not_picked":["Backstab+1","Twin Strike+1","Poisoned Stab+1","Demonic Infusion+1"],"picked":"SKIP","floor":39},{"not_picked":["Coolheaded+1","Acrobatics+1","Defy Death+1"],"picked":"Consume+1","floor":40},{"not_picked":["ReplayTheSpireMod:Strike From Hell+1","Backstab+1","Whirlwind+1","Pummel+1"],"picked":"SKIP","floor":42},{"not_picked":["Static Discharge+1","Deflect+1","Bullet Time+1"],"picked":"Flex+1","floor":46},{"not_picked":["Coolheaded+1","Dagger Throw+1","Twin Strike+1","Heavy Blade+1"],"picked":"SKIP","floor":47},{"not_picked":["Storm+1","Combust+1","ReplayTheSpireMod:Exploit Weakness+1"],"picked":"Double Energy+1","floor":48},{"not_picked":["Limit Break+1","Bullet Time+1","Electrodynamics+1"],"picked":"Meteor Strike+1","floor":50},{"not_picked":["Meteor Strike+1","Storm of Steel+1","Glass Knife+1"],"picked":"Bludgeon+1","floor":51},{"not_picked":["ReplayTheSpireMod:??????????????????????","infinitespire:Gouge"],"picked":"infinitespire:DeathsTouch","floor":51}],"player_experience":322442,"relics_obtained":[{"floor":6,"key":"infinitespire:CheckeredPen"},{"floor":6,"key":"Bandana"},{"floor":8,"key":"Counterbalance"},{"floor":8,"key":"ReplayTheSpireMod:Ninjato"},{"floor":9,"key":"Dodecahedron"},{"floor":9,"key":"Pet Ghost"},{"floor":10,"key":"infinitespire:Bottled Soul"},{"floor":10,"key":"Durian"},{"floor":23,"key":"Art of War"},{"floor":23,"key":"Regal Pillow"},{"floor":25,"key":"Bag of Marbles"},{"floor":25,"key":"ReplayTheSpireMod:Spearhead"},{"floor":26,"key":"Chameleon Ring"},{"floor":26,"key":"Sundial"},{"floor":27,"key":"ReplayFunnel"},{"floor":27,"key":"Baseball"},{"floor":36,"key":"Ginger"},{"floor":40,"key":"Quantum Egg"},{"floor":40,"key":"ReplayTheSpireMod:Bottled Eggs"},{"floor":41,"key":"Replay:Towering Pillar of Hats"},{"floor":42,"key":"Gremlin Horn"},{"floor":42,"key":"ReplayTheSpireMod:Bottled Snecko"},{"floor":43,"key":"Juzu Bracelet"},{"floor":44,"key":"infinitespire:CursedDice"},{"floor":46,"key":"Bag of Preparation"},{"floor":46,"key":"Dream Catcher"},{"floor":49,"key":"Pear"}],"event_choices":[{"damage_healed":0,"gold_gain":75,"player_choice":"Gather Gold","damage_taken":11,"max_hp_gain":0,"max_hp_loss":0,"event_name":"World of Goop","floor":4,"gold_loss":0},{"damage_healed":0,"gold_gain":0,"player_choice":"Success","damage_taken":11,"relics_obtained":["Turnip"],"max_hp_gain":0,"max_hp_loss":0,"event_name":"Scrap Ooze","floor":12,"gold_loss":0},{"damage_healed":0,"gold_gain":0,"player_choice":"Donut","damage_taken":0,"max_hp_gain":5,"max_hp_loss":0,"event_name":"Big Fish","floor":14,"gold_loss":0},{"damage_healed":0,"gold_gain":0,"player_choice":"Cursed","damage_taken":0,"max_hp_gain":0,"max_hp_loss":0,"event_name":"Wheel of Change","floor":24,"gold_loss":0,"cards_obtained":["Decay"]},{"damage_healed":0,"gold_gain":0,"player_choice":"Ignored","damage_taken":0,"max_hp_gain":0,"max_hp_loss":0,"event_name":"Ghosts","floor":32,"gold_loss":0},{"damage_healed":0,"gold_gain":0,"player_choice":"Fight","damage_taken":0,"max_hp_gain":0,"max_hp_loss":0,"event_name":"MindBloom","floor":36,"gold_loss":0},{"damage_healed":0,"gold_gain":0,"player_choice":"Ignored","damage_taken":0,"max_hp_gain":0,"max_hp_loss":0,"event_name":"Tomb of Lord Red Mask","floor":37,"gold_loss":0},{"damage_healed":0,"gold_gain":0,"player_choice":"Fight","damage_taken":0,"max_hp_gain":0,"max_hp_loss":0,"event_name":"Mysterious Sphere","floor":44,"gold_loss":0}],"is_beta":false,"boss_relics":[{"not_picked":["Busted Crown","Velvet Choker"],"picked":"Cursed Key"},{"not_picked":["Ring of Chaos","White Beast Statue"],"picked":"ChewingGum"},{"not_picked":["Replay:Grab Bag","Abe\u0027s Treasure"],"picked":"Honey Jar"}],"items_purged_floors":[],"is_endless":true,"potions_floor_spawned":[5,10,18,20,23,27,35,36,40,42,48,50,51],"ascension_level":20}