{"gold_per_floor":[114,114,131,142,142,142,159,173,197,250,265,265,265,283,283,381,381,391,406,406,419,446,446,446,109,109,109,128,128,139,157,157,253,253,269,324,340,355,355,355,369,369,416,450,450,450,463,40,40,40],"floor_reached":50,"playtime":2595,"items_purged":["Writhe"],"score":586,"play_id":"b3311801-9dfe-4c9d-9241-4a14cd3322aa","local_time":"20180908175803","is_ascension_mode":true,"campfire_choices":[{"data":"Consume","floor":6,"key":"SMITH"},{"floor":12,"key":"REST"},{"data":"Zap","floor":15,"key":"SMITH"},{"data":"Conserve Battery","floor":23,"key":"SMITH"},{"data":"Defragment","floor":27,"key":"SMITH"},{"data":"Gash","floor":29,"key":"SMITH"},{"floor":32,"key":"REST"},{"floor":40,"key":"REST"},{"floor":42,"key":"REST"},{"floor":45,"key":"REST"},{"floor":49,"key":"REST"}],"neow_cost":"NONE","seed_source_timestamp":83255218075141,"circlet_count":0,"master_deck":["Strike_B+1","Strike_B+1","Defend_B+1","Defend_B+1","Defend_B+1","Defend_B+1","Zap+1","Dualcast","Cold Snap","Consume+1","Core Surge","Compile Driver","Chill","Hologram","Coolheaded","Seek","Conserve Battery+1","Redo","Compile Driver+1","BootSequence","Defragment+1","Panache","Gash+1","Beam Cell","Double Energy","Amplify","Rebound+1","Undo","Go for the Eyes+1","Coolheaded","Gash","Go for the Eyes","Gash","Cold Snap+1","Redo","Gash+1","BootSequence","Static Discharge+1","Ball Lightning"],"relics":["Cracked Core","Lantern","Happy Flower","Tiny Chest","Sozu","Red Mask","Vajra","Bottled Tornado","Orrery","Torii","Bottled Flame","Bronze Scales","Anchor","Oddly Smooth Stone","Pen Nib"],"potions_floor_usage":[22,36,50],"damage_taken":[{"damage":7,"enemies":"Small Slimes","floor":1,"turns":2},{"damage":0,"enemies":"2 Louse","floor":3,"turns":2},{"damage":0,"enemies":"Cultist","floor":4,"turns":4},{"damage":10,"enemies":"Exordium Thugs","floor":7,"turns":7},{"damage":9,"enemies":"Exordium Wildlife","floor":8,"turns":2},{"damage":2,"enemies":"2 Fungi Beasts","floor":11,"turns":3},{"damage":0,"enemies":"Gremlin Gang","floor":14,"turns":6},{"damage":61,"enemies":"Hexaghost","floor":16,"turns":15},{"damage":3,"enemies":"Spheric Guardian","floor":18,"turns":3},{"damage":2,"enemies":"Shell Parasite","floor":19,"turns":10},{"damage":6,"enemies":"Chosen and Byrds","floor":21,"turns":5},{"damage":1,"enemies":"Masked Bandits","floor":22,"turns":4},{"damage":0,"enemies":"3 Cultists","floor":28,"turns":6},{"damage":7,"enemies":"Sentry and Sphere","floor":30,"turns":4},{"damage":0,"enemies":"Cultist and Chosen","floor":31,"turns":6},{"damage":29,"enemies":"Automaton","floor":33,"turns":11},{"damage":11,"enemies":"3 Darklings","floor":35,"turns":6},{"damage":37,"enemies":"Mysterious Sphere","floor":36,"turns":6},{"damage":6,"enemies":"Orb Walker","floor":37,"turns":4},{"damage":12,"enemies":"Reptomancer","floor":38,"turns":6},{"damage":9,"enemies":"Spire Growth","floor":41,"turns":5},{"damage":39,"enemies":"2 Orb Walkers","floor":44,"turns":5},{"damage":21,"enemies":"Sphere and 2 Shapes","floor":47,"turns":6},{"damage":54,"enemies":"Donu and Deca","floor":50,"turns":11}],"seed_played":"-860609465731768422","potions_obtained":[{"floor":4,"key":"Block Potion"},{"floor":7,"key":"EssenceOfSteel"},{"floor":14,"key":"Explosive Potion"}],"is_trial":false,"path_per_floor":["M","?","M","M","?","R","M","M","T","T","M","R","?","M","R","B",null,"M","M","?","M","?","R","?","$","T","R","M","R","M","M","R","B",null,"M","?","M","M","T","R","M","R","T","E","R","?","M","$","R"],"character_chosen":"DEFECT","items_purchased":["Vajra","Panache","Oddly Smooth Stone","Pen Nib","Ball Lightning"],"campfire_rested":6,"item_purchase_floors":[25,25,48,48,48],"current_hp_per_floor":[68,68,68,68,68,68,58,49,49,49,47,69,69,69,69,8,75,72,70,70,64,63,63,63,63,63,63,63,63,56,56,75,46,75,64,27,21,9,9,31,22,44,44,5,27,46,25,25,47,0],"gold":40,"neow_bonus":"RANDOM_COMMON_RELIC","is_prod":false,"is_daily":false,"chose_seed":false,"campfire_upgraded":5,"win_rate":0,"timestamp":1536443883,"path_taken":["M","?","M","M","?","R","?","M","T","?","M","R","?","M","R","BOSS","M","M","?","M","?","R","?","$","T","R","M","R","M","M","R","BOSS","M","?","M","?","?","R","M","R","T","E","R","?","M","$","R","BOSS"],"build_version":"2018-09-06","purchased_purges":1,"victory":false,"max_hp_per_floor":[75,75,75,75,75,75,75,75,75,75,75,75,75,75,75,75,75,75,75,75,75,75,75,75,75,75,75,75,75,75,75,75,75,75,75,75,75,75,75,75,75,75,75,75,75,75,75,75,75,75],"card_choices":[{"not_picked":["Turbo","Hologram"],"picked":"Cold Snap","floor":1},{"not_picked":["Stack","Rebound"],"picked":"Consume","floor":3},{"not_picked":["Redo","Force Field"],"picked":"Core Surge","floor":4},{"not_picked":["Doom and Gloom","Streamline"],"picked":"Compile Driver","floor":7},{"not_picked":["Compile Driver","Turbo"],"picked":"Chill","floor":8},{"not_picked":["Streamline","Skim","Stack"],"picked":"SKIP","floor":11},{"not_picked":["Sweeping Beam","Stack"],"picked":"Coolheaded","floor":14},{"not_picked":["Amplify","Meteor Strike"],"picked":"Seek","floor":16},{"not_picked":["Static Discharge","Double Energy"],"picked":"Conserve Battery","floor":18},{"not_picked":["Hello World","Storm"],"picked":"Redo","floor":19},{"not_picked":["Turbo","Buffer"],"picked":"Compile Driver+1","floor":21},{"not_picked":["Coolheaded","Beam Cell"],"picked":"BootSequence","floor":22},{"not_picked":["Reinforced Body","Scrape+1"],"picked":"Gash","floor":28},{"not_picked":["Reprogram","Glacier"],"picked":"Beam Cell","floor":30},{"not_picked":["Go for the Eyes","Stack+1"],"picked":"Double Energy","floor":31},{"not_picked":["Biased Cognition","Multi-Cast"],"picked":"Amplify","floor":33},{"not_picked":["Hologram","Self Repair+1"],"picked":"Rebound+1","floor":34},{"not_picked":["Rebound","Streamline"],"picked":"Undo","floor":34},{"not_picked":["Sweeping Beam","Redo"],"picked":"Go for the Eyes+1","floor":34},{"not_picked":["Storm","Steam"],"picked":"Coolheaded","floor":34},{"not_picked":["Chill+1","Hello World+1"],"picked":"Gash","floor":34},{"not_picked":["Tempest","Biased Cognition"],"picked":"Go for the Eyes","floor":35},{"not_picked":["Force Field+1","Leap"],"picked":"Gash","floor":36},{"not_picked":["Go for the Eyes","Beam Cell"],"picked":"Cold Snap+1","floor":37},{"not_picked":["Undo","Reinforced Body"],"picked":"Redo","floor":38},{"not_picked":["Compile Driver","Turbo"],"picked":"Gash+1","floor":41},{"not_picked":["Fission","Rebound"],"picked":"BootSequence","floor":44},{"not_picked":["Gash","Go for the Eyes"],"picked":"Static Discharge+1","floor":47}],"player_experience":94732,"relics_obtained":[{"floor":9,"key":"Happy Flower"},{"floor":10,"key":"Tiny Chest"},{"floor":22,"key":"Red Mask"},{"floor":26,"key":"Bottled Tornado"},{"floor":36,"key":"Torii"},{"floor":39,"key":"Bottled Flame"},{"floor":43,"key":"Bronze Scales"},{"floor":44,"key":"Anchor"}],"event_choices":[{"event_name":"Liars Game","player_choice":"disagreed","floor":2,"damage_taken":0},{"event_name":"Bonfire Elementals","player_choice":"BASIC","floor":5,"damage_taken":0},{"event_name":"Transmorgrifier","player_choice":"Transform","floor":13,"damage_taken":0},{"event_name":"Back to Basics","player_choice":"Simplicity","floor":20,"damage_taken":0},{"event_name":"Masked Bandits","player_choice":"Fought Bandits","floor":22,"damage_taken":0},{"event_name":"The Library","player_choice":"Read","floor":24,"damage_taken":0},{"event_name":"Mysterious Sphere","player_choice":"Fight","floor":36,"damage_taken":0},{"event_name":"Winding Halls","player_choice":"Writhe","floor":46,"damage_taken":0}],"is_beta":false,"boss_relics":[{"not_picked":["Lizard Tail","Nuclear Battery"],"picked":"Sozu"},{"not_picked":["Tiny House","Snecko Eye"],"picked":"Orrery"}],"items_purged_floors":[48],"is_endless":false,"potions_floor_spawned":[4,7,14,21,22,30,33,35,36,47],"killed_by":"Donu and Deca","ascension_level":3}