{"gold_per_floor":[115,115,125,75,90,115,115,40,66,93,93,108,124,149,149,253,253,269,295,220,220,236,268,268,295,319,319],"floor_reached":27,"playtime":1093,"items_purged":["Strike_R"],"score":336,"play_id":"318c8e9b-5c64-49bd-a544-d0a55cb98e8f","local_time":"20190719233759","is_ascension_mode":true,"campfire_choices":[{"data":"Sword Boomerang","floor":11,"key":"SMITH"},{"floor":15,"key":"REST"},{"floor":24,"key":"REST"}],"neow_cost":"NONE","seed_source_timestamp":3040933578608675,"circlet_count":0,"master_deck":["Strike_R","Strike_R","Defend_R","Defend_R","Defend_R","Defend_R","Bash+1","Cleave+1","Shrug It Off","Sword Boomerang+1","Pommel Strike+1","Shrug It Off","Twin Strike","Offering","True Grit","Fiend Fire","True Grit+1"],"relics":["Burning Blood","Pen Nib","Oddly Smooth Stone","Mercury Hourglass","Ancient Tea Set","Fusion Hammer","Red Mask","Bag of Preparation","Gremlin Horn","Whetstone"],"potions_floor_usage":[6,12,14,23],"damage_taken":[{"damage":14,"enemies":"2 Louse","floor":1,"turns":3},{"damage":20,"enemies":"Small Slimes","floor":3,"turns":3},{"damage":11,"enemies":"Jaw Worm","floor":5,"turns":4},{"damage":20,"enemies":"Gremlin Nob","floor":6,"turns":4},{"damage":29,"enemies":"3 Sentries","floor":10,"turns":7},{"damage":34,"enemies":"Exordium Thugs","floor":12,"turns":3},{"damage":7,"enemies":"Blue Slaver","floor":13,"turns":2},{"damage":16,"enemies":"Gremlin Nob","floor":14,"turns":4},{"damage":31,"enemies":"Hexaghost","floor":16,"turns":9},{"damage":9,"enemies":"3 Byrds","floor":18,"turns":3},{"damage":18,"enemies":"Masked Bandits","floor":19,"turns":4},{"damage":6,"enemies":"Chosen","floor":22,"turns":3},{"damage":24,"enemies":"Slavers","floor":23,"turns":4},{"damage":50,"enemies":"Gremlin Leader","floor":25,"turns":7},{"damage":16,"enemies":"Centurion and Healer","floor":27,"turns":1}],"seed_played":"774524761966102893","potions_obtained":[{"floor":5,"key":"Block Potion"},{"floor":10,"key":"BloodPotion"},{"floor":13,"key":"Block Potion"},{"floor":14,"key":"Dexterity Potion"},{"floor":16,"key":"Poison Potion"},{"floor":22,"key":"SpeedPotion"},{"floor":25,"key":"Strength Potion"}],"is_trial":false,"path_per_floor":["M","?","M","?","M","E","?","$","T","E","R","M","M","E","R","B",null,"M","?","?","?","M","E","R","E","T","M"],"character_chosen":"IRONCLAD","items_purchased":[],"campfire_rested":2,"item_purchase_floors":[],"current_hp_per_floor":[80,80,66,66,61,47,76,76,76,53,53,47,46,36,62,37,75,72,60,60,52,52,34,60,16,16,0],"gold":319,"neow_bonus":"TEN_PERCENT_HP_BONUS","is_prod":false,"is_daily":false,"chose_seed":false,"campfire_upgraded":1,"win_rate":0,"timestamp":1563593879,"path_taken":["M","?","M","?","M","E","?","?","T","E","R","M","M","E","R","BOSS","M","?","?","?","M","E","R","E","T","M"],"build_version":"2019-07-17","purchased_purges":1,"victory":false,"max_hp_per_floor":[88,88,88,88,88,88,88,88,88,88,88,88,88,88,88,88,88,88,88,88,88,88,88,88,88,88,88],"card_choices":[{"not_picked":["Armaments","Ghostly Armor"],"picked":"Cleave","floor":1},{"not_picked":["Clash","Body Slam"],"picked":"Shrug It Off","floor":3},{"not_picked":["Body Slam","Clash"],"picked":"Sword Boomerang","floor":5},{"not_picked":["Carnage","Sword Boomerang"],"picked":"Pommel Strike","floor":6},{"not_picked":["Dropkick","Perfected Strike","Clash"],"picked":"SKIP","floor":10},{"not_picked":["Dropkick","Warcry","Entrench"],"picked":"SKIP","floor":12},{"not_picked":["Evolve","Sword Boomerang"],"picked":"Shrug It Off","floor":13},{"not_picked":["Flex","Cleave"],"picked":"Twin Strike","floor":14},{"not_picked":["Demon Form","Feed"],"picked":"Offering","floor":16},{"not_picked":["Thunderclap","Flex","Havoc+1"],"picked":"SKIP","floor":18},{"not_picked":["Clash+1","Perfected Strike"],"picked":"True Grit","floor":19},{"not_picked":["Bloodletting","Power Through","Second Wind+1"],"picked":"SKIP","floor":22},{"not_picked":["Bludgeon","Clothesline"],"picked":"Fiend Fire","floor":23},{"not_picked":["Twin Strike","Combust"],"picked":"True Grit+1","floor":25}],"player_experience":346355,"relics_obtained":[{"floor":6,"key":"Pen Nib"},{"floor":9,"key":"Oddly Smooth Stone"},{"floor":10,"key":"Mercury Hourglass"},{"floor":14,"key":"Ancient Tea Set"},{"floor":19,"key":"Red Mask"},{"floor":23,"key":"Bag of Preparation"},{"floor":25,"key":"Gremlin Horn"},{"floor":26,"key":"Whetstone"}],"event_choices":[{"damage_healed":0,"gold_gain":0,"player_choice":"Grow","damage_taken":0,"max_hp_gain":0,"max_hp_loss":0,"event_name":"Living Wall","floor":2,"gold_loss":0,"cards_upgraded":["Bash"]},{"cards_removed":["Strike_R"],"damage_healed":0,"gold_gain":0,"player_choice":"Card Removal","damage_taken":0,"max_hp_gain":0,"max_hp_loss":0,"event_name":"The Cleric","floor":4,"gold_loss":50},{"damage_healed":29,"gold_gain":0,"player_choice":"Banana","damage_taken":0,"max_hp_gain":0,"max_hp_loss":0,"event_name":"Big Fish","floor":7,"gold_loss":0},{"damage_healed":0,"gold_gain":0,"player_choice":"Fought Bandits","damage_taken":0,"max_hp_gain":0,"max_hp_loss":0,"event_name":"Masked Bandits","floor":19,"gold_loss":0},{"cards_removed":["Strike_R"],"damage_healed":0,"gold_gain":0,"player_choice":"Gave Gold","damage_taken":0,"max_hp_gain":0,"max_hp_loss":0,"event_name":"Beggar","floor":20,"gold_loss":75},{"damage_healed":0,"gold_gain":0,"player_choice":"","damage_taken":8,"max_hp_gain":0,"max_hp_loss":0,"event_name":"Knowing Skull","floor":21,"potions_obtained":[],"gold_loss":0,"cards_obtained":[]}],"is_beta":false,"boss_relics":[{"not_picked":["Runic Pyramid","Eternal Feather"],"picked":"Fusion Hammer"}],"items_purged_floors":[8],"is_endless":false,"potions_floor_spawned":[5,10,13,14,16,22,25],"killed_by":"Centurion and Healer","ascension_level":5}