{"gold_per_floor":[116,116,90,40,40,40,60,90,115,135,135,153,153,186,186,286,286,303,318,334,349,361,361,276,276,352,352,368,368,298,298,298,394,394,411,336,351,351,365,400,360,360,360,378,378,398,413,413,413,413],"floor_reached":50,"playtime":3425,"items_purged":["Strike_R"],"score":472,"play_id":"a8bfe364-013c-42e2-bcb7-e36e7c9bf890","local_time":"20190902221728","is_ascension_mode":false,"campfire_choices":[{"data":"Bash","floor":6,"key":"SMITH"},{"floor":11,"key":"REST"},{"data":"Armaments","floor":13,"key":"SMITH"},{"data":"Bludgeon","floor":15,"key":"SMITH"},{"floor":23,"key":"REST"},{"data":"Juggernaut","floor":25,"key":"SMITH"},{"floor":29,"key":"REST"},{"data":"Disarm","floor":32,"key":"SMITH"},{"floor":42,"key":"REST"},{"floor":45,"key":"REST"},{"floor":49,"key":"REST"}],"neow_cost":"NONE","seed_source_timestamp":892316138960000,"circlet_count":0,"master_deck":["Defend_R","Defend_R","Defend_R","Defend_R","Bash+1","Dropkick+1","Carnage","Iron Wave","Clothesline","Armaments+1","Bludgeon+1","Clothesline","Clash","Juggernaut+1","Heavy Blade+1","Pommel Strike","Reaper+1","Disarm+1","Barricade","Pommel Strike+1","Cleave+1","Corruption","Body Slam+1","Armaments+1","Heavy Blade+1","Parasite","Apotheosis"],"relics":["Burning Blood","Oddly Smooth Stone","Odd Mushroom","Centennial Puzzle","Happy Flower","Sozu","Letter Opener","Molten Egg 2","MutagenicStrength","Mark of Pain","Whetstone","Pantograph"],"potions_floor_usage":[21,33,33],"damage_taken":[{"damage":9,"enemies":"Small Slimes","floor":1,"turns":4},{"damage":0,"enemies":"Jaw Worm","floor":7,"turns":3},{"damage":28,"enemies":"The Mushroom Lair","floor":8,"turns":5},{"damage":0,"enemies":"2 Louse","floor":10,"turns":2},{"damage":3,"enemies":"Blue Slaver","floor":12,"turns":3},{"damage":6,"enemies":"Gremlin Nob","floor":14,"turns":3},{"damage":20,"enemies":"The Guardian","floor":16,"turns":9},{"damage":30,"enemies":"3 Byrds","floor":18,"turns":5},{"damage":13,"enemies":"Shell Parasite","floor":19,"turns":4},{"damage":15,"enemies":"Snake Plant","floor":20,"turns":3},{"damage":12,"enemies":"3 Cultists","floor":21,"turns":5},{"damage":8,"enemies":"Cultist and Chosen","floor":22,"turns":4},{"damage":14,"enemies":"Snake Plant","floor":28,"turns":4},{"damage":72,"enemies":"Collector","floor":33,"turns":14},{"damage":20,"enemies":"3 Darklings","floor":35,"turns":7},{"damage":8,"enemies":"3 Shapes","floor":37,"turns":4},{"damage":44,"enemies":"Spire Growth","floor":39,"turns":5},{"damage":14,"enemies":"Nemesis","floor":40,"turns":9},{"damage":34,"enemies":"Jaw Worm Horde","floor":44,"turns":6},{"damage":17,"enemies":"Maw","floor":46,"turns":9},{"damage":20,"enemies":"Writhing Mass","floor":47,"turns":6},{"damage":90,"enemies":"Awakened One","floor":50,"turns":16}],"seed_played":"8149978124213475031","potions_obtained":[{"floor":1,"key":"Strength Potion"},{"floor":7,"key":"Regen Potion"},{"floor":14,"key":"SkillPotion"}],"is_trial":false,"path_per_floor":["M","?","$","?","?","R","M","?","T","M","R","M","R","E","R","B",null,"M","M","M","M","M","R","?","R","T","?","M","R","$","?","R","B",null,"M","$","M","?","M","E","?","R","T","M","R","M","M","?","R","B"],"character_chosen":"IRONCLAD","items_purchased":["Iron Wave","Disarm"],"campfire_rested":6,"item_purchase_floors":[3,30],"current_hp_per_floor":[77,77,77,77,74,74,80,58,58,64,80,80,80,80,80,66,80,56,49,40,43,41,65,65,65,65,65,57,80,80,80,80,21,80,67,67,65,65,32,25,25,49,49,27,51,43,34,34,58,0],"gold":413,"neow_bonus":"TRANSFORM_CARD","is_prod":false,"is_daily":false,"chose_seed":false,"campfire_upgraded":5,"win_rate":0.0,"timestamp":1567477048,"path_taken":["M","?","$","?","?","R","M","?","T","M","R","?","R","E","R","BOSS","M","M","M","M","M","R","?","R","T","?","M","R","$","?","R","BOSS","M","$","M","?","?","E","?","R","T","M","R","M","?","?","R","BOSS"],"build_version":"2019-07-17","purchased_purges":1,"victory":false,"max_hp_per_floor":[80,80,80,80,80,80,80,80,80,80,80,80,80,80,80,80,80,80,80,80,80,80,80,80,80,80,80,80,80,80,80,80,80,80,80,80,80,80,80,80,80,80,80,80,80,80,80,80,80,80],"card_choices":[{"not_picked":["Wild Strike","Searing Blow"],"picked":"Carnage","floor":1},{"not_picked":["Flex","Second Wind"],"picked":"Clothesline","floor":7},{"not_picked":["Clash","Reckless Charge"],"picked":"Armaments","floor":8},{"not_picked":["Blood for Blood","Metallicize"],"picked":"Bludgeon","floor":10},{"not_picked":["Warcry","True Grit"],"picked":"Clothesline","floor":12},{"not_picked":["Evolve","Uppercut"],"picked":"Clash","floor":14},{"not_picked":["Bludgeon","Dark Embrace"],"picked":"Juggernaut","floor":16},{"not_picked":["Sword Boomerang","Dropkick","Infernal Blade"],"picked":"SKIP","floor":18},{"not_picked":["Thunderclap","Headbutt","Wild Strike"],"picked":"SKIP","floor":19},{"not_picked":["Rupture","Anger","Searing Blow"],"picked":"SKIP","floor":20},{"not_picked":["Perfected Strike","Spot Weakness"],"picked":"Heavy Blade","floor":21},{"not_picked":["Burning Pact+1","Wild Strike"],"picked":"Pommel Strike","floor":22},{"not_picked":["Feel No Pain+1","Clash+1"],"picked":"Reaper+1","floor":28},{"not_picked":["Fiend Fire+1","Limit Break"],"picked":"Barricade","floor":33},{"not_picked":["Headbutt+1","Rupture"],"picked":"Pommel Strike+1","floor":35},{"not_picked":["Combust","Pommel Strike+1"],"picked":"Cleave+1","floor":37},{"not_picked":["Anger+1","Dual Wield+1"],"picked":"Body Slam+1","floor":39},{"not_picked":["Anger+1","True Grit"],"picked":"Armaments+1","floor":40},{"not_picked":["Dual Wield+1","Anger+1","Iron Wave+1"],"picked":"SKIP","floor":44},{"not_picked":["Perfected Strike+1","Carnage+1"],"picked":"Heavy Blade+1","floor":46},{"not_picked":["True Grit+1","Dual Wield","Bloodletting+1"],"picked":"SKIP","floor":47},{"not_picked":["Thinking Ahead","Trip"],"picked":"Apotheosis","floor":48}],"player_experience":28867,"relics_obtained":[{"floor":8,"key":"Odd Mushroom"},{"floor":9,"key":"Centennial Puzzle"},{"floor":14,"key":"Happy Flower"},{"floor":26,"key":"Molten Egg 2"},{"floor":40,"key":"Whetstone"},{"floor":43,"key":"Pantograph"}],"event_choices":[{"cards_removed":["Strike_R"],"damage_healed":0,"gold_gain":0,"player_choice":"Forget","damage_taken":0,"max_hp_gain":0,"max_hp_loss":0,"event_name":"Living Wall","floor":2,"gold_loss":0},{"cards_removed":["Strike_R"],"damage_healed":0,"gold_gain":0,"player_choice":"Card Removal","damage_taken":0,"max_hp_gain":0,"max_hp_loss":0,"event_name":"The Cleric","floor":4,"gold_loss":50},{"damage_healed":0,"gold_gain":0,"player_choice":"Success","damage_taken":3,"relics_obtained":["Oddly Smooth Stone"],"max_hp_gain":0,"max_hp_loss":0,"event_name":"Scrap Ooze","floor":5,"gold_loss":0},{"damage_healed":0,"gold_gain":0,"player_choice":"Fought Mushrooms","damage_taken":0,"max_hp_gain":0,"max_hp_loss":0,"event_name":"Mushrooms","floor":8,"gold_loss":0},{"damage_healed":0,"gold_gain":0,"player_choice":"Obtained Relic","damage_taken":0,"relics_obtained":["Letter Opener"],"max_hp_gain":0,"max_hp_loss":0,"event_name":"Addict","floor":24,"gold_loss":85},{"damage_healed":0,"gold_gain":0,"player_choice":"Inject Mutagens","damage_taken":0,"relics_obtained":["MutagenicStrength"],"max_hp_gain":0,"max_hp_loss":0,"event_name":"Drug Dealer","floor":27,"gold_loss":0},{"damage_healed":0,"gold_gain":0,"player_choice":"Ignored","damage_taken":0,"max_hp_gain":0,"max_hp_loss":0,"event_name":"Ghosts","floor":31,"gold_loss":0},{"damage_healed":0,"gold_gain":0,"cards_transformed":["Strike_R"],"player_choice":"Transformed","damage_taken":0,"max_hp_gain":0,"max_hp_loss":0,"event_name":"Transmorgrifier","floor":38,"gold_loss":0,"cards_obtained":["Corruption"]},{"damage_healed":0,"gold_gain":0,"player_choice":"Bought 3 Potions","damage_taken":0,"max_hp_gain":0,"max_hp_loss":0,"event_name":"The Woman in Blue","floor":41,"gold_loss":0},{"damage_healed":0,"gold_gain":0,"player_choice":"Memory 1","damage_taken":0,"max_hp_gain":0,"max_hp_loss":0,"event_name":"SensoryStone","floor":48,"gold_loss":0}],"is_beta":false,"boss_relics":[{"not_picked":["Cursed Key","Philosopher\u0027s Stone"],"picked":"Sozu"},{"not_picked":["Tiny House","Busted Crown"],"picked":"Mark of Pain"}],"items_purged_floors":[36],"is_endless":false,"potions_floor_spawned":[1,7,14,18,19,22,40,46,47],"killed_by":"Awakened One","ascension_level":0}