{"gold_per_floor":[110,110,37,48,48,48,48,48,48,59,70,96,96,116,116,211,211,228,228,46,0,13,13,13,13,13,44,44,56,56,75,75,175,175,185,200,210,210],"floor_reached":38,"playtime":1992,"items_purged":[],"score":562,"play_id":"c3d95f21-bdee-462d-a703-381bd22af3a6","local_time":"20190426205534","is_ascension_mode":true,"campfire_choices":[{"data":"Caltrops","floor":6.0,"key":"SMITH"},{"floor":8.0,"key":"REST"},{"floor":15.0,"key":"REST"},{"floor":23,"key":"REST"},{"floor":30,"key":"RECALL"},{"data":"Terror","floor":32,"key":"SMITH"}],"neow_cost":"NONE","seed_source_timestamp":0,"circlet_count":0,"master_deck":["Defend_G","Defend_G","Defend_G","Defend_G+1","Defend_G","Survivor","Neutralize+1","Bullet Time","Caltrops+1","Backstab","Cloak And Dagger","Escape Plan","After Image","Infinite Blades","Noxious Fumes","Bandage Up","PiercingWail","Well Laid Plans","Bite","Bite","Bite","Bite","Bite","Terror+1","Accuracy","Corpse Explosion","Parasite"],"special_seed":0,"relics":["Ring of the Serpent","Matryoshka","PreservedInsect","Torii","Pear","WristBlade"],"potions_floor_usage":[27,33,35,36],"damage_taken":[{"damage":0.0,"enemies":"2 Louse","floor":1.0,"turns":3.0},{"damage":1.0,"enemies":"Small Slimes","floor":4.0,"turns":4.0},{"damage":0.0,"enemies":"Jaw Worm","floor":10.0,"turns":3.0},{"damage":4.0,"enemies":"Large Slime","floor":11.0,"turns":6.0},{"damage":35.0,"enemies":"Lagavulin","floor":12.0,"turns":12.0},{"damage":2.0,"enemies":"3 Louse","floor":14.0,"turns":3.0},{"damage":11.0,"enemies":"The Guardian","floor":16.0,"turns":13.0},{"damage":27,"enemies":"Spheric Guardian","floor":18,"turns":7},{"damage":6,"enemies":"Shell Parasite","floor":22,"turns":7},{"damage":12,"enemies":"Book of Stabbing","floor":27,"turns":6},{"damage":13,"enemies":"Shelled Parasite and Fungi","floor":29,"turns":6},{"damage":15,"enemies":"Snake Plant","floor":31,"turns":5},{"damage":91,"enemies":"Automaton","floor":33,"turns":12},{"damage":32,"enemies":"3 Darklings","floor":35,"turns":4},{"damage":12,"enemies":"Orb Walker","floor":36,"turns":4},{"damage":47,"enemies":"Writhing Mass","floor":37,"turns":6},{"damage":20,"enemies":"Jaw Worm Horde","floor":38,"turns":2}],"seed_played":"3442670250919203131","potions_obtained":[{"floor":11.0,"key":"EssenceOfSteel"},{"floor":12.0,"key":"FearPotion"},{"floor":16.0,"key":"Strength Potion"},{"floor":29,"key":"Swift Potion"},{"floor":33,"key":"Weak Potion"},{"floor":35,"key":"SkillPotion"}],"is_trial":false,"path_per_floor":["M","?","$","M","?","R","$","R","T","M","M","E","?","M","R","B",null,"M","?","$","?","M","R","$","?","T","E","?","M","R","M","R","B",null,"M","M","M","M"],"character_chosen":"THE_SILENT","items_purchased":["Caltrops","Noxious Fumes","Bandage Up","PiercingWail"],"campfire_rested":3,"item_purchase_floors":[3,20,20,20],"current_hp_per_floor":[63,49,49,48,48,48,48,69,69,69,65,30,30,30,51,42,63,38,25,25,25,25,47,47,47,47,63,63,68,68,61,61,4,65,39,37,8,0],"gold":210,"neow_bonus":"ONE_RANDOM_RARE_CARD","is_prod":false,"is_daily":false,"chose_seed":false,"campfire_upgraded":2,"win_rate":0,"timestamp":1556326534,"path_taken":["M","?","$","M","?","R","$","R","T","M","M","E","?","M","R","BOSS","M","?","$","?","M","R","$","?","T","E","?","M","R","M","R","BOSS","M","M","M","M"],"build_version":"2019-01-23","purchased_purges":0,"victory":false,"max_hp_per_floor":[70,70,70,70,70,70,70,70,70,70,70,70,70,70,70,70,70,70,75,75,75,75,75,75,75,75,85,85,85,85,85,85,85,85,85,85,85,85],"card_choices":[{"not_picked":["Deflect","Dagger Spray","Bane"],"picked":"SKIP","floor":1.0},{"not_picked":["Outmaneuver","Bane"],"picked":"Backstab","floor":4.0},{"not_picked":["Prepared","Deflect"],"picked":"Cloak And Dagger","floor":10.0},{"not_picked":["Dodge and Roll","Deadly Poison","Underhanded Strike"],"picked":"SKIP","floor":11.0},{"not_picked":["Underhanded Strike","Heel Hook","Phantasmal Killer"],"picked":"SKIP","floor":12.0},{"not_picked":["Poisoned Stab","Outmaneuver"],"picked":"Escape Plan","floor":14.0},{"not_picked":["Corpse Explosion","Night Terror"],"picked":"After Image","floor":16.0},{"not_picked":["Sucker Punch","Dagger Throw+1"],"picked":"Infinite Blades","floor":18},{"not_picked":["Slice","Acrobatics+1"],"picked":"Well Laid Plans","floor":22},{"not_picked":["Dagger Spray+1","Dodge and Roll"],"picked":"Terror","floor":27},{"not_picked":["Quick Slash+1","Bane","Prepared"],"picked":"SKIP","floor":29},{"not_picked":["Infinite Blades+1","Skewer"],"picked":"Accuracy","floor":31},{"not_picked":["Adrenaline","Wraith Form v2"],"picked":"Corpse Explosion","floor":33},{"not_picked":["Poisoned Stab","Flying Knee+1","Acrobatics"],"picked":"SKIP","floor":35},{"not_picked":["Eviscerate","Skewer","Dagger Throw"],"picked":"SKIP","floor":36},{"not_picked":["Underhanded Strike+1","Slice+1","Heel Hook"],"picked":"SKIP","floor":37}],"player_experience":178490,"relics_obtained":[{"floor":9.0,"key":"Matryoshka"},{"floor":12.0,"key":"Blood Vial"},{"floor":26,"key":"PreservedInsect"},{"floor":26,"key":"Torii"},{"floor":27,"key":"Pear"}],"event_choices":[{"damage_healed":0.0,"max_hp_gain":0.0,"max_hp_loss":0.0,"gold_gain":0.0,"event_name":"Shining Light","player_choice":"Entered Light","floor":2.0,"gold_loss":0.0,"damage_taken":14.0,"cards_upgraded":["Defend_G","Strike_G"]},{"damage_healed":0.0,"max_hp_gain":0.0,"max_hp_loss":0.0,"gold_gain":0.0,"event_name":"Living Wall","player_choice":"Grow","floor":5.0,"gold_loss":0.0,"damage_taken":0.0,"cards_upgraded":["Neutralize"]},{"damage_healed":0.0,"max_hp_gain":0.0,"max_hp_loss":0.0,"gold_gain":0.0,"event_name":"Liars Game","player_choice":"Ignored","floor":13.0,"gold_loss":0.0,"damage_taken":0.0},{"damage_healed":0,"gold_gain":0,"player_choice":"Shed Blood","damage_taken":18,"max_hp_gain":5,"max_hp_loss":0,"event_name":"Forgotten Altar","floor":19,"gold_loss":0},{"damage_healed":0,"gold_gain":0,"player_choice":"Paid Fearfully","damage_taken":0,"max_hp_gain":0,"max_hp_loss":0,"event_name":"Masked Bandits","floor":21,"gold_loss":46},{"damage_healed":0,"gold_gain":0,"player_choice":"Became a vampire (Vial)","damage_taken":0,"max_hp_gain":0,"max_hp_loss":0,"event_name":"Vampires","floor":25,"relics_lost":["Blood Vial"],"gold_loss":0,"cards_obtained":["Bite","Bite","Bite","Bite","Bite"]},{"damage_healed":0,"gold_gain":0,"player_choice":"Ignored","damage_taken":0,"max_hp_gain":0,"max_hp_loss":0,"event_name":"Beggar","floor":28,"gold_loss":0}],"is_beta":false,"boss_relics":[{"not_picked":["Eternal Feather","Lizard Tail"],"picked":"Ring of the Serpent"},{"not_picked":["Velvet Choker","Runic Pyramid"],"picked":"WristBlade"}],"items_purged_floors":[],"is_endless":false,"potions_floor_spawned":[11,12,16,29,33,35],"killed_by":"Jaw Worm Horde","ascension_level":6}