{"path_per_floor":["M","M","$","M","?","E","R","?","T","R","M","M","R","M","R","B",null,"M","?","?","M","?","R","$","M","T","M"],"character_chosen":"IRONCLAD","items_purchased":["Rampage","Anchor","Shrug It Off"],"gold_per_floor":[116,133,56,72,72,108,108,108,156,156,181,200,200,214,214,343,343,364,364,364,377,377,377,101,119,119,139],"floor_reached":28,"campfire_rested":0,"playtime":1643,"current_hp_per_floor":[79,79,79,80,64,48,48,74,74,74,69,68,68,71,71,47,80,80,80,80,76,80,80,80,66,66,51],"items_purged":["Strike_R"],"gold":139,"play_id":"d5423c04-91e2-4c14-8fac-5325bf84203e","is_prod":false,"is_daily":false,"campfire_rituals":0,"campfire_upgraded":5,"is_hardmode":false,"path_taken":["M","M","$","M","?","E","R","?","T","R","M","M","R","M","R","BOSS","M","?","?","M","?","R","$","M","T","?","E"],"build_version":"2018-01-04-PROD1","purchased_purges":1,"victory":false,"master_deck":["Strike_R","Strike_R","Strike_R","Strike_R","Defend_R","Defend_R","Defend_R","Defend_R","Bash","Iron Wave","Rampage","Rampage","Burning Pact","Shrug It Off","Shrug It Off","Shrug It Off","Warcry"],"max_hp_per_floor":[80,80,80,80,80,80,80,80,80,80,80,80,80,80,80,80,80,80,80,80,80,80,80,80,80,80,80],"relics":["Burning Blood","Bloody Idol","Pen Nib","Lantern","Lizard Tail","Anchor"],"campfire_meditates":0,"card_choices":[{"not_picked":["Flex","Twin Strike"],"picked":"Iron Wave"},{"not_picked":["Bloodletting","Shrug It Off"],"picked":"Rampage"},{"not_picked":["Spot Weakness","Shrug It Off"],"picked":"Burning Pact"},{"not_picked":["Bloodletting","Brutality"],"picked":"Shrug It Off"},{"not_picked":["Heavy Blade","Hemokinesis"],"picked":"Shrug It Off"},{"not_picked":["Body Slam","Shockwave"],"picked":"Warcry"}],"player_experience":4761,"potions_floor_usage":[16,16,18,28,28],"damage_taken":[{"damage":7,"enemies":"2 Louse","floor":1,"turns":2},{"damage":6,"enemies":"Jaw Worm","floor":2,"turns":4},{"damage":2,"enemies":"Small Slimes","floor":4,"turns":4},{"damage":22,"enemies":"Gremlin Nob","floor":6,"turns":4},{"damage":11,"enemies":"2 Fungi Beasts","floor":11,"turns":3},{"damage":7,"enemies":"Large Slime","floor":12,"turns":6},{"damage":3,"enemies":"Looter","floor":14,"turns":4},{"damage":30,"enemies":"Slime Boss","floor":16,"turns":7},{"damage":3,"enemies":"Spheric Guardian","floor":18,"turns":4},{"damage":15,"enemies":"Chosen","floor":21,"turns":4},{"damage":25,"enemies":"Centurion and Healer","floor":25,"turns":9},{"damage":26,"enemies":"Snake Plant","floor":27,"turns":6},{"damage":67,"enemies":"Book of Stabbing","floor":28,"turns":8}],"event_choices":[{"event_name":"Golden Idol","player_choice":"Take Damage","floor":5,"damage_taken":0},{"event_name":"Big Fish","player_choice":"Banana","floor":8,"damage_taken":0},{"event_name":"Drug Dealer","player_choice":"Ignored","floor":19,"damage_taken":0},{"event_name":"Forgotten Altar","player_choice":"Gave Idol","floor":20,"damage_taken":0},{"event_name":"The Library","player_choice":"Heal","floor":22,"damage_taken":0}],"boss_relics":[{"not_picked":["Mark of Pain","Sozu"],"picked":"Lizard Tail"}],"potions_floor_spawned":[2,6,11,12,25,27],"seed_played":"8883870977360278872","killed_by":"Book of Stabbing","is_trial":false}