{"gold_per_floor":[114,125,144,94,94,94,14,30,30,30,43,55,66,84,84,186,186,197,209,139,158,178,178,197,197,197,197,197,212,212,223,223,322,322,339,353,353,353,353,353,388,52,52,79,79],"floor_reached":45,"playtime":3678,"items_purged":[],"score":494,"play_id":"3b5f4730-e983-4a8f-af3b-5c5c27310e32","local_time":"20190909225941","is_ascension_mode":false,"campfire_choices":[{"data":"Sweeping Beam","floor":6.0,"key":"SMITH"},{"data":"Hello World","floor":10.0,"key":"SMITH"},{"floor":15.0,"key":"REST"},{"floor":23,"key":"REST"},{"floor":25,"key":"REST"},{"data":"Capacitor","floor":27,"key":"SMITH"},{"floor":32,"key":"REST"},{"floor":40,"key":"REST"}],"neow_cost":"NONE","seed_source_timestamp":0,"circlet_count":0,"master_deck":["Defend_B","Defend_B","Defend_B","Zap","Dualcast","Conserve Battery","Coolheaded","Cold Snap","Sweeping Beam+1","Hello World+1","Capacitor+1","Genetic Algorithm","Leap","Gash","Compile Driver","Thunder Strike","Reinforced Body","Gash+1","Capacitor","Genetic Algorithm","Coolheaded+1","Blizzard+1","Defragment","Stack+1","Rainbow","Doom and Gloom+1","Static Discharge+1","Glacier+1","Loop","Beam Cell+1","Sadistic Nature","Madness","Madness","Barrage+1","Apotheosis","Rebound+1"],"special_seed":0,"relics":["Cracked Core","Question Card","Busted Crown","Mummified Hand","Astrolabe","Letter Opener","Oddly Smooth Stone","Meat on the Bone","Bottled Flame"],"potions_floor_usage":[33,33,45,45,45],"damage_taken":[{"damage":6.0,"enemies":"2 Louse","floor":1.0,"turns":2.0},{"damage":0.0,"enemies":"Small Slimes","floor":2.0,"turns":4.0},{"damage":0.0,"enemies":"Cultist","floor":3.0,"turns":3.0},{"damage":3.0,"enemies":"3 Louse","floor":8.0,"turns":3.0},{"damage":0.0,"enemies":"2 Fungi Beasts","floor":11.0,"turns":3.0},{"damage":10.0,"enemies":"Blue Slaver","floor":12.0,"turns":4.0},{"damage":2.0,"enemies":"3 Louse","floor":13.0,"turns":3.0},{"damage":5.0,"enemies":"Exordium Wildlife","floor":14.0,"turns":6.0},{"damage":61.0,"enemies":"The Guardian","floor":16.0,"turns":23.0},{"damage":16.0,"enemies":"Shell Parasite","floor":18.0,"turns":6.0},{"damage":7.0,"enemies":"Spheric Guardian","floor":19.0,"turns":6.0},{"damage":11.0,"enemies":"Snecko","floor":21.0,"turns":6.0},{"damage":30.0,"enemies":"Shelled Parasite and Fungi","floor":22.0,"turns":9.0},{"damage":15,"enemies":"Centurion and Healer","floor":24,"turns":10},{"damage":11,"enemies":"3 Cultists","floor":29,"turns":5},{"damage":16,"enemies":"Colosseum Slavers","floor":30,"turns":5},{"damage":10,"enemies":"Cultist and Chosen","floor":31,"turns":6},{"damage":20,"enemies":"Automaton","floor":33,"turns":11},{"damage":10,"enemies":"3 Darklings","floor":35,"turns":4},{"damage":19,"enemies":"Orb Walker","floor":36,"turns":4},{"damage":39,"enemies":"Giant Head","floor":41,"turns":11},{"damage":13,"enemies":"Nemesis","floor":44,"turns":9},{"damage":21,"enemies":"Transient","floor":45,"turns":4}],"seed_played":"6701808453687650709","potions_obtained":[{"floor":1.0,"key":"Swift Potion"},{"floor":8.0,"key":"Block Potion"},{"floor":11.0,"key":"FocusPotion"},{"floor":33,"key":"SpeedPotion"},{"floor":36,"key":"SkillPotion"},{"floor":44,"key":"Fire Potion"}],"is_trial":false,"path_per_floor":["M","M","M","?","?","R","$","M","T","R","M","M","M","M","R","B",null,"M","M","$","M","M","R","M","R","T","R","?","M","?","M","R","B",null,"M","M","?","?","?","R","E","$","T","E","M"],"character_chosen":"DEFECT","items_purchased":["Hello World","Capacitor","Oddly Smooth Stone","Apotheosis"],"campfire_rested":5,"item_purchase_floors":[7,20,42,42],"current_hp_per_floor":[69,69,69,69,69,69,69,66,66,66,66,56,54,49,71,10,75,59,52,52,41,11,33,18,40,40,40,40,29,13,3,25,5,75,65,46,46,46,37,59,20,20,20,19,0],"gold":79,"neow_bonus":"THREE_CARDS","is_prod":false,"is_daily":false,"chose_seed":false,"campfire_upgraded":3,"win_rate":0.0,"timestamp":1568084381,"path_taken":["M","M","M","?","?","R","$","M","T","R","M","M","M","M","R","BOSS","M","M","?","M","M","R","M","R","T","R","?","M","?","M","R","BOSS","M","M","?","?","?","R","E","$","T","E","M"],"build_version":"2019-07-17","purchased_purges":0,"victory":false,"max_hp_per_floor":[75,75,75,75,75,75,75,75,75,75,75,75,75,75,75,75,75,75,75,75,75,75,75,75,75,75,75,75,75,75,75,75,75,75,75,75,75,75,75,75,75,75,75,75,75],"card_choices":[{"not_picked":["Beam Cell","Darkness"],"picked":"Conserve Battery","floor":0.0},{"not_picked":["Glacier","Redo"],"picked":"Coolheaded","floor":1.0},{"not_picked":["Darkness","Self Repair"],"picked":"Cold Snap","floor":2.0},{"not_picked":["Tempest","Barrage"],"picked":"Sweeping Beam","floor":3.0},{"not_picked":["Sweeping Beam","Rebound"],"picked":"Capacitor","floor":8.0},{"not_picked":["Steam","Undo","Reprogram"],"picked":"Genetic Algorithm","floor":11.0},{"not_picked":["Tempest","Barrage","Hello World"],"picked":"Leap","floor":12.0},{"not_picked":["Rainbow","Steam","Reinforced Body"],"picked":"Gash","floor":13.0},{"not_picked":["Gash","Sweeping Beam","Static Discharge"],"picked":"Compile Driver","floor":14.0},{"not_picked":["Seek","All For One","Reboot"],"picked":"Thunder Strike","floor":16.0},{"not_picked":["Storm"],"picked":"Reinforced Body","floor":18.0},{"not_picked":["Hologram"],"picked":"Gash+1","floor":19.0},{"not_picked":["Melter"],"picked":"Genetic Algorithm","floor":21.0},{"not_picked":["Barrage"],"picked":"Coolheaded+1","floor":22.0},{"not_picked":["Compile Driver"],"picked":"Blizzard+1","floor":24},{"not_picked":["Loop"],"picked":"Defragment","floor":29},{"not_picked":["Rip and Tear"],"picked":"Stack+1","floor":31},{"not_picked":["Fission"],"picked":"Rainbow","floor":33},{"not_picked":["Melter"],"picked":"Loop","floor":35},{"not_picked":["Go for the Eyes"],"picked":"Beam Cell+1","floor":36},{"not_picked":["Mind Blast"],"picked":"Sadistic Nature","floor":38},{"not_picked":["Rebound"],"picked":"Barrage+1","floor":41},{"not_picked":["Static Discharge+1"],"picked":"Rebound+1","floor":44}],"player_experience":71596,"relics_obtained":[{"floor":9.0,"key":"Question Card"},{"floor":26,"key":"Mummified Hand"},{"floor":41,"key":"Letter Opener"},{"floor":43,"key":"Meat on the Bone"},{"floor":44,"key":"Bottled Flame"}],"event_choices":[{"cards_removed":["Strike_B"],"damage_healed":0.0,"max_hp_gain":0.0,"max_hp_loss":0.0,"gold_gain":0.0,"event_name":"The Cleric","player_choice":"Card Removal","floor":4.0,"gold_loss":50.0,"damage_taken":0.0},{"cards_removed":["Strike_B"],"damage_healed":0.0,"max_hp_gain":0.0,"max_hp_loss":0.0,"gold_gain":0.0,"event_name":"Bonfire Elementals","player_choice":"Offered Basic","floor":5.0,"gold_loss":0.0,"damage_taken":0.0},{"damage_healed":0,"gold_gain":0,"player_choice":"Ignored","damage_taken":0,"max_hp_gain":0,"max_hp_loss":0,"event_name":"The Mausoleum","floor":28,"gold_loss":0},{"damage_healed":0,"gold_gain":0,"player_choice":"Fight","damage_taken":0,"max_hp_gain":0,"max_hp_loss":0,"event_name":"Colosseum","floor":30,"gold_loss":0},{"damage_healed":0,"gold_gain":0,"player_choice":"Fled From Nobs","damage_taken":0,"max_hp_gain":0,"max_hp_loss":0,"event_name":"Colosseum","floor":30,"gold_loss":0},{"damage_healed":0,"gold_gain":0,"player_choice":"Ignored","damage_taken":0,"max_hp_gain":0,"max_hp_loss":0,"event_name":"Tomb of Lord Red Mask","floor":37,"gold_loss":0},{"damage_healed":0,"gold_gain":0,"player_choice":"Memory 1","damage_taken":0,"max_hp_gain":0,"max_hp_loss":0,"event_name":"SensoryStone","floor":38,"gold_loss":0},{"damage_healed":0,"gold_gain":0,"player_choice":"Embrace Madness","damage_taken":9,"max_hp_gain":0,"max_hp_loss":0,"event_name":"Winding Halls","floor":39,"gold_loss":0,"cards_obtained":["Madness","Madness"]}],"is_beta":false,"boss_relics":[{"not_picked":["Tiny House","Lizard Tail"],"picked":"Busted Crown"},{"not_picked":["Eternal Feather","Velvet Choker"],"picked":"Astrolabe"}],"items_purged_floors":[],"is_endless":false,"potions_floor_spawned":[1,8,11,16,21,22,29,33,36,44],"killed_by":"Transient","ascension_level":0}