{"gold_per_floor":[111,122,140,140,215,215,215,241,318,318,350,378,413,441,441,543,543,562,61,61,61,61,61,81,110,188,220,249,274,308,340,340,438,438,448,448,468,38,87,117,148,173,173,200,227,239,251,288,300,312],"floor_reached":51,"playtime":4044,"items_purged":[],"score":1682,"play_id":"15776bc4-015e-4528-9598-5df1de6d126a","local_time":"20190330014959","daily_mods":["Draft","Heirloom","Time Dilation","Flight","Elite Swarm"],"is_ascension_mode":true,"campfire_choices":[{"data":"Armaments","floor":6,"key":"SMITH"},{"data":"True Grit","floor":7,"key":"SMITH"},{"data":"Body Slam","floor":10,"key":"SMITH"},{"data":"Uppercut","floor":15,"key":"SMITH"},{"data":"Havoc","floor":23,"key":"SMITH"},{"data":"Barricade","floor":32,"key":"SMITH"},{"data":"Echo Form","floor":49,"key":"SMITH"}],"neow_cost":"","seed_source_timestamp":0,"circlet_count":0,"master_deck":["Demon Form","Wraith Form v2","Echo Form+1","Disarm","Uppercut+1","Clothesline","Heavy Blade","True Grit+1","Shrug It Off","True Grit","Pommel Strike","Body Slam+1","Reckless Charge","Feel No Pain","Armaments+1","Havoc+1","Headbutt","Spot Weakness","Warcry","Spot Weakness","Dark Embrace","Offering+1","Reaper","Impervious+1","Barricade+1","Inflame","Flame Barrier+1","Havoc+1","Carnage+1","Feed","Feed","Impervious+1","Limit Break+1","Juggernaut+1","Reaper","Immolate","Flex+1","Armaments+1","Apotheosis+1","Rupture+1","Fiend Fire","Bludgeon","Fiend Fire","Shrug It Off+1"],"relics":["Burning Blood","Bird Faced Urn","Pen Nib","Toxic Egg 2","Meat on the Bone","Gremlin Horn","Dead Branch","The Courier","Calipers","Coffee Dripper","Frozen Egg 2","Matryoshka","Smiling Mask","Self Forming Clay","Bronze Scales","Question Card","Ice Cream","Juzu Bracelet","Pantograph","Champion Belt","Dodecahedron","Black Star","StoneCalendar","Thread and Needle","Darkstone Periapt","Happy Flower","Red Skull","Sundial","Letter Opener","FossilizedHelix","Vajra","Mummified Hand","Blue Candle","MawBank","Magic Flower","Ornamental Fan"],"potions_floor_usage":[8,12,16,42,50,50,50],"damage_taken":[{"damage":8,"enemies":"2 Louse","floor":1,"turns":3},{"damage":5,"enemies":"Small Slimes","floor":2,"turns":4},{"damage":12,"enemies":"Jaw Worm","floor":3,"turns":3},{"damage":31,"enemies":"3 Sentries","floor":8,"turns":7},{"damage":16,"enemies":"Lagavulin","floor":11,"turns":4},{"damage":12,"enemies":"3 Sentries","floor":12,"turns":5},{"damage":28,"enemies":"Gremlin Nob","floor":13,"turns":6},{"damage":6,"enemies":"Lagavulin","floor":14,"turns":4},{"damage":15,"enemies":"Slime Boss","floor":16,"turns":6},{"damage":47,"enemies":"3 Byrds","floor":18,"turns":5},{"damage":9,"enemies":"Chosen","floor":24,"turns":5},{"damage":9,"enemies":"Slavers","floor":25,"turns":4},{"damage":36,"enemies":"Gremlin Leader","floor":27,"turns":4},{"damage":21,"enemies":"Book of Stabbing","floor":28,"turns":4},{"damage":45,"enemies":"Slavers","floor":29,"turns":5},{"damage":5,"enemies":"Book of Stabbing","floor":30,"turns":4},{"damage":47,"enemies":"Slavers","floor":31,"turns":4},{"damage":7,"enemies":"Collector","floor":33,"turns":6},{"damage":34,"enemies":"3 Darklings","floor":35,"turns":3},{"damage":20,"enemies":"Orb Walker","floor":37,"turns":3},{"damage":41,"enemies":"2 Orb Walkers","floor":39,"turns":3},{"damage":18,"enemies":"Reptomancer","floor":40,"turns":2},{"damage":31,"enemies":"Giant Head","floor":41,"turns":6},{"damage":31,"enemies":"Nemesis","floor":42,"turns":9},{"damage":7,"enemies":"Reptomancer","floor":44,"turns":4},{"damage":0,"enemies":"Spire Growth","floor":45,"turns":3},{"damage":0,"enemies":"Nemesis","floor":48,"turns":7},{"damage":22,"enemies":"Time Eater","floor":50,"turns":6}],"seed_played":"6633923709061652307","potions_obtained":[{"floor":1,"key":"Explosive Potion"},{"floor":8,"key":"Fire Potion"},{"floor":13,"key":"AttackPotion"},{"floor":16,"key":"GamblersBrew"},{"floor":24,"key":"Fire Potion"},{"floor":29,"key":"Ancient Potion"},{"floor":30,"key":"Swift Potion"},{"floor":44,"key":"Explosive Potion"}],"is_trial":true,"path_per_floor":["M","M","M","?","?","R","R","E","T","R","E","E","E","E","R","B",null,"M","$","?","?","?","R","M","E","T","E","E","E","E","E","R","B",null,"M","?","M","$","?","E","E","E","T","E","M","?","?","E","R","B",null],"character_chosen":"IRONCLAD","items_purchased":["Flame Barrier+1","Frozen Egg 2","Matryoshka","Havoc+1","StoneCalendar","Apotheosis+1","Rupture+1"],"campfire_rested":0,"item_purchase_floors":[19,19,19,19,38,38,38],"current_hp_per_floor":[72,75,73,70,59,59,59,42,42,42,46,54,50,60,60,75,79,57,57,57,57,57,57,72,80,80,80,80,51,60,56,56,87,87,87,87,75,75,52,58,82,69,69,87,87,87,87,87,87,87],"gold":324,"neow_bonus":"","is_prod":false,"is_daily":false,"chose_seed":false,"campfire_upgraded":7,"win_rate":0,"timestamp":1553924999,"path_taken":["M","M","M","?","?","R","R","E","T","R","E","E","E","E","R","BOSS","M","$","?","?","?","R","?","E","T","E","E","E","E","E","R","BOSS","M","?","M","$","?","E","E","E","T","E","M","?","?","E","R","BOSS"],"build_version":"2019-01-23","purchased_purges":0,"victory":true,"max_hp_per_floor":[80,80,80,80,80,80,80,80,80,80,80,80,80,80,80,80,80,80,80,80,80,80,80,80,80,80,80,80,84,84,87,87,87,87,87,87,87,87,87,87,87,87,87,87,87,87,87,87,87,87],"card_choices":[{"not_picked":["Corruption","Inflame"],"picked":"Disarm","floor":0},{"not_picked":["Twin Strike","Anger"],"picked":"Uppercut","floor":0},{"not_picked":["Havoc","Twin Strike"],"picked":"Clothesline","floor":0},{"not_picked":["Iron Wave","Combust"],"picked":"Heavy Blade","floor":0},{"not_picked":["Pommel Strike","Intimidate"],"picked":"True Grit","floor":0},{"not_picked":["Power Through","Pommel Strike"],"picked":"Shrug It Off","floor":0},{"not_picked":["Headbutt","Uppercut"],"picked":"True Grit","floor":0},{"not_picked":["Corruption","Wild Strike"],"picked":"Pommel Strike","floor":0},{"not_picked":["Cleave","Havoc"],"picked":"Body Slam","floor":0},{"not_picked":["Clothesline","Flex"],"picked":"Reckless Charge","floor":0},{"not_picked":["Entrench","True Grit"],"picked":"Feel No Pain","floor":0},{"not_picked":["Havoc","Clash"],"picked":"Armaments","floor":0},{"not_picked":["Hemokinesis","Flex"],"picked":"Pommel Strike","floor":0},{"not_picked":["Twin Strike","Pommel Strike"],"picked":"Havoc","floor":0},{"not_picked":["Intimidate","Twin Strike"],"picked":"Headbutt","floor":0},{"not_picked":["Infernal Blade","Sword Boomerang"],"picked":"Spot Weakness","floor":1},{"not_picked":["Flex","Havoc"],"picked":"Warcry","floor":2},{"not_picked":["Thunderclap","Reckless Charge"],"picked":"Spot Weakness","floor":3},{"not_picked":["Brutality","Berserk","Double Tap"],"picked":"SKIP","floor":8},{"not_picked":["Demon Form","Brutality"],"picked":"Dark Embrace","floor":11},{"not_picked":["Bludgeon","Immolate"],"picked":"Offering+1","floor":12},{"not_picked":["Juggernaut","Impervious+1"],"picked":"Reaper","floor":13},{"not_picked":["Demon Form","Fiend Fire"],"picked":"Impervious+1","floor":14},{"not_picked":["Double Tap+1","Juggernaut"],"picked":"Barricade","floor":16},{"not_picked":["Infernal Blade+1","True Grit+1"],"picked":"Inflame","floor":18},{"not_picked":["Entrench+1","Blood for Blood"],"picked":"Carnage+1","floor":24},{"not_picked":["Fiend Fire","Brutality+1"],"picked":"Feed","floor":25},{"not_picked":["Berserk+1","Impervious+1","Offering+1"],"picked":"Feed","floor":27},{"not_picked":["Fiend Fire","Offering+1","Dark Embrace+1"],"picked":"Impervious+1","floor":28},{"not_picked":["Dark Embrace+1","Immolate","Berserk+1"],"picked":"Limit Break+1","floor":29},{"not_picked":["Reaper","Limit Break+1","Brutality+1"],"picked":"Juggernaut+1","floor":30},{"not_picked":["Double Tap+1","Demon Form+1","Brutality+1"],"picked":"Reaper","floor":31},{"not_picked":["Brutality+1","Impervious+1","Offering+1"],"picked":"Immolate","floor":33},{"not_picked":["Thunderclap+1","Dual Wield+1","Heavy Blade"],"picked":"Flex+1","floor":35},{"not_picked":["Heavy Blade","True Grit+1","Body Slam+1"],"picked":"Armaments+1","floor":37},{"not_picked":["Berserk+1","Reaper","Feed"],"picked":"Fiend Fire","floor":40},{"not_picked":["Exhume+1","Demon Form+1","Feed"],"picked":"Bludgeon","floor":41},{"not_picked":["Bludgeon","Barricade+1","Brutality+1"],"picked":"Fiend Fire","floor":42},{"not_picked":["Impervious+1","Offering+1","Brutality+1","Dark Embrace+1"],"picked":"SKIP","floor":44},{"not_picked":["Warcry+1","Clash","Inflame+1"],"picked":"Shrug It Off+1","floor":45},{"not_picked":["Reaper","Brutality+1","Demon Form+1","Barricade+1"],"picked":"SKIP","floor":48}],"player_experience":186803,"relics_obtained":[{"floor":8,"key":"Toxic Egg 2"},{"floor":9,"key":"Meat on the Bone"},{"floor":11,"key":"Gremlin Horn"},{"floor":12,"key":"Dead Branch"},{"floor":13,"key":"The Courier"},{"floor":14,"key":"Calipers"},{"floor":25,"key":"Self Forming Clay"},{"floor":26,"key":"Bronze Scales"},{"floor":26,"key":"Question Card"},{"floor":27,"key":"Ice Cream"},{"floor":28,"key":"Juzu Bracelet"},{"floor":29,"key":"Pantograph"},{"floor":30,"key":"Champion Belt"},{"floor":31,"key":"Dodecahedron"},{"floor":39,"key":"Thread and Needle"},{"floor":40,"key":"Darkstone Periapt"},{"floor":40,"key":"Happy Flower"},{"floor":41,"key":"Red Skull"},{"floor":41,"key":"Sundial"},{"floor":42,"key":"Letter Opener"},{"floor":42,"key":"FossilizedHelix"},{"floor":43,"key":"Vajra"},{"floor":43,"key":"Mummified Hand"},{"floor":44,"key":"Blue Candle"},{"floor":44,"key":"MawBank"},{"floor":48,"key":"Magic Flower"},{"floor":48,"key":"Ornamental Fan"}],"event_choices":[{"damage_healed":0,"gold_gain":0,"player_choice":"Success","damage_taken":3,"relics_obtained":["Pen Nib"],"max_hp_gain":0,"max_hp_loss":0,"event_name":"Scrap Ooze","floor":4,"gold_loss":0},{"damage_healed":0,"gold_gain":75,"player_choice":"Gather Gold","damage_taken":11,"max_hp_gain":0,"max_hp_loss":0,"event_name":"World of Goop","floor":5,"gold_loss":0},{"damage_healed":0,"gold_gain":0,"player_choice":"Stole Relic","damage_taken":0,"relics_obtained":["Smiling Mask"],"max_hp_gain":0,"max_hp_loss":0,"event_name":"Addict","floor":20,"gold_loss":0,"cards_obtained":["Shame"]},{"damage_healed":0,"gold_gain":0,"player_choice":"Ignored","damage_taken":0,"max_hp_gain":0,"max_hp_loss":0,"event_name":"Beggar","floor":21,"gold_loss":0},{"cards_removed":["Shame"],"damage_healed":0,"gold_gain":0,"player_choice":"Elegance","damage_taken":0,"max_hp_gain":0,"max_hp_loss":0,"event_name":"Back to Basics","floor":22,"gold_loss":0},{"damage_healed":0,"gold_gain":0,"player_choice":"Ignored","damage_taken":0,"max_hp_gain":0,"max_hp_loss":0,"event_name":"SecretPortal","floor":36,"gold_loss":0},{"damage_healed":0,"gold_gain":0,"player_choice":"Fight","damage_taken":0,"max_hp_gain":0,"max_hp_loss":0,"event_name":"Mysterious Sphere","floor":39,"gold_loss":0},{"cards_removed":["Pommel Strike"],"damage_healed":0,"gold_gain":0,"player_choice":"Removed Attack","damage_taken":0,"max_hp_gain":0,"max_hp_loss":0,"event_name":"Falling","floor":46,"gold_loss":0},{"damage_healed":0,"gold_gain":0,"player_choice":"Ignored","damage_taken":0,"max_hp_gain":0,"max_hp_loss":0,"event_name":"Tomb of Lord Red Mask","floor":47,"gold_loss":0}],"is_beta":false,"boss_relics":[{"not_picked":["Orrery","Runic Cube"],"picked":"Coffee Dripper"},{"not_picked":["Black Blood","Calling Bell"],"picked":"Black Star"}],"items_purged_floors":[],"is_endless":false,"potions_floor_spawned":[1,8,13,16,24,29,30,37,40,44,45],"ascension_level":9}