{"gold_per_floor":[109,109,109,125,144,144,163,163,163,181,181,106,106,150,150,281,281,305,305,305,329,282,282,307,323,323,323,346,367,381,404,404,530,530,530],"floor_reached":35,"playtime":2483,"items_purged":["Injury"],"score":361,"play_id":"fc463f8e-66d2-445a-9c19-b60362472c5e","local_time":"20190831225152","is_ascension_mode":false,"campfire_choices":[{"data":"Armaments","floor":6,"key":"SMITH"},{"data":"Dramatic Entrance","floor":8,"key":"SMITH"},{"data":"Iron Wave","floor":15,"key":"SMITH"},{"floor":23,"key":"REST"},{"floor":27,"key":"REST"},{"floor":32,"key":"REST"}],"neow_cost":"NONE","seed_source_timestamp":722513931781600,"circlet_count":0,"master_deck":["Strike_R","Strike_R","Strike_R","Strike_R","Strike_R","Defend_R","Defend_R","Defend_R","Defend_R","Bash","Dramatic Entrance+1","Cleave","Iron Wave+1","Armaments+1","Shrug It Off","Blood for Blood","Headbutt","Juggernaut","Cleave+1","Dramatic Entrance+1","Clash+1","Shrug It Off","Spot Weakness","Anger+1","Entrench","Perfected Strike+1","Rupture+1","Feed","Barricade","Shame","Normality","Doubt"],"relics":["Burning Blood","Kunai","Golden Idol","Gremlin Horn","Mummified Hand","Runic Pyramid","Paper Frog","Calling Bell","Blood Vial","Question Card","Charon\u0027s Ashes"],"potions_floor_usage":[16,33,33,33],"damage_taken":[{"damage":0,"enemies":"2 Louse","floor":1,"turns":2},{"damage":0,"enemies":"Small Slimes","floor":4,"turns":3},{"damage":0,"enemies":"Cultist","floor":5,"turns":4},{"damage":6,"enemies":"Lots of Slimes","floor":7,"turns":2},{"damage":5,"enemies":"Exordium Wildlife","floor":10,"turns":4},{"damage":6,"enemies":"3 Sentries","floor":14,"turns":7},{"damage":52,"enemies":"The Guardian","floor":16,"turns":17},{"damage":22,"enemies":"2 Thieves","floor":18,"turns":4},{"damage":0,"enemies":"Chosen","floor":21,"turns":5},{"damage":27,"enemies":"3 Cultists","floor":24,"turns":5},{"damage":16,"enemies":"Sentry and Sphere","floor":25,"turns":6},{"damage":22,"enemies":"Snake Plant","floor":28,"turns":5},{"damage":12,"enemies":"Snecko","floor":29,"turns":4},{"damage":23,"enemies":"Centurion and Healer","floor":30,"turns":7},{"damage":18,"enemies":"3 Cultists","floor":31,"turns":7},{"damage":41,"enemies":"Champ","floor":33,"turns":12},{"damage":87,"enemies":"3 Darklings","floor":35,"turns":7}],"seed_played":"-834287137732814738","potions_obtained":[{"floor":7,"key":"EssenceOfSteel"},{"floor":10,"key":"EssenceOfSteel"},{"floor":16,"key":"Strength Potion"},{"floor":21,"key":"Dexterity Potion"},{"floor":25,"key":"SkillPotion"}],"is_trial":false,"path_per_floor":["M","?","?","M","M","R","M","R","T","M","?","$","?","E","R","B",null,"M","?","?","M","$","R","M","M","T","R","M","M","M","M","R","B",null,"M"],"character_chosen":"IRONCLAD","items_purchased":["Shrug It Off"],"campfire_rested":3,"item_purchase_floors":[22],"current_hp_per_floor":[80,80,80,80,80,80,80,80,80,80,80,80,80,80,80,34,80,64,64,64,70,70,80,59,49,49,73,57,51,34,22,46,15,84,0],"gold":530,"neow_bonus":"RANDOM_COLORLESS","is_prod":false,"is_daily":false,"chose_seed":false,"campfire_upgraded":3,"win_rate":0.0,"timestamp":1567306312,"path_taken":["M","?","?","M","M","R","M","R","T","M","?","$","?","E","R","BOSS","M","?","?","M","$","R","M","M","T","R","M","M","M","?","R","BOSS","M"],"build_version":"2019-07-17","purchased_purges":1,"victory":false,"max_hp_per_floor":[80,80,80,80,80,80,80,80,80,80,80,80,80,80,80,80,80,80,80,80,80,80,80,80,80,80,80,80,80,80,80,80,84,84,84],"card_choices":[{"not_picked":["Ghostly Armor","Perfected Strike"],"picked":"Cleave","floor":1},{"not_picked":["Clash","Seeing Red"],"picked":"Iron Wave","floor":4},{"not_picked":["Warcry","Clothesline"],"picked":"Armaments","floor":5},{"not_picked":["Clothesline","Thunderclap"],"picked":"Shrug It Off","floor":7},{"not_picked":["Inflame","Limit Break"],"picked":"Blood for Blood","floor":10},{"not_picked":["Anger","Disarm"],"picked":"Headbutt","floor":14},{"not_picked":["Dark Embrace","Limit Break"],"picked":"Juggernaut","floor":16},{"not_picked":["Clash","Battle Trance"],"picked":"Cleave+1","floor":18},{"not_picked":["Flex","True Grit"],"picked":"Clash+1","floor":21},{"not_picked":["Clash","Fire Breathing"],"picked":"Spot Weakness","floor":24},{"not_picked":["Intimidate","Perfected Strike"],"picked":"Anger+1","floor":25},{"not_picked":["Inflame","Dropkick"],"picked":"Entrench","floor":28},{"not_picked":["Armaments","Shrug It Off+1"],"picked":"Perfected Strike+1","floor":29},{"not_picked":["Thunderclap","Headbutt+1"],"picked":"Rupture+1","floor":30},{"not_picked":["Combust","Armaments"],"picked":"Feed","floor":31},{"not_picked":["Berserk","Feed"],"picked":"Barricade","floor":33}],"player_experience":10943,"relics_obtained":[{"floor":9,"key":"Kunai"},{"floor":14,"key":"Mummified Hand"},{"floor":26,"key":"Paper Frog"},{"floor":34,"key":"Blood Vial"},{"floor":34,"key":"Question Card"},{"floor":34,"key":"Charon\u0027s Ashes"}],"event_choices":[{"damage_healed":0,"gold_gain":0,"player_choice":"Leave","damage_taken":0,"max_hp_gain":0,"max_hp_loss":0,"event_name":"The Cleric","floor":2,"gold_loss":0},{"damage_healed":0,"gold_gain":0,"player_choice":"Ignored","damage_taken":0,"max_hp_gain":0,"max_hp_loss":0,"event_name":"Liars Game","floor":3,"gold_loss":0},{"damage_healed":0,"gold_gain":0,"player_choice":"Take Wound","damage_taken":0,"relics_obtained":["Golden Idol"],"max_hp_gain":0,"max_hp_loss":0,"event_name":"Golden Idol","floor":11,"gold_loss":0,"cards_obtained":["Injury"]},{"damage_healed":0,"gold_gain":0,"player_choice":"Searched \u00271\u0027 times","damage_taken":0,"relics_obtained":["Gremlin Horn"],"max_hp_gain":0,"max_hp_loss":0,"event_name":"Dead Adventurer","floor":13,"gold_loss":0},{"damage_healed":0,"gold_gain":0,"player_choice":"Ignored","damage_taken":0,"max_hp_gain":0,"max_hp_loss":0,"event_name":"The Mausoleum","floor":19,"gold_loss":0},{"damage_healed":0,"gold_gain":0,"player_choice":"Copied","damage_taken":0,"max_hp_gain":0,"max_hp_loss":0,"event_name":"Duplicator","floor":20,"gold_loss":0,"cards_obtained":["Dramatic Entrance"]}],"is_beta":false,"boss_relics":[{"not_picked":["Snecko Eye","Runic Dome"],"picked":"Runic Pyramid"},{"not_picked":["Tiny House","Sozu"],"picked":"Calling Bell"}],"items_purged_floors":[12],"is_endless":false,"potions_floor_spawned":[7,10,16,21,24,25,29,31],"killed_by":"3 Darklings","ascension_level":0}