{"gold_per_floor":[111,129,129,129,129,129,172,172,172,195,214,235,266,280,280,403,403,328,328,328,328,328,328,328,328,328,328,328,328,328,328,328,328,328,328,328,328,253,253,253,253,253,253,253,253],"floor_reached":45,"playtime":3376,"items_purged":["Strike_R"],"score":445,"play_id":"94b4e454-761c-4f57-88fa-73449c240056","local_time":"20190905064300","is_ascension_mode":false,"campfire_choices":[{"data":"Pommel Strike","floor":6,"key":"SMITH"},{"floor":8,"key":"REST"},{"floor":15,"key":"REST"},{"data":"Cleave","floor":23,"key":"SMITH"},{"floor":27,"key":"REST"},{"floor":29,"key":"REST"},{"data":"Limit Break","floor":32,"key":"SMITH"},{"floor":40,"key":"REST"}],"neow_cost":"NONE","seed_source_timestamp":1095504348482800,"circlet_count":0,"master_deck":["Strike_R","Strike_R","Defend_R","Defend_R","Defend_R","Defend_R","Bash+1","Shrug It Off","Pommel Strike+1","Cleave+1","Twin Strike","Armaments","Power Through","Sword Boomerang","Rampage","Limit Break+1","Headbutt+1","Iron Wave","Heavy Blade+1","Body Slam","Seeing Red+1","Clash","Armaments+1","Disarm","Thunderclap","Blood for Blood"],"relics":["Burning Blood","Golden Idol","Bag of Marbles","Red Skull","Paper Frog","Ectoplasm","Nilry\u0027s Codex","Ornamental Fan","Matryoshka","Vajra","Happy Flower","Sozu","Blood Vial","Bottled Lightning","Lantern"],"potions_floor_usage":[33,45,45,45],"damage_taken":[{"damage":5,"enemies":"Jaw Worm","floor":1,"turns":6},{"damage":6,"enemies":"2 Louse","floor":2,"turns":4},{"damage":51,"enemies":"Lagavulin","floor":7,"turns":10},{"damage":0,"enemies":"Small Slimes","floor":10,"turns":4},{"damage":2,"enemies":"Blue Slaver","floor":11,"turns":3},{"damage":3,"enemies":"Red Slaver","floor":12,"turns":5},{"damage":13,"enemies":"Gremlin Nob","floor":13,"turns":5},{"damage":16,"enemies":"Lots of Slimes","floor":14,"turns":4},{"damage":38,"enemies":"Slime Boss","floor":16,"turns":11},{"damage":13,"enemies":"2 Thieves","floor":18,"turns":4},{"damage":50,"enemies":"Gremlin Leader","floor":24,"turns":8},{"damage":0,"enemies":"Chosen","floor":25,"turns":3},{"damage":0,"enemies":"Snake Plant","floor":28,"turns":2},{"damage":0,"enemies":"Cultist and Chosen","floor":30,"turns":4},{"damage":0,"enemies":"Snecko","floor":31,"turns":2},{"damage":70,"enemies":"Collector","floor":33,"turns":10},{"damage":18,"enemies":"3 Shapes","floor":35,"turns":2},{"damage":15,"enemies":"3 Darklings","floor":36,"turns":5},{"damage":30,"enemies":"Spire Growth","floor":37,"turns":5},{"damage":22,"enemies":"Transient","floor":41,"turns":5},{"damage":80,"enemies":"Giant Head","floor":45,"turns":8}],"seed_played":"-8261982498155226344","potions_obtained":[{"floor":7,"key":"Explosive Potion"},{"floor":10,"key":"BloodPotion"},{"floor":11,"key":"LiquidBronze"},{"floor":12,"key":"Energy Potion"},{"floor":18,"key":"BloodPotion"},{"floor":33,"key":"SpeedPotion"}],"is_trial":false,"path_per_floor":["M","M","?","?","?","R","E","R","T","M","M","M","E","M","R","B",null,"M","?","$","?","T","R","E","M","T","R","M","R","M","M","R","B",null,"M","M","M","$","T","R","M","?","T","?","E"],"character_chosen":"IRONCLAD","items_purchased":[],"campfire_rested":5,"item_purchase_floors":[],"current_hp_per_floor":[80,80,80,60,65,65,20,45,45,51,55,58,51,41,66,34,85,78,62,62,62,62,62,18,24,24,49,55,80,85,85,85,42,85,73,64,40,40,40,65,51,51,51,51,0],"gold":253,"neow_bonus":"REMOVE_CARD","is_prod":false,"is_daily":false,"chose_seed":false,"campfire_upgraded":3,"win_rate":0.0,"timestamp":1567680180,"path_taken":["M","M","?","?","?","R","E","R","T","M","M","M","E","M","R","BOSS","M","?","$","?","?","R","E","?","T","R","M","R","M","M","R","BOSS","M","?","M","?","?","R","M","?","T","?","E"],"build_version":"2019-07-17","purchased_purges":1,"victory":false,"max_hp_per_floor":[80,80,80,80,85,85,85,85,85,85,85,85,85,85,85,85,85,85,85,85,85,85,85,85,85,85,85,85,85,85,85,85,85,85,85,85,85,85,85,85,85,85,85,85,85],"card_choices":[{"not_picked":["Hemokinesis","Twin Strike"],"picked":"Shrug It Off","floor":1},{"not_picked":["Headbutt","Seeing Red"],"picked":"Pommel Strike","floor":2},{"not_picked":["Havoc","Shrug It Off"],"picked":"Cleave","floor":7},{"not_picked":["Bloodletting","Burning Pact"],"picked":"Twin Strike","floor":10},{"not_picked":["Carnage","Burning Pact"],"picked":"Armaments","floor":11},{"not_picked":["Intimidate","Blood for Blood"],"picked":"Power Through","floor":12},{"not_picked":["Twin Strike","Searing Blow"],"picked":"Sword Boomerang","floor":13},{"not_picked":["Clothesline","Sentinel"],"picked":"Rampage","floor":14},{"not_picked":["Feed","Juggernaut"],"picked":"Limit Break","floor":16},{"not_picked":["Power Through+1","Corruption"],"picked":"Headbutt+1","floor":18},{"not_picked":["Blood for Blood+1","Seeing Red"],"picked":"Iron Wave","floor":24},{"not_picked":["Cleave","Spot Weakness+1"],"picked":"Heavy Blade+1","floor":25},{"not_picked":["Sword Boomerang","Headbutt"],"picked":"Body Slam","floor":28},{"not_picked":["Body Slam","Iron Wave"],"picked":"Seeing Red+1","floor":30},{"not_picked":["Warcry+1","Anger"],"picked":"Clash","floor":31},{"not_picked":["Cleave+1","Second Wind"],"picked":"Armaments+1","floor":35},{"not_picked":["Rampage+1","Shrug It Off+1"],"picked":"Disarm","floor":36},{"not_picked":["Clothesline+1","Dropkick","Disarm+1"],"picked":"SKIP","floor":37},{"not_picked":["Hemokinesis+1","Dropkick+1"],"picked":"Thunderclap","floor":41}],"player_experience":42644,"relics_obtained":[{"floor":7,"key":"Bag of Marbles"},{"floor":9,"key":"Red Skull"},{"floor":13,"key":"Paper Frog"},{"floor":19,"key":"Nilry\u0027s Codex"},{"floor":22,"key":"Ornamental Fan"},{"floor":24,"key":"Matryoshka"},{"floor":26,"key":"Vajra"},{"floor":26,"key":"Happy Flower"},{"floor":39,"key":"Blood Vial"},{"floor":39,"key":"Bottled Lightning"},{"floor":43,"key":"Lantern"}],"event_choices":[{"damage_healed":0,"gold_gain":0,"player_choice":"Grow","damage_taken":0,"max_hp_gain":0,"max_hp_loss":0,"event_name":"Living Wall","floor":3,"gold_loss":0,"cards_upgraded":["Bash"]},{"damage_healed":0,"gold_gain":0,"player_choice":"Take Damage","damage_taken":20,"relics_obtained":["Golden Idol"],"max_hp_gain":0,"max_hp_loss":0,"event_name":"Golden Idol","floor":4,"gold_loss":0},{"damage_healed":0,"gold_gain":0,"player_choice":"Donut","damage_taken":0,"max_hp_gain":5,"max_hp_loss":0,"event_name":"Big Fish","floor":5,"gold_loss":0},{"damage_healed":0,"gold_gain":0,"player_choice":"Obtained Book","damage_taken":16,"max_hp_gain":0,"max_hp_loss":0,"event_name":"Cursed Tome","floor":19,"gold_loss":0},{"damage_healed":0,"gold_gain":0,"player_choice":"Ignored","damage_taken":0,"max_hp_gain":0,"max_hp_loss":0,"event_name":"Ghosts","floor":21,"gold_loss":0},{"damage_healed":0,"gold_gain":0,"player_choice":"Ignored","damage_taken":0,"max_hp_gain":0,"max_hp_loss":0,"event_name":"The Moai Head","floor":42,"gold_loss":0},{"damage_healed":0,"gold_gain":0,"cards_transformed":["Strike_R"],"player_choice":"Transformed","damage_taken":0,"max_hp_gain":0,"max_hp_loss":0,"event_name":"Transmorgrifier","floor":44,"gold_loss":0,"cards_obtained":["Blood for Blood"]}],"is_beta":false,"boss_relics":[{"not_picked":["Runic Pyramid","Calling Bell"],"picked":"Ectoplasm"},{"not_picked":["Coffee Dripper","Astrolabe"],"picked":"Sozu"}],"items_purged_floors":[38],"is_endless":false,"potions_floor_spawned":[7,10,11,12,14,18,28,31,33,36,37],"killed_by":"Giant Head","ascension_level":0}