{"gold_per_floor":[117,117,136,153,153,153,153,153,179,192,202,202,534,554,554,652,652,672,682,693,693],"floor_reached":21,"playtime":1177,"items_purged":[],"score":183,"play_id":"6d90629c-22c2-4db9-89cf-cc69b8c525d6","local_time":"20190908002026","is_ascension_mode":false,"campfire_choices":[{"data":"Quick Slash","floor":6,"key":"SMITH"},{"data":"Footwork","floor":8,"key":"SMITH"},{"data":"Infinite Blades","floor":12,"key":"SMITH"},{"floor":15,"key":"REST"}],"neow_cost":"NONE","seed_source_timestamp":1333964599431600,"circlet_count":0,"master_deck":["Strike_G","Strike_G","Strike_G","Strike_G","Defend_G","Defend_G","Defend_G","Defend_G","Defend_G","Survivor","Neutralize","Glass Knife","Quick Slash+1","Footwork+1","Backflip","Blade Dance","Infinite Blades+1","Deflect","Dagger Spray","Tools of the Trade","Dagger Throw","Deadly Poison","Dodge and Roll"],"relics":["Ring of the Snake","Centennial Puzzle","Old Coin","Philosopher\u0027s Stone"],"potions_floor_usage":[16,16],"damage_taken":[{"damage":2,"enemies":"Cultist","floor":1,"turns":5},{"damage":0,"enemies":"Small Slimes","floor":3,"turns":2},{"damage":4,"enemies":"Jaw Worm","floor":4,"turns":3},{"damage":0,"enemies":"3 Louse","floor":10,"turns":4},{"damage":0,"enemies":"Looter","floor":11,"turns":4},{"damage":11,"enemies":"Lagavulin","floor":13,"turns":8},{"damage":4,"enemies":"Blue Slaver","floor":14,"turns":3},{"damage":42,"enemies":"Hexaghost","floor":16,"turns":15},{"damage":10,"enemies":"Spheric Guardian","floor":18,"turns":5},{"damage":22,"enemies":"2 Thieves","floor":19,"turns":4},{"damage":25,"enemies":"Snake Plant","floor":20,"turns":8},{"damage":21,"enemies":"Masked Bandits","floor":21,"turns":2}],"seed_played":"4495236500314132564","potions_obtained":[{"floor":4,"key":"Poison Potion"},{"floor":13,"key":"Regen Potion"},{"floor":14,"key":"Fire Potion"},{"floor":18,"key":"Strength Potion"}],"is_trial":false,"path_per_floor":["M","?","M","M","?","R","?","R","T","M","M","R","E","M","R","B",null,"M","M","M","?"],"character_chosen":"THE_SILENT","items_purchased":[],"campfire_rested":1,"item_purchase_floors":[],"current_hp_per_floor":[68,68,68,64,64,64,64,64,64,64,64,64,53,49,70,37,70,60,38,13,0],"gold":693,"neow_bonus":"ONE_RANDOM_RARE_CARD","is_prod":false,"is_daily":false,"chose_seed":false,"campfire_upgraded":3,"win_rate":0.0,"timestamp":1567916426,"path_taken":["M","?","M","M","?","R","?","R","T","M","M","R","E","M","R","BOSS","M","M","?","?"],"build_version":"2019-07-17","purchased_purges":0,"victory":false,"max_hp_per_floor":[70,70,70,70,70,70,70,70,70,70,70,70,70,70,70,70,70,70,70,70,70],"card_choices":[{"not_picked":["Endless Agony","Leg Sweep"],"picked":"Quick Slash","floor":1},{"not_picked":["Backflip","Reflex"],"picked":"Footwork","floor":3},{"not_picked":["Deflect","Quick Slash"],"picked":"Backflip","floor":4},{"not_picked":["Outmaneuver","Acrobatics"],"picked":"Blade Dance","floor":10},{"not_picked":["Accuracy","Terror"],"picked":"Infinite Blades","floor":11},{"not_picked":["Catalyst","Underhanded Strike"],"picked":"Deflect","floor":13},{"not_picked":["Quick Slash","Slice"],"picked":"Dagger Spray","floor":14},{"not_picked":["Doppelganger","Unload"],"picked":"Tools of the Trade","floor":16},{"not_picked":["Riddle With Holes","Prepared"],"picked":"Dagger Throw","floor":18},{"not_picked":["Dagger Spray","Cloak And Dagger"],"picked":"Deadly Poison","floor":19},{"not_picked":["Poisoned Stab","Crippling Poison"],"picked":"Dodge and Roll","floor":20}],"player_experience":69604,"relics_obtained":[{"floor":9,"key":"Centennial Puzzle"},{"floor":13,"key":"Old Coin"}],"event_choices":[{"cards_removed":["Strike_G"],"damage_healed":0,"gold_gain":0,"player_choice":"Forget","damage_taken":0,"max_hp_gain":0,"max_hp_loss":0,"event_name":"Living Wall","floor":2,"gold_loss":0},{"damage_healed":0,"gold_gain":0,"player_choice":"Ignored","damage_taken":0,"max_hp_gain":0,"max_hp_loss":0,"event_name":"Golden Idol","floor":5,"gold_loss":0},{"damage_healed":0,"gold_gain":0,"player_choice":"Leave","damage_taken":0,"max_hp_gain":0,"max_hp_loss":0,"event_name":"FaceTrader","floor":7,"gold_loss":0},{"damage_healed":0,"gold_gain":0,"player_choice":"Fought Bandits","damage_taken":0,"max_hp_gain":0,"max_hp_loss":0,"event_name":"Masked Bandits","floor":21,"gold_loss":0}],"is_beta":false,"boss_relics":[{"not_picked":["Tiny House","Ring of the Serpent"],"picked":"Philosopher\u0027s Stone"}],"items_purged_floors":[],"is_endless":false,"potions_floor_spawned":[4,13,14,18],"killed_by":"Masked Bandits","ascension_level":0}