{"path_per_floor":["M","?","?","?","M","R","E","R","T","E","$","M","M","M","R","B",null,"M","M","?","M","?","E","R","M","T","M","M","E","T","M","R","B",null,"M","M","?","M","M","E","R","E","T","R"],"character_chosen":"IRONCLAD","items_purchased":[],"gold_per_floor":[114,114,114,114,133,133,467,467,539,577,577,590,610,630,630,750,750,764,785,785,809,809,842,842,855,880,899,913,957,957,976,976,1102,1102,1118,1131,1187,1206,1231,1272,1272,1306,1377,1377],"floor_reached":45,"campfire_rested":3,"playtime":2137,"current_hp_per_floor":[80,80,60,60,66,66,72,72,72,70,70,76,80,80,80,73,80,67,67,67,73,73,63,63,53,53,51,50,54,54,58,80,65,64,55,56,36,22,19,7,26,19,19,38],"items_purged":[],"gold":1377,"play_id":"52486c0f-c407-4a11-a1d2-9ea76515e1aa","is_prod":false,"is_daily":false,"campfire_rituals":0,"campfire_upgraded":4,"is_hardmode":false,"path_taken":["M","?","?","?","M","R","E","R","T","E","$","M","M","M","R","BOSS","M","M","?","M","?","E","R","?","T","M","?","E","?","M","R","BOSS","M","M","?","M","M","E","R","E","T","R","E"],"build_version":"2018-01-11-PROD2","purchased_purges":0,"victory":false,"master_deck":["Bash","Carnage","Fiend Fire","Offering","Headbutt","Thunderclap","Brutality","Armaments","Seeing Red","Cleave","True Grit","Headbutt","Iron Wave","Blood for Blood","Battle Trance","Flex","Evolve","Flex","Flex","Body Slam","Blood for Blood","Warcry","Whirlwind"],"max_hp_per_floor":[80,80,80,80,80,80,80,80,80,80,80,80,80,80,80,80,80,80,80,80,80,80,80,80,80,80,80,80,80,80,80,80,80,64,64,64,64,64,64,64,64,64,64,64],"relics":["Burning Blood","NeowsBlessing","Golden Idol","Old Coin","Shuriken","Letter Opener","Pandora\u0027s Box","Mercury Hourglass","Blood Vial","Prayer Wheel","Ginger","Runic Cube","Molten Egg","Dream Catcher","Self Forming Clay"],"campfire_meditates":0,"card_choices":[{"not_picked":["Perfected Strike","Armaments"],"picked":"Fiend Fire"},{"not_picked":["Anger","Clothesline"],"picked":"Offering"},{"not_picked":["Clothesline","Whirlwind"],"picked":"Headbutt"},{"not_picked":["Intimidate","True Grit"],"picked":"Thunderclap"},{"not_picked":["Immolate","Dark Embrace"],"picked":"Brutality"},{"not_picked":["Sword Boomerang","Cleave"],"picked":"Blood for Blood"},{"not_picked":["Infernal Blade","Iron Wave"],"picked":"Flex"},{"not_picked":["Pummel","Sever Soul"],"picked":"Evolve"},{"not_picked":["Clash","Brutality"],"picked":"Flex"},{"not_picked":["Sword Boomerang","Berserk"],"picked":"Flex"},{"not_picked":["Perfected Strike","Sword Boomerang"],"picked":"Body Slam"},{"not_picked":["Searing Blow","Flame Barrier"],"picked":"Blood for Blood"},{"not_picked":["Perfected Strike","Flex"],"picked":"Warcry"},{"not_picked":["Pommel Strike","True Grit"],"picked":"Whirlwind"}],"player_experience":208996,"potions_floor_usage":[10,28,33,40,40,45],"damage_taken":[{"damage":0,"enemies":"2 Louse","floor":1,"turns":1},{"damage":0,"enemies":"Blue Slaver","floor":5,"turns":1},{"damage":0,"enemies":"Lagavulin","floor":7,"turns":1},{"damage":8,"enemies":"3 Sentries","floor":10,"turns":4},{"damage":0,"enemies":"Cultist","floor":12,"turns":2},{"damage":0,"enemies":"Large Slime","floor":13,"turns":2},{"damage":4,"enemies":"Looter","floor":14,"turns":1},{"damage":13,"enemies":"Slime Boss","floor":16,"turns":4},{"damage":19,"enemies":"Shell Parasite","floor":18,"turns":3},{"damage":6,"enemies":"3 Byrds","floor":19,"turns":3},{"damage":0,"enemies":"Snake Plant","floor":21,"turns":2},{"damage":16,"enemies":"Book of Stabbing","floor":23,"turns":2},{"damage":16,"enemies":"Centurion and Healer","floor":25,"turns":3},{"damage":10,"enemies":"Chosen and Byrds","floor":27,"turns":3},{"damage":9,"enemies":"Snake Plant","floor":28,"turns":3},{"damage":4,"enemies":"Gremlin Leader","floor":29,"turns":2},{"damage":4,"enemies":"Snecko","floor":31,"turns":1},{"damage":21,"enemies":"Automaton","floor":33,"turns":6},{"damage":15,"enemies":"3 Darklings","floor":35,"turns":3},{"damage":7,"enemies":"Orb Walker","floor":36,"turns":2},{"damage":28,"enemies":"Mysterious Sphere","floor":37,"turns":2},{"damage":22,"enemies":"3 Darklings","floor":38,"turns":3},{"damage":11,"enemies":"Sphere and 2 Shapes","floor":39,"turns":3},{"damage":20,"enemies":"2 Orb Walkers","floor":40,"turns":3},{"damage":15,"enemies":"Giant Head","floor":42,"turns":4},{"damage":41,"enemies":"Nemesis","floor":45,"turns":6}],"event_choices":[{"event_name":"Bonfire Elementals","player_choice":"BASIC","floor":2,"damage_taken":0},{"event_name":"Golden Idol","player_choice":"Take Damage","floor":3,"damage_taken":0},{"event_name":"Transmorgrifier","player_choice":"Transform","floor":4,"damage_taken":0},{"event_name":"The Library","player_choice":"Read","floor":20,"damage_taken":0},{"event_name":"Back to Basics","player_choice":"Elegance","floor":22,"damage_taken":0},{"event_name":"Mysterious Sphere","player_choice":"Fight","floor":37,"damage_taken":0}],"boss_relics":[{"not_picked":["Mark of Pain","Calling Bell"],"picked":"Pandora\u0027s Box"},{"not_picked":["Velvet Choker","Question Card"],"picked":"Runic Cube"}],"potions_floor_spawned":[5,7,14,21,23,28,31,33,36,37,38],"seed_played":"3364707827385314252","killed_by":"Nemesis","is_trial":false}