{"gold_per_floor":[111,186,199,209,164,195,175,175,200,214,14,25,0,10,10,10],"floor_reached":16,"playtime":1656,"items_purged":[],"score":102,"play_id":"4dfed823-c8b1-40cb-be80-054ce935649e","local_time":"20190303165914","is_ascension_mode":false,"campfire_choices":[{"floor":8,"key":"REST"},{"floor":15,"key":"REST"}],"neow_cost":"NONE","seed_source_timestamp":476028433369258,"circlet_count":0,"master_deck":["Defend_G","Defend_G","Defend_G","Defend_G","Defend_G","Strike_G","Strike_G","Strike_G","Strike_G","Strike_G","Survivor","Neutralize","Deflect","Leg Sweep","Deflect","Quick Slash","Choke","Acrobatics","Flying Knee","Slice","Well Laid Plans","Dagger Spray"],"relics":["Ring of the Snake","Anchor","Dream Catcher","MealTicket"],"potions_floor_usage":[16,16],"damage_taken":[{"damage":5,"enemies":"2 Louse","floor":1,"turns":2},{"damage":2,"enemies":"Small Slimes","floor":3,"turns":5},{"damage":4,"enemies":"Cultist","floor":4,"turns":5},{"damage":9,"enemies":"Looter","floor":5,"turns":5},{"damage":26,"enemies":"Lagavulin","floor":6,"turns":12},{"damage":0,"enemies":"2 Fungi Beasts","floor":10,"turns":5},{"damage":1,"enemies":"Blue Slaver","floor":12,"turns":5},{"damage":9,"enemies":"Exordium Thugs","floor":14,"turns":4},{"damage":88,"enemies":"Hexaghost","floor":16,"turns":15}],"seed_played":"-3033406594650633603","potions_obtained":[{"floor":3,"key":"LiquidBronze"},{"floor":6,"key":"SpeedPotion"},{"floor":7,"key":"Regen Potion"},{"floor":14,"key":"Explosive Potion"}],"is_trial":false,"path_per_floor":["M","?","M","M","M","E","?","R","T","M","$","M","$","M","R","B"],"character_chosen":"THE_SILENT","items_purchased":["MealTicket","Slice"],"campfire_rested":2,"item_purchase_floors":[11,13],"current_hp_per_floor":[72,61,59,55,46,20,20,43,43,43,43,42,57,48,71,0],"gold":10,"neow_bonus":"TEN_PERCENT_HP_BONUS","is_prod":false,"is_daily":false,"chose_seed":false,"campfire_upgraded":0,"win_rate":0.0,"timestamp":1551650354,"path_taken":["M","?","M","M","M","E","?","R","T","?","$","M","$","M","R","BOSS"],"build_version":"2019-01-23","purchased_purges":0,"victory":false,"max_hp_per_floor":[77,77,77,77,77,77,77,77,77,77,77,77,77,77,77,77],"card_choices":[{"not_picked":["Slice","Eviscerate"],"picked":"Deflect","floor":1},{"not_picked":["Flying Knee","Poisoned Stab"],"picked":"Leg Sweep","floor":3},{"not_picked":["Skewer","Calculated Gamble"],"picked":"Deflect","floor":4},{"not_picked":["Blade Dance","Masterful Stab"],"picked":"Quick Slash","floor":5},{"not_picked":["Slice","Riddle With Holes"],"picked":"Choke","floor":6},{"not_picked":["Flying Knee","Blur"],"picked":"Acrobatics","floor":10},{"not_picked":["Slice","Dodge and Roll"],"picked":"Flying Knee","floor":12},{"not_picked":["Terror","Unload"],"picked":"Well Laid Plans","floor":14},{"not_picked":["Escape Plan","All Out Attack"],"picked":"Dagger Spray","floor":15}],"player_experience":2912,"relics_obtained":[{"floor":6,"key":"Anchor"},{"floor":9,"key":"Dream Catcher"}],"event_choices":[{"damage_healed":0,"gold_gain":75,"player_choice":"Gather Gold","damage_taken":11,"max_hp_gain":0,"max_hp_loss":0,"event_name":"World of Goop","floor":2,"gold_loss":0},{"damage_healed":0,"gold_gain":0,"player_choice":"Bought 1 Potion","damage_taken":0,"max_hp_gain":0,"max_hp_loss":0,"event_name":"The Woman in Blue","floor":7,"gold_loss":0}],"is_beta":false,"boss_relics":[],"items_purged_floors":[],"is_endless":false,"potions_floor_spawned":[3,6,12,14],"killed_by":"Hexaghost","ascension_level":0}