{"gold_per_floor":[210,48,63,138,149,149,162,188,257,257,257,285,300,332,332,437,437,454,454,364,378,125,328,344,374,426,341,374,374,386,58,58,58],"floor_reached":33,"playtime":3190,"items_purged":["Strike_G","Dagger Throw"],"score":452,"play_id":"4d52808b-263a-47c0-8282-faaab83bbd11","local_time":"20190430170954","is_ascension_mode":true,"campfire_choices":[{"data":"Neutralize","floor":6,"key":"SMITH"},{"data":"Deflect","floor":11,"key":"SMITH"},{"floor":15,"key":"REST"},{"floor":32,"key":"REST"}],"neow_cost":"NONE","seed_source_timestamp":1103388622292126,"circlet_count":0,"master_deck":["Defend_G","Defend_G","Defend_G","Defend_G","Defend_G","Survivor","Neutralize+1","Dash+1","Deflect+1","PiercingWail","Backstab","Backflip","Bouncing Flask","Corpse Explosion","Backflip","Malaise","Poison Darts+1","Hidden Blade+1","Dagger Throw+1","Dagger Spray","RitualDagger","Wraith Form v2","infinitespire:NeuralNetwork","Dodge and Roll","Adrenaline","Footwork","Cloak And Dagger"],"relics":["Ring of the Snake","Basket Of Snakes","Replay:Accelerometer","Ring of Peace","Juzu Bracelet","Smiling Mask","Astrolabe","Anchor","Baseball","Gremlin Horn","Iron Hammer","Sundial","TheAbacus"],"potions_floor_usage":[8,14,16,16,28,33,33],"damage_taken":[{"damage":7,"enemies":"2 Louse","floor":1,"turns":4},{"damage":6,"enemies":"Cultist","floor":3,"turns":4},{"damage":2,"enemies":"Jaw Worm","floor":5,"turns":4},{"damage":0,"enemies":"Lots of Slimes","floor":7,"turns":5},{"damage":2,"enemies":"3 Sentries","floor":8,"turns":9},{"damage":4,"enemies":"Erikyupuro","floor":12,"turns":7},{"damage":0,"enemies":"Large Slime","floor":13,"turns":6},{"damage":17,"enemies":"Gremlin Nob","floor":14,"turns":4},{"damage":33,"enemies":"Fading Forest","floor":16,"turns":11},{"damage":0,"enemies":"3 Byrds","floor":18,"turns":2},{"damage":0,"enemies":"Chosen","floor":21,"turns":4},{"damage":9,"enemies":"Nightmare","floor":23,"turns":8},{"damage":3,"enemies":"Snecko","floor":24,"turns":6},{"damage":26,"enemies":"Slavers","floor":25,"turns":8},{"damage":5,"enemies":"Gremlin Leader","floor":28,"turns":7},{"damage":2,"enemies":"Snake Plant","floor":30,"turns":5},{"damage":28,"enemies":"Pondfish","floor":33,"turns":12}],"seed_played":"-857312004528227108","potions_obtained":[{"floor":3,"key":"AttackPotion"},{"floor":5,"key":"GhostInAJar"},{"floor":12,"key":"Dexterity Potion"},{"floor":14,"key":"Swift Potion"},{"floor":23,"key":"Languid Potion"},{"floor":24,"key":"SteroidPotion"},{"floor":28,"key":"FearPotion"}],"is_trial":false,"path_per_floor":["M","$","M","?","M","R","M","E","T","?","R","E","M","E","R","B",null,"M","?","?","M","$","NM","M","E","T","?","E","?","M","$","R","B"],"character_chosen":"THE_SILENT","items_purchased":["Dash","Deflect","Wraith Form v2","Energy Potion","Footwork","Cloak And Dagger","TheAbacus"],"campfire_rested":2,"item_purchase_floors":[2,2,22,22,31,31,31],"current_hp_per_floor":[56,56,50,39,37,37,37,35,35,35,35,31,31,14,35,6,54,54,48,48,48,48,39,36,10,10,10,5,5,3,3,24,0],"gold":58,"neow_bonus":"HUNDRED_GOLD","is_prod":false,"is_daily":false,"chose_seed":false,"campfire_upgraded":2,"win_rate":0,"timestamp":1556658594,"path_taken":["M","$","M","?","M","R","M","E","T","?","R","E","M","E","R","BOSS","M","?","?","M","$","NM","M","E","T","?","E","?","M","?","R","BOSS"],"build_version":"2019-01-23","purchased_purges":2,"victory":false,"max_hp_per_floor":[70,70,70,70,70,70,70,70,70,70,70,70,70,70,70,70,70,70,70,70,70,70,70,70,70,70,70,70,70,70,70,70,70],"card_choices":[{"not_picked":["Poisoned Stab","Acrobatics"],"picked":"Dagger Throw","floor":1},{"not_picked":["Dagger Throw","Tactician"],"picked":"PiercingWail","floor":3},{"not_picked":["Hidden Blade","Masterful Stab"],"picked":"Backstab","floor":5},{"not_picked":["Bane","Replay:Poison Smokescreen"],"picked":"Backflip","floor":7},{"not_picked":["Tools of the Trade","Flechettes"],"picked":"Bouncing Flask","floor":8},{"not_picked":["Deflect","Infinite Blades"],"picked":"Corpse Explosion","floor":12},{"not_picked":["Acrobatics","Prepared"],"picked":"Backflip","floor":13},{"not_picked":["Slice","Quick Slash","Poisoned Stab"],"picked":"SKIP","floor":14},{"not_picked":["Venomology","Bullet Time"],"picked":"Malaise","floor":16},{"not_picked":["Slice+1","ReplayTheSpireMod:Speed Training"],"picked":"Dagger Spray","floor":18},{"not_picked":["Masterful Stab","Hidden Blade","Sucker Punch"],"picked":"SKIP","floor":21},{"not_picked":["ReplayTheSpireMod:Echoes of Time","infinitespire:Menacing"],"picked":"infinitespire:NeuralNetwork","floor":23},{"not_picked":["Dash+1","Backflip","Malaise"],"picked":"SKIP","floor":23},{"not_picked":["Dash+1","Backflip","Malaise"],"picked":"SKIP","floor":23},{"not_picked":["Sucker Punch","Bane","Reflex"],"picked":"SKIP","floor":24},{"not_picked":["Sucker Punch","Bane","Reflex"],"picked":"SKIP","floor":24},{"not_picked":["Finisher","Blade Dance"],"picked":"Dodge and Roll","floor":25},{"not_picked":["Dagger Throw","Concentrate"],"picked":"Adrenaline","floor":28},{"not_picked":["Quick Slash","ReplayTheSpireMod:Shiv Toss","Dagger Spray+1"],"picked":"SKIP","floor":30}],"player_experience":239743,"relics_obtained":[{"floor":8,"key":"Basket Of Snakes"},{"floor":9,"key":"Replay:Accelerometer"},{"floor":10,"key":"Ring of Peace"},{"floor":12,"key":"Juzu Bracelet"},{"floor":14,"key":"Smiling Mask"},{"floor":23,"key":"Anchor"},{"floor":25,"key":"Gremlin Horn"},{"floor":28,"key":"Sundial"}],"event_choices":[{"damage_healed":0,"gold_gain":75,"player_choice":"Gather Gold","damage_taken":11,"max_hp_gain":0,"max_hp_loss":0,"event_name":"World of Goop","floor":4,"gold_loss":0},{"damage_healed":0,"gold_gain":0,"player_choice":"Joined the Cult","damage_taken":6,"max_hp_gain":0,"max_hp_loss":0,"event_name":"Nest","floor":19,"gold_loss":0,"cards_obtained":["RitualDagger"]},{"cards_removed":["Strike_G"],"damage_healed":0,"gold_gain":0,"player_choice":"Upgrade and Remove","damage_taken":0,"max_hp_gain":0,"max_hp_loss":0,"event_name":"Designer","floor":20,"gold_loss":90,"cards_upgraded":["Dash"]},{"damage_healed":0,"gold_gain":0,"player_choice":"Obtained Relic","damage_taken":0,"relics_obtained":["Iron Hammer"],"max_hp_gain":0,"max_hp_loss":0,"event_name":"Addict","floor":27,"gold_loss":85}],"is_beta":false,"boss_relics":[{"not_picked":["ReplayTheSpireMod:Onyx Gauntlets","Runic Pyramid"],"picked":"Astrolabe"}],"items_purged_floors":[2,22],"is_endless":true,"potions_floor_spawned":[3,5,12,14,23,24,28],"killed_by":"Pondfish","ascension_level":6}