{"gold_per_floor":[368,379,453,70,86,86,419,419,419,436,436,63,94,124,124,228,228,245,170,201,214,41,73,73,108,108,108,124,142,17,17],"floor_reached":31,"playtime":1804,"items_purged":["Strike_R","Strike_R","Strike_R"],"score":401,"play_id":"89af9a86-41c4-4b89-98a2-23949d1f7d03","local_time":"20190701204720","is_ascension_mode":true,"campfire_choices":[{"data":"True Grit","floor":6,"key":"SMITH"},{"floor":8,"key":"REST"},{"floor":11,"key":"REST"},{"floor":15,"key":"REST"},{"floor":24,"key":"REST"},{"floor":27,"key":"REST"}],"neow_cost":"PERCENT_DAMAGE","seed_source_timestamp":1474799353047989,"circlet_count":0,"master_deck":["Strike_R","Defend_R","Defend_R","Defend_R","Defend_R","Bash","Clothesline","Warcry","True Grit+1","Cleave","Anger","Inflame","Flame Barrier","Feed","Thunderclap+1","Shockwave+1","Disarm","Juggernaut","Heavy Blade"],"relics":["Burning Blood","Pantograph","Old Coin","Shuriken","Champion Belt","Centennial Puzzle","Sozu","Red Mask","Matryoshka","Art of War","Letter Opener","Kunai"],"potions_floor_usage":[],"damage_taken":[{"damage":8,"enemies":"Jaw Worm","floor":1,"turns":4},{"damage":7,"enemies":"Small Slimes","floor":2,"turns":3},{"damage":7,"enemies":"2 Louse","floor":5,"turns":3},{"damage":43,"enemies":"Lagavulin","floor":7,"turns":8},{"damage":35,"enemies":"Gremlin Gang","floor":10,"turns":5},{"damage":31,"enemies":"3 Sentries","floor":13,"turns":7},{"damage":35,"enemies":"Slime Boss","floor":16,"turns":10},{"damage":25,"enemies":"2 Thieves","floor":18,"turns":4},{"damage":36,"enemies":"Masked Bandits","floor":20,"turns":4},{"damage":16,"enemies":"Spheric Guardian","floor":21,"turns":4},{"damage":16,"enemies":"Gremlin Leader","floor":23,"turns":6},{"damage":30,"enemies":"Book of Stabbing","floor":25,"turns":7},{"damage":19,"enemies":"Snake Plant","floor":28,"turns":4},{"damage":22,"enemies":"Chosen and Byrds","floor":29,"turns":5},{"damage":17,"enemies":"Gremlin Leader","floor":31,"turns":2}],"seed_played":"6762151553226873669","potions_obtained":[{"floor":1,"key":"Weak Potion"},{"floor":2,"key":"Strength Potion"}],"is_trial":false,"path_per_floor":["M","M","?","$","M","R","E","R","T","M","R","$","E","?","R","B",null,"M","?","?","M","$","E","R","E","T","R","M","M","$","E"],"character_chosen":"IRONCLAD","items_purchased":["Pantograph","True Grit","Champion Belt","Inflame","Disarm"],"campfire_rested":5,"item_purchase_floors":[4,4,12,12,22],"current_hp_per_floor":[54,53,53,53,52,52,15,39,39,10,34,34,9,9,33,29,67,51,51,24,17,17,7,33,12,12,39,29,16,16,0],"gold":17,"neow_bonus":"TWO_FIFTY_GOLD","is_prod":false,"is_daily":false,"chose_seed":false,"campfire_upgraded":1,"win_rate":0,"timestamp":1562028440,"path_taken":["M","M","?","$","M","R","E","R","T","M","R","$","E","?","R","BOSS","M","?","?","M","$","E","R","E","T","R","?","M","$","E"],"build_version":"2019-07-01","purchased_purges":3,"victory":false,"max_hp_per_floor":[80,80,80,80,80,80,80,80,80,80,80,80,80,80,80,80,80,83,83,86,89,89,89,89,92,92,92,95,98,98,98],"card_choices":[{"not_picked":["Corruption","Evolve"],"picked":"Clothesline","floor":1},{"not_picked":["Power Through","Clash"],"picked":"Warcry","floor":2},{"not_picked":["True Grit","Corruption"],"picked":"Cleave","floor":5},{"not_picked":["Body Slam","Bludgeon","Twin Strike"],"picked":"SKIP","floor":7},{"not_picked":["Cleave","Seeing Red"],"picked":"Anger","floor":10},{"not_picked":["Thunderclap","Pommel Strike"],"picked":"Flame Barrier","floor":13},{"not_picked":["Berserk","Demon Form"],"picked":"Feed","floor":16},{"not_picked":["Warcry","Hemokinesis"],"picked":"Thunderclap+1","floor":18},{"not_picked":["Anger","Sword Boomerang"],"picked":"Shockwave+1","floor":20},{"not_picked":["Iron Wave","Clash","Reckless Charge"],"picked":"SKIP","floor":21},{"not_picked":["Perfected Strike","Whirlwind+1"],"picked":"Juggernaut","floor":23},{"not_picked":["Sever Soul","Blood for Blood","Anger"],"picked":"SKIP","floor":25},{"not_picked":["Warcry","Combust","Intimidate"],"picked":"SKIP","floor":28},{"not_picked":["Clothesline","Blood for Blood"],"picked":"Heavy Blade","floor":29}],"player_experience":337332,"relics_obtained":[{"floor":7,"key":"Old Coin"},{"floor":9,"key":"Shuriken"},{"floor":13,"key":"Centennial Puzzle"},{"floor":20,"key":"Red Mask"},{"floor":23,"key":"Matryoshka"},{"floor":25,"key":"Art of War"},{"floor":26,"key":"Letter Opener"},{"floor":26,"key":"Kunai"}],"event_choices":[{"damage_healed":0,"gold_gain":74,"player_choice":"Gained Gold","damage_taken":0,"max_hp_gain":0,"max_hp_loss":0,"event_name":"Golden Wing","floor":3,"gold_loss":0},{"damage_healed":0,"gold_gain":30,"player_choice":"Searched \u00271\u0027 times","damage_taken":0,"max_hp_gain":0,"max_hp_loss":0,"event_name":"Dead Adventurer","floor":14,"gold_loss":0},{"cards_removed":["Strike_R"],"damage_healed":0,"gold_gain":0,"player_choice":"Gave Gold","damage_taken":0,"max_hp_gain":0,"max_hp_loss":0,"event_name":"Beggar","floor":19,"gold_loss":75},{"damage_healed":0,"gold_gain":0,"player_choice":"Fought Bandits","damage_taken":0,"max_hp_gain":0,"max_hp_loss":0,"event_name":"Masked Bandits","floor":20,"gold_loss":0}],"is_beta":false,"boss_relics":[{"not_picked":["Runic Pyramid","Philosopher\u0027s Stone"],"picked":"Sozu"}],"items_purged_floors":[4,22,30],"is_endless":false,"potions_floor_spawned":[1,2,23,25],"killed_by":"Gremlin Leader","ascension_level":5}