{"gold_per_floor":[109,109,127,73,53,53,78,94,94,112,127,102,102,130,130,130],"floor_reached":16,"playtime":933,"items_purged":[],"score":110,"play_id":"9aa86a50-7881-4cdf-b9e8-968ae260279e","local_time":"20190905180528","is_ascension_mode":false,"campfire_choices":[{"data":"Neutralize","floor":6,"key":"SMITH"},{"floor":15,"key":"REST"}],"neow_cost":"NONE","seed_source_timestamp":1138899814179000,"circlet_count":0,"master_deck":["Strike_G","Strike_G","Strike_G","Strike_G","Strike_G","Defend_G","Defend_G","Defend_G","Defend_G","Defend_G","Survivor","Neutralize+1","Footwork","Flechettes","Quick Slash","Bane","Skewer+1","Poisoned Stab","Dagger Throw","Backflip"],"relics":["Ring of the Snake","Omamori","Matryoshka","Potion Belt","Lantern","Snake Skull","Ginger"],"potions_floor_usage":[14,14],"damage_taken":[{"damage":1,"enemies":"2 Louse","floor":1,"turns":5},{"damage":1,"enemies":"Small Slimes","floor":3,"turns":5},{"damage":29,"enemies":"Gremlin Nob","floor":7,"turns":6},{"damage":0,"enemies":"Cultist","floor":8,"turns":4},{"damage":4,"enemies":"Large Slime","floor":10,"turns":8},{"damage":0,"enemies":"3 Louse","floor":11,"turns":2},{"damage":13,"enemies":"Lagavulin","floor":14,"turns":5},{"damage":36,"enemies":"Slime Boss","floor":16,"turns":9}],"seed_played":"-4897011067906952933","potions_obtained":[{"floor":1,"key":"AttackPotion"},{"floor":5,"key":"GamblersBrew"},{"floor":10,"key":"LiquidBronze"},{"floor":11,"key":"Swift Potion"}],"is_trial":false,"path_per_floor":["M","?","M","$","?","R","E","M","T","M","M","?","?","E","R","B"],"character_chosen":"THE_SILENT","items_purchased":["Quick Slash"],"campfire_rested":1,"item_purchase_floors":[4],"current_hp_per_floor":[69,57,56,56,56,56,27,27,27,23,23,23,23,10,31,0],"gold":130,"neow_bonus":"RANDOM_COMMON_RELIC","is_prod":false,"is_daily":false,"chose_seed":false,"campfire_upgraded":1,"win_rate":0.0,"timestamp":1567721128,"path_taken":["M","?","M","$","?","R","E","M","T","M","?","?","?","E","R","BOSS"],"build_version":"2019-07-17","purchased_purges":0,"victory":false,"max_hp_per_floor":[70,70,70,70,70,70,70,70,70,70,70,70,70,70,70,70],"card_choices":[{"not_picked":["Endless Agony","Prepared"],"picked":"Footwork","floor":1},{"not_picked":["Acrobatics","Underhanded Strike"],"picked":"Flechettes","floor":3},{"not_picked":["Eviscerate","Footwork"],"picked":"Bane","floor":7},{"not_picked":["Deflect","Bane"],"picked":"Skewer","floor":8},{"not_picked":["Outmaneuver","Deadly Poison"],"picked":"Poisoned Stab","floor":10},{"not_picked":["Escape Plan","Finisher"],"picked":"Dagger Throw","floor":11},{"not_picked":["Caltrops","Well Laid Plans"],"picked":"Backflip","floor":14}],"player_experience":55136,"relics_obtained":[{"floor":7,"key":"Potion Belt"},{"floor":9,"key":"Lantern"},{"floor":9,"key":"Snake Skull"},{"floor":14,"key":"Ginger"}],"event_choices":[{"damage_healed":0,"gold_gain":0,"player_choice":"Success","damage_taken":12,"relics_obtained":["Matryoshka"],"max_hp_gain":0,"max_hp_loss":0,"event_name":"Scrap Ooze","floor":2,"gold_loss":0},{"damage_healed":0,"gold_gain":0,"player_choice":"Bought 1 Potion","damage_taken":0,"max_hp_gain":0,"max_hp_loss":0,"event_name":"The Woman in Blue","floor":5,"gold_loss":0},{"damage_healed":0,"gold_gain":0,"player_choice":"Left Gold","damage_taken":0,"max_hp_gain":0,"max_hp_loss":0,"event_name":"World of Goop","floor":12,"gold_loss":25},{"damage_healed":0,"gold_gain":0,"player_choice":"Grow","damage_taken":0,"max_hp_gain":0,"max_hp_loss":0,"event_name":"Living Wall","floor":13,"gold_loss":0,"cards_upgraded":["Skewer"]}],"is_beta":false,"boss_relics":[],"items_purged_floors":[],"is_endless":false,"potions_floor_spawned":[1,10,11],"killed_by":"Slime Boss","ascension_level":0}