{"gold_per_floor":[114,128,142,9,25,56,68,68,142,169,179,207,207,272,272,344,344,362,373,373,45,62,62,94,107,107,127,162,180,180,200,200,274,274,294,294,311,311,0,0,0,0,0,0,16,16,16,26,26,26,26],"floor_reached":52,"playtime":2698,"items_purged":["Defend_R"],"score":1853,"play_id":"0ecf72f8-312e-4fbf-bf59-d0ef334e88db","local_time":"20190706030053","is_ascension_mode":true,"campfire_choices":[{"floor":8,"key":"REST"},{"floor":15,"key":"REST"},{"data":"Shockwave","floor":23,"key":"SMITH"},{"data":"Pommel Strike","floor":30,"key":"SMITH"},{"data":"Perfected Strike","floor":32,"key":"SMITH"},{"data":"Offering","floor":40,"key":"SMITH"},{"data":"Double Tap","floor":42,"key":"SMITH"},{"data":"Perfected Strike","floor":44,"key":"SMITH"},{"data":"Uppercut","floor":49,"key":"SMITH"}],"neow_cost":"NONE","seed_source_timestamp":259420741843513,"circlet_count":0,"master_deck":["AscendersBane","Strike_R","Strike_R","Defend_R","Defend_R","Defend_R","Reaper+1","Perfected Strike+1","Ghostly Armor+1","Shrug It Off","Perfected Strike","Shrug It Off","Twin Strike","Pommel Strike+1","Pommel Strike","Offering+1","Headbutt","Flex+1","Perfected Strike+1","Pommel Strike","Reaper","Shockwave+1","Twin Strike","Perfected Strike+1","Twin Strike","Metallicize","Perfected Strike+1","Evolve","Double Tap+1","Swift Strike","Uppercut+1"],"relics":["Astrolabe","Magic Flower","Ornamental Fan","Turnip","Pen Nib","StoneCalendar","Cursed Key","Gambling Chip","Art of War","Vajra","Busted Crown","Red Mask"],"potions_floor_usage":[6,12,12,14,16,19,24,33,33,37,51],"damage_taken":[{"damage":1,"enemies":"Cultist","floor":1,"turns":4},{"damage":3,"enemies":"Small Slimes","floor":2,"turns":5},{"damage":4,"enemies":"Jaw Worm","floor":3,"turns":6},{"damage":11,"enemies":"Red Slaver","floor":5,"turns":6},{"damage":27,"enemies":"Lagavulin","floor":6,"turns":7},{"damage":18,"enemies":"Large Slime","floor":7,"turns":6},{"damage":19,"enemies":"3 Sentries","floor":10,"turns":8},{"damage":0,"enemies":"Blue Slaver","floor":11,"turns":6},{"damage":25,"enemies":"Lagavulin","floor":12,"turns":6},{"damage":30,"enemies":"Lagavulin Event","floor":14,"turns":4},{"damage":22,"enemies":"Slime Boss","floor":16,"turns":7},{"damage":9,"enemies":"3 Byrds","floor":18,"turns":5},{"damage":7,"enemies":"2 Thieves","floor":19,"turns":2},{"damage":13,"enemies":"Snake Plant","floor":22,"turns":3},{"damage":17,"enemies":"Gremlin Leader","floor":24,"turns":5},{"damage":3,"enemies":"Chosen and Byrds","floor":25,"turns":3},{"damage":16,"enemies":"Centurion and Healer","floor":27,"turns":4},{"damage":13,"enemies":"Slavers","floor":28,"turns":3},{"damage":8,"enemies":"Sentry and Sphere","floor":29,"turns":3},{"damage":6,"enemies":"Chosen and Byrds","floor":31,"turns":3},{"damage":38,"enemies":"Automaton","floor":33,"turns":7},{"damage":53,"enemies":"3 Shapes","floor":35,"turns":7},{"damage":0,"enemies":"Orb Walker","floor":37,"turns":2},{"damage":10,"enemies":"4 Shapes","floor":45,"turns":7},{"damage":0,"enemies":"Sphere and 2 Shapes","floor":48,"turns":2},{"damage":36,"enemies":"Time Eater","floor":50,"turns":5},{"damage":56,"enemies":"Donu and Deca","floor":51,"turns":7}],"seed_played":"6218628689891947464","potions_obtained":[{"floor":2,"key":"Poison Potion"},{"floor":10,"key":"Poison Potion"},{"floor":11,"key":"SkillPotion"},{"floor":12,"key":"Fire Potion"},{"floor":14,"key":"Block Potion"},{"floor":16,"key":"Fire Potion"},{"floor":22,"key":"Strength Potion"},{"floor":24,"key":"Dexterity Potion"},{"floor":29,"key":"Dexterity Potion"},{"floor":33,"key":"Energy Potion"},{"floor":35,"key":"Energy Potion"}],"is_trial":false,"path_per_floor":["M","M","M","$","M","E","M","R","T","E","M","E","?","?","R","B",null,"M","M","?","$","M","R","E","M","T","M","E","M","R","M","R","B",null,"M","?","M","?","?","R","T","R","T","R","M","$","?","M","R","B","B",null],"character_chosen":"IRONCLAD","items_purchased":["Twin Strike","Gambling Chip"],"campfire_rested":2,"item_purchase_floors":[4,21],"current_hp_per_floor":[67,73,69,69,63,41,32,54,54,50,55,38,31,6,28,24,62,75,75,75,75,62,62,75,72,72,74,68,60,60,75,75,37,66,66,66,66,66,66,66,66,66,66,66,75,75,75,75,75,53,26],"gold":26,"neow_bonus":"BOSS_RELIC","is_prod":false,"is_daily":false,"chose_seed":false,"campfire_upgraded":7,"win_rate":0,"timestamp":1562349653,"path_taken":["M","M","M","$","M","E","M","R","T","E","M","E","?","?","R","BOSS","M","M","?","$","?","R","E","M","T","M","E","?","R","M","R","BOSS","M","?","?","?","?","R","?","R","T","R","?","?","?","M","R","BOSS","BOSS"],"build_version":"2019-07-01","purchased_purges":1,"victory":true,"max_hp_per_floor":[75,75,75,75,75,75,75,75,75,75,75,75,75,75,75,75,75,75,75,75,75,75,75,75,75,75,75,75,75,75,75,75,75,75,75,75,75,75,75,75,75,75,75,75,75,75,75,75,75,75,75],"card_choices":[{"not_picked":["Clothesline","Rage"],"picked":"Shrug It Off","floor":1},{"not_picked":["Entrench","True Grit"],"picked":"Perfected Strike","floor":2},{"not_picked":["Iron Wave","Ghostly Armor"],"picked":"Shrug It Off","floor":3},{"not_picked":["Rampage","Rage"],"picked":"Pommel Strike","floor":5},{"not_picked":["Flame Barrier","Shrug It Off"],"picked":"Pommel Strike","floor":6},{"not_picked":["True Grit","Flex"],"picked":"Offering","floor":7},{"not_picked":["Feel No Pain","Body Slam"],"picked":"Headbutt","floor":10},{"not_picked":["Heavy Blade","Seeing Red"],"picked":"Flex","floor":11},{"not_picked":["Warcry","Havoc"],"picked":"Perfected Strike","floor":12},{"not_picked":["Shockwave","Burning Pact"],"picked":"Pommel Strike","floor":14},{"not_picked":["Berserk","Brutality"],"picked":"Reaper","floor":16},{"not_picked":["Cleave","Anger"],"picked":"Shockwave","floor":18},{"not_picked":["Armaments","Clothesline","Body Slam"],"picked":"SKIP","floor":19},{"not_picked":["Thunderclap","Power Through"],"picked":"Twin Strike","floor":22},{"not_picked":["Armaments","Shrug It Off"],"picked":"Perfected Strike+1","floor":24},{"not_picked":["Armaments","Seeing Red"],"picked":"Twin Strike","floor":25},{"not_picked":["Whirlwind+1","Rampage","Berserk"],"picked":"SKIP","floor":27},{"not_picked":["Warcry","Spot Weakness"],"picked":"Metallicize","floor":28},{"not_picked":["Sword Boomerang+1","Flex+1"],"picked":"Perfected Strike","floor":29},{"not_picked":["Iron Wave","Thunderclap"],"picked":"Evolve","floor":31},{"not_picked":["Berserk","Reaper"],"picked":"Double Tap","floor":33},{"not_picked":["Headbutt+1"],"picked":"SKIP","floor":35},{"not_picked":["Entrench"],"picked":"SKIP","floor":37},{"not_picked":[],"picked":"Swift Strike","floor":38},{"not_picked":["Armaments+1"],"picked":"SKIP","floor":45},{"not_picked":[],"picked":"Uppercut","floor":48}],"player_experience":680343,"relics_obtained":[{"floor":6,"key":"Magic Flower"},{"floor":9,"key":"Ornamental Fan"},{"floor":10,"key":"Turnip"},{"floor":12,"key":"Pen Nib"},{"floor":24,"key":"Art of War"},{"floor":28,"key":"Vajra"}],"event_choices":[{"cards_removed":["Bash"],"damage_healed":0,"gold_gain":0,"player_choice":"Card Removal","damage_taken":7,"max_hp_gain":0,"max_hp_loss":0,"event_name":"Golden Wing","floor":13,"gold_loss":0},{"damage_healed":0,"gold_gain":0,"player_choice":"Searched \u00272\u0027 times","damage_taken":0,"relics_obtained":["StoneCalendar"],"max_hp_gain":0,"max_hp_loss":0,"event_name":"Dead Adventurer","floor":14,"gold_loss":0},{"damage_healed":0,"gold_gain":0,"player_choice":"Upgraded","damage_taken":0,"max_hp_gain":0,"max_hp_loss":0,"event_name":"Upgrade Shrine","floor":20,"gold_loss":0,"cards_upgraded":["Flex"]},{"damage_healed":0,"gold_gain":0,"player_choice":"0 cards matched","damage_taken":0,"max_hp_gain":0,"max_hp_loss":0,"event_name":"Match and Keep!","floor":36,"gold_loss":0,"cards_obtained":[]},{"damage_healed":0,"gold_gain":0,"player_choice":"Memory 1","damage_taken":0,"max_hp_gain":0,"max_hp_loss":0,"event_name":"SensoryStone","floor":38,"gold_loss":0},{"damage_healed":0,"gold_gain":0,"player_choice":"Paid","damage_taken":0,"relics_obtained":["Red Mask"],"max_hp_gain":0,"max_hp_loss":0,"event_name":"Tomb of Lord Red Mask","floor":39,"gold_loss":311},{"damage_healed":0,"gold_gain":0,"player_choice":"Ignored","damage_taken":0,"max_hp_gain":0,"max_hp_loss":0,"event_name":"Mysterious Sphere","floor":47,"gold_loss":0}],"is_beta":false,"boss_relics":[{"not_picked":["Runic Pyramid","Lizard Tail"],"picked":"Cursed Key"},{"not_picked":["White Beast Statue","Tiny House"],"picked":"Busted Crown"}],"items_purged_floors":[4],"is_endless":false,"potions_floor_spawned":[2,10,11,12,14,16,22,24,29,33,35],"ascension_level":20}