{"path_per_floor":["M","?","$","M","M","E","$","?","T","R","M","M","M","M","R","B"],"character_chosen":"IRONCLAD","items_purchased":["Battle Trance","Block Potion","Energy Potion","Shrug It Off","Fire Potion","Anchor"],"gold_per_floor":[369,369,183,199,209,239,45,45,45,45,59,72,93,108,108,236],"floor_reached":17,"campfire_rested":0,"playtime":641,"current_hp_per_floor":[41,25,25,31,37,8,8,8,8,8,14,20,26,30,30,36],"items_purged":[],"gold":236,"play_id":"c903d6e7-72f5-4669-8813-e6c657afd95c","is_prod":false,"is_daily":false,"campfire_rituals":0,"campfire_upgraded":2,"is_hardmode":false,"path_taken":["M","?","$","M","M","E","$","?","T","R","M","M","M","M","R","BOSS"],"build_version":"2018-01-11-PROD2","purchased_purges":0,"victory":false,"master_deck":["Strike_R","Strike_R","Strike_R","Strike_R","Strike_R","Defend_R","Defend_R","Defend_R","Defend_R","Bash","Body Slam","Battle Trance","Shrug It Off","Shrug It Off","Pommel Strike","Body Slam","Body Slam","Impervious","Exhume"],"max_hp_per_floor":[80,80,80,80,80,80,80,74,74,74,74,74,74,74,74,74],"relics":["Burning Blood","Bag of Preparation","Anchor","Golden Idol","Red Skull","Velvet Choker"],"campfire_meditates":0,"card_choices":[{"not_picked":["Armaments","Pummel"],"picked":"Body Slam"},{"not_picked":["Sever Soul","Shockwave"],"picked":"Shrug It Off"},{"not_picked":["Flame Barrier","Warcry"],"picked":"Pommel Strike"},{"not_picked":["Feel No Pain","Armaments"],"picked":"Body Slam"},{"not_picked":["Pommel Strike","Cleave"],"picked":"Body Slam"},{"not_picked":["Ghostly Armor","Metallicize"],"picked":"Impervious"},{"not_picked":["Barricade","Bludgeon"],"picked":"Exhume"}],"player_experience":169788,"potions_floor_usage":[16,16],"damage_taken":[{"damage":5,"enemies":"2 Louse","floor":1,"turns":3},{"damage":0,"enemies":"Small Slimes","floor":4,"turns":4},{"damage":0,"enemies":"Cultist","floor":5,"turns":3},{"damage":35,"enemies":"Lagavulin","floor":6,"turns":8},{"damage":0,"enemies":"2 Fungi Beasts","floor":11,"turns":2},{"damage":0,"enemies":"Exordium Thugs","floor":12,"turns":3},{"damage":0,"enemies":"Large Slime","floor":13,"turns":2},{"damage":2,"enemies":"3 Louse","floor":14,"turns":3},{"damage":0,"enemies":"Slime Boss","floor":16,"turns":1}],"event_choices":[{"event_name":"Shining Light","player_choice":"Entered Light","floor":2,"damage_taken":0},{"event_name":"Golden Idol","player_choice":"Lose Max HP","floor":8,"damage_taken":0}],"boss_relics":[{"not_picked":["Lizard Tail","White Beast Statue"],"picked":"Velvet Choker"}],"potions_floor_spawned":[11,12,13],"seed_played":"6265044647037063934","is_trial":false}