{"gold_per_floor":[210,59,72,83,83,114,114,114,137,162,162],"floor_reached":11,"playtime":460,"items_purged":[],"score":88,"play_id":"39c8f0fd-1bc8-4433-b0e5-00c5a6109868","local_time":"20190425042018","is_ascension_mode":true,"campfire_choices":[],"neow_cost":"NONE","seed_source_timestamp":627942499462511,"circlet_count":0,"master_deck":["Strike_R+1","Strike_R","Strike_R+1","Strike_R","Strike_R","Defend_R","Defend_R","Defend_R","Defend_R","Bash","Reckless Charge","Pommel Strike","Sword Boomerang","Clothesline","Injury","Pain","Armaments"],"relics":["Burning Blood","Bronze Scales","Lantern","Golden Idol","WarpedTongs","Regal Pillow"],"potions_floor_usage":[6],"damage_taken":[{"damage":3,"enemies":"Small Slimes","floor":1,"turns":3},{"damage":8,"enemies":"2 Louse","floor":3,"turns":3},{"damage":0,"enemies":"Cultist","floor":4,"turns":2},{"damage":33,"enemies":"Lagavulin","floor":6,"turns":5},{"damage":17,"enemies":"Red Slaver","floor":10,"turns":2},{"damage":27,"enemies":"Large Slime","floor":11,"turns":5}],"seed_played":"-1923997150046044873","potions_obtained":[{"floor":4,"key":"SkillPotion"}],"is_trial":false,"path_per_floor":["M","$","M","M","?","E","?","?","T","M","M"],"character_chosen":"IRONCLAD","items_purchased":["Bronze Scales"],"campfire_rested":0,"item_purchase_floors":[2],"current_hp_per_floor":[80,80,78,80,64,37,37,37,37,26,0],"gold":162,"neow_bonus":"HUNDRED_GOLD","is_prod":false,"is_daily":false,"chose_seed":false,"campfire_upgraded":0,"win_rate":0,"timestamp":1556180418,"path_taken":["M","$","M","M","?","E","?","?","T","M","?"],"build_version":"2019-01-23","purchased_purges":0,"victory":false,"max_hp_per_floor":[80,80,80,80,80,80,80,80,80,80,80],"card_choices":[{"not_picked":["Havoc","Flex"],"picked":"Reckless Charge","floor":1},{"not_picked":["Feel No Pain","Seeing Red"],"picked":"Pommel Strike","floor":3},{"not_picked":["Clash","Body Slam"],"picked":"Sword Boomerang","floor":4},{"not_picked":["Impervious","Twin Strike"],"picked":"Clothesline","floor":6},{"not_picked":["Sword Boomerang","Clothesline"],"picked":"Armaments","floor":10}],"player_experience":226901,"relics_obtained":[{"floor":6,"key":"Lantern"},{"floor":9,"key":"Regal Pillow"}],"event_choices":[{"damage_healed":0,"gold_gain":0,"player_choice":"Entered Light","damage_taken":16,"max_hp_gain":0,"max_hp_loss":0,"event_name":"Shining Light","floor":5,"gold_loss":0,"cards_upgraded":["Strike_R","Strike_R"]},{"damage_healed":0,"gold_gain":0,"player_choice":"Take Wound","damage_taken":0,"relics_obtained":["Golden Idol"],"max_hp_gain":0,"max_hp_loss":0,"event_name":"Golden Idol","floor":7,"gold_loss":0,"cards_obtained":["Injury"]},{"damage_healed":0,"gold_gain":0,"player_choice":"Rummage","damage_taken":0,"relics_obtained":["WarpedTongs"],"max_hp_gain":0,"max_hp_loss":0,"event_name":"Accursed Blacksmith","floor":8,"gold_loss":0,"cards_obtained":["Pain"]}],"is_beta":false,"boss_relics":[],"items_purged_floors":[],"is_endless":false,"potions_floor_spawned":[4],"killed_by":"Large Slime","ascension_level":4}