{"gold_per_floor":[114,130,130,143,93,93,120,180,205,231,251,270,270,288,288,288],"floor_reached":16,"playtime":678,"items_purged":[],"score":134,"play_id":"83ceee26-80b3-46ad-b5a0-e8cd9c029f0b","local_time":"20190418042844","is_ascension_mode":true,"campfire_choices":[{"data":"Bash","floor":6,"key":"SMITH"},{"data":"True Grit","floor":13,"key":"SMITH"},{"floor":15,"key":"REST"}],"neow_cost":"NONE","seed_source_timestamp":23427592045397,"circlet_count":0,"master_deck":["Strike_R","Strike_R","Strike_R","Strike_R","Defend_R","Defend_R","Defend_R","Defend_R","Bash+1","Sword Boomerang","Cleave","Shrug It Off","True Grit+1","Battle Trance","Heavy Blade","Pommel Strike","Body Slam","Sword Boomerang"],"relics":["Burning Blood","Red Skull","Potion Belt","Oddly Smooth Stone"],"potions_floor_usage":[8,10,11],"damage_taken":[{"damage":2,"enemies":"Jaw Worm","floor":1,"turns":3},{"damage":6,"enemies":"2 Louse","floor":2,"turns":2},{"damage":15,"enemies":"Small Slimes","floor":4,"turns":3},{"damage":45,"enemies":"3 Sentries","floor":7,"turns":10},{"damage":16,"enemies":"Gremlin Nob","floor":8,"turns":3},{"damage":16,"enemies":"Gremlin Nob","floor":10,"turns":3},{"damage":0,"enemies":"Blue Slaver","floor":11,"turns":2},{"damage":5,"enemies":"3 Louse","floor":12,"turns":3},{"damage":11,"enemies":"Looter","floor":14,"turns":2},{"damage":49,"enemies":"Slime Boss","floor":16,"turns":7}],"seed_played":"1541422841460481774","potions_obtained":[{"floor":4,"key":"PowerPotion"},{"floor":7,"key":"Fire Potion"},{"floor":8,"key":"Explosive Potion"}],"is_trial":false,"path_per_floor":["M","M","?","M","?","R","E","?","T","E","M","M","R","M","R","B"],"character_chosen":"IRONCLAD","items_purchased":[],"campfire_rested":1,"item_purchase_floors":[],"current_hp_per_floor":[88,88,88,79,79,79,40,30,30,20,26,27,27,22,48,0],"gold":288,"neow_bonus":"TEN_PERCENT_HP_BONUS","is_prod":false,"is_daily":false,"chose_seed":false,"campfire_upgraded":2,"win_rate":0,"timestamp":1555576124,"path_taken":["M","M","?","M","?","R","E","?","T","E","M","?","R","M","R","BOSS"],"build_version":"2019-01-23","purchased_purges":0,"victory":false,"max_hp_per_floor":[88,88,88,88,88,88,88,88,88,88,88,88,88,88,88,88],"card_choices":[{"not_picked":["Thunderclap","Dual Wield"],"picked":"Sword Boomerang","floor":1},{"not_picked":["Warcry","Twin Strike"],"picked":"Cleave","floor":2},{"not_picked":["Havoc","Reckless Charge"],"picked":"Shrug It Off","floor":4},{"not_picked":["Infernal Blade","Anger"],"picked":"True Grit","floor":7},{"not_picked":["Warcry","Havoc"],"picked":"Battle Trance","floor":8},{"not_picked":["Iron Wave","Brutality"],"picked":"Heavy Blade","floor":10},{"not_picked":["Clash","Sword Boomerang"],"picked":"Pommel Strike","floor":11},{"not_picked":["Twin Strike","Cleave"],"picked":"Body Slam","floor":12},{"not_picked":["Cleave","Fire Breathing"],"picked":"Sword Boomerang","floor":14}],"player_experience":204726,"relics_obtained":[{"floor":7,"key":"Red Skull"},{"floor":8,"key":"Potion Belt"},{"floor":10,"key":"Oddly Smooth Stone"}],"event_choices":[{"damage_healed":0,"gold_gain":0,"player_choice":"Ignored","damage_taken":0,"max_hp_gain":0,"max_hp_loss":0,"event_name":"Liars Game","floor":3,"gold_loss":0},{"cards_removed":["Strike_R"],"damage_healed":0,"gold_gain":0,"player_choice":"Card Removal","damage_taken":0,"max_hp_gain":0,"max_hp_loss":0,"event_name":"The Cleric","floor":5,"gold_loss":50},{"damage_healed":0,"gold_gain":30,"player_choice":"Searched \u00273\u0027 times","damage_taken":0,"max_hp_gain":0,"max_hp_loss":0,"event_name":"Dead Adventurer","floor":8,"gold_loss":0}],"is_beta":false,"boss_relics":[],"items_purged_floors":[],"is_endless":false,"potions_floor_spawned":[4,7,8],"killed_by":"Slime Boss","ascension_level":4}