{"gold_per_floor":[118,130,130,141,216,245,245,269,294,294,308,363,363,373,373,478,478,496,16,16,16,34,64,64,77,146,166,182,182],"floor_reached":29,"playtime":1785,"items_purged":["Strike_G"],"score":344,"play_id":"05cc2cac-26a5-4979-8d54-6a5f14444de9","local_time":"20190727032112","is_ascension_mode":true,"campfire_choices":[{"floor":7,"key":"REST"},{"data":"Neutralize","floor":13,"key":"SMITH"},{"floor":15,"key":"REST"},{"floor":24,"key":"REST"}],"neow_cost":"NONE","seed_source_timestamp":3658425823298966,"circlet_count":0,"master_deck":["Strike_G","Strike_G","Strike_G","Defend_G","Defend_G","Defend_G","Defend_G","Defend_G","Survivor","Neutralize+1","Bouncing Flask","Masterful Stab","Dagger Throw","Dodge and Roll","Backflip","Caltrops","Deadly Poison","Die Die Die","Malaise+1","PiercingWail+1","Crippling Poison","Noxious Fumes","Backstab+1","A Thousand Cuts","Cloak And Dagger","PiercingWail"],"relics":["Ring of the Snake","Omamori","Odd Mushroom","Oddly Smooth Stone","Question Card","Tiny Chest","Velvet Choker","Matryoshka","Happy Flower","Paper Crane","Bottled Tornado"],"potions_floor_usage":[12,16,18],"damage_taken":[{"damage":4,"enemies":"Small Slimes","floor":1,"turns":3},{"damage":13,"enemies":"2 Louse","floor":2,"turns":4},{"damage":0,"enemies":"Jaw Worm","floor":4,"turns":3},{"damage":15,"enemies":"Gremlin Nob","floor":6,"turns":4},{"damage":11,"enemies":"The Mushroom Lair","floor":8,"turns":4},{"damage":0,"enemies":"2 Fungi Beasts","floor":11,"turns":3},{"damage":3,"enemies":"Lagavulin","floor":12,"turns":6},{"damage":0,"enemies":"Blue Slaver","floor":14,"turns":3},{"damage":29,"enemies":"Hexaghost","floor":16,"turns":8},{"damage":17,"enemies":"2 Thieves","floor":18,"turns":4},{"damage":0,"enemies":"Spheric Guardian","floor":22,"turns":5},{"damage":25,"enemies":"Book of Stabbing","floor":23,"turns":6},{"damage":5,"enemies":"Snecko","floor":25,"turns":5},{"damage":12,"enemies":"Sentry and Sphere","floor":27,"turns":4},{"damage":3,"enemies":"Centurion and Healer","floor":28,"turns":5},{"damage":21,"enemies":"Slavers","floor":29,"turns":1}],"seed_played":"-8434212779506885527","potions_obtained":[{"floor":1,"key":"Strength Potion"},{"floor":6,"key":"PowerPotion"},{"floor":11,"key":"GhostInAJar"},{"floor":14,"key":"GamblersBrew"},{"floor":22,"key":"SpeedPotion"},{"floor":23,"key":"Strength Potion"}],"is_trial":false,"path_per_floor":["M","M","?","M","?","E","R","?","T","T","M","E","R","M","R","B",null,"M","$","?","?","M","E","R","M","T","M","M","E"],"character_chosen":"THE_SILENT","items_purchased":["Crippling Poison","Noxious Fumes","Matryoshka"],"campfire_rested":3,"item_purchase_floors":[19,19,19],"current_hp_per_floor":[59,46,46,46,35,20,41,30,30,30,30,27,27,27,48,19,57,40,40,40,40,40,15,36,31,31,19,16,0],"gold":182,"neow_bonus":"REMOVE_CARD","is_prod":false,"is_daily":false,"chose_seed":false,"campfire_upgraded":1,"win_rate":0,"timestamp":1564212072,"path_taken":["M","M","?","M","?","E","R","?","T","?","M","E","R","?","R","BOSS","M","$","?","?","M","E","R","?","T","M","M","E"],"build_version":"2019-07-17","purchased_purges":1,"victory":false,"max_hp_per_floor":[70,70,70,70,70,70,70,70,70,70,70,70,70,70,70,70,70,70,70,70,70,70,70,70,70,70,70,70,70],"card_choices":[{"not_picked":["Cloak And Dagger","Underhanded Strike"],"picked":"Bouncing Flask","floor":1},{"not_picked":["Dodge and Roll","Slice"],"picked":"Masterful Stab","floor":2},{"not_picked":["Slice","Deflect"],"picked":"Dagger Throw","floor":4},{"not_picked":["Reflex","Bouncing Flask"],"picked":"Dodge and Roll","floor":6},{"not_picked":["Distraction","Dash"],"picked":"Backflip","floor":8},{"not_picked":["Backflip","Accuracy","Dodge and Roll"],"picked":"Caltrops","floor":11},{"not_picked":["Dodge and Roll","Escape Plan","Poisoned Stab"],"picked":"Deadly Poison","floor":12},{"not_picked":["Reflex","Acrobatics","Bane"],"picked":"Die Die Die","floor":14},{"not_picked":["Tools of the Trade","Phantasmal Killer","Envenom"],"picked":"Malaise","floor":16},{"not_picked":["Acrobatics","Eviscerate","Dagger Spray"],"picked":"PiercingWail+1","floor":18},{"not_picked":["Dagger Throw+1","Blade Dance+1","Predator"],"picked":"Backstab+1","floor":22},{"not_picked":["Masterful Stab","Prepared","Concentrate"],"picked":"A Thousand Cuts","floor":23},{"not_picked":["Dagger Spray+1","Outmaneuver","Flying Knee"],"picked":"Cloak And Dagger","floor":25},{"not_picked":["Underhanded Strike+1","Bouncing Flask","Endless Agony","Accuracy"],"picked":"SKIP","floor":27},{"not_picked":["Deadly Poison","Dagger Throw","Acrobatics"],"picked":"PiercingWail","floor":28}],"player_experience":350776,"relics_obtained":[{"floor":6,"key":"Omamori"},{"floor":8,"key":"Odd Mushroom"},{"floor":9,"key":"Oddly Smooth Stone"},{"floor":10,"key":"Question Card"},{"floor":12,"key":"Tiny Chest"},{"floor":23,"key":"Happy Flower"},{"floor":26,"key":"Paper Crane"},{"floor":26,"key":"Bottled Tornado"}],"event_choices":[{"damage_healed":0,"gold_gain":0,"player_choice":"Ignored","damage_taken":0,"max_hp_gain":0,"max_hp_loss":0,"event_name":"Liars Game","floor":3,"gold_loss":0},{"damage_healed":0,"gold_gain":75,"player_choice":"Gather Gold","damage_taken":11,"max_hp_gain":0,"max_hp_loss":0,"event_name":"World of Goop","floor":5,"gold_loss":0},{"damage_healed":0,"gold_gain":0,"player_choice":"Fought Mushrooms","damage_taken":0,"max_hp_gain":0,"max_hp_loss":0,"event_name":"Mushrooms","floor":8,"gold_loss":0},{"damage_healed":0,"gold_gain":0,"player_choice":"Ignored","damage_taken":0,"max_hp_gain":0,"max_hp_loss":0,"event_name":"The Mausoleum","floor":20,"gold_loss":0},{"damage_healed":0,"gold_gain":0,"player_choice":"Upgraded","damage_taken":0,"max_hp_gain":0,"max_hp_loss":0,"event_name":"Upgrade Shrine","floor":21,"gold_loss":0,"cards_upgraded":["Malaise"]}],"is_beta":false,"boss_relics":[{"not_picked":["Coffee Dripper","Philosopher\u0027s Stone"],"picked":"Velvet Choker"}],"items_purged_floors":[19],"is_endless":false,"potions_floor_spawned":[1,6,11,14,22,23],"killed_by":"Slavers","ascension_level":7}