{"gold_per_floor":[119,135,153,153,153,185,185,218,218,218,232,242,242,260,260,260],"floor_reached":16,"playtime":590,"items_purged":[],"score":151,"play_id":"31971b94-8053-4e7c-b65e-b8dc30c626ae","local_time":"20190802195144","is_ascension_mode":true,"campfire_choices":[{"floor":7,"key":"REST"},{"floor":13,"key":"REST"},{"data":"Neutralize","floor":15,"key":"SMITH"}],"neow_cost":"NONE","seed_source_timestamp":4237449020956237,"circlet_count":0,"master_deck":["Strike_G","Strike_G","Strike_G+1","Strike_G","Defend_G","Defend_G","Defend_G","Defend_G","Defend_G+1","Survivor","Neutralize+1","Flying Knee","Infinite Blades","Leg Sweep","Blade Dance","Prepared","Backflip","Blur","Deflect"],"relics":["Ring of the Snake","Mummified Hand","Boot","Calipers","Bottled Tornado"],"potions_floor_usage":[],"damage_taken":[{"damage":8,"enemies":"Jaw Worm","floor":1,"turns":5},{"damage":1,"enemies":"2 Louse","floor":2,"turns":3},{"damage":0,"enemies":"Cultist","floor":3,"turns":3},{"damage":24,"enemies":"Gremlin Nob","floor":6,"turns":5},{"damage":14,"enemies":"Lagavulin","floor":8,"turns":7},{"damage":1,"enemies":"Blue Slaver","floor":11,"turns":3},{"damage":26,"enemies":"Gremlin Gang","floor":12,"turns":5},{"damage":14,"enemies":"3 Louse","floor":14,"turns":3},{"damage":23,"enemies":"Slime Boss","floor":16,"turns":3}],"seed_played":"-9027384710120338424","potions_obtained":[{"floor":6,"key":"EssenceOfSteel"},{"floor":8,"key":"GamblersBrew"},{"floor":14,"key":"Dexterity Potion"}],"is_trial":false,"path_per_floor":["M","M","M","?","T","E","R","E","T","?","M","M","R","M","R","B"],"character_chosen":"THE_SILENT","items_purchased":[],"campfire_rested":2,"item_purchase_floors":[],"current_hp_per_floor":[62,61,61,46,46,22,45,31,31,31,30,4,27,13,13,0],"gold":260,"neow_bonus":"TEN_PERCENT_HP_BONUS","is_prod":false,"is_daily":false,"chose_seed":false,"campfire_upgraded":1,"win_rate":0,"timestamp":1564789904,"path_taken":["M","M","M","?","?","E","R","E","T","?","M","?","R","M","R","BOSS"],"build_version":"2019-07-17","purchased_purges":0,"victory":false,"max_hp_per_floor":[77,77,77,77,77,77,77,77,77,77,77,77,77,77,77,77],"card_choices":[{"not_picked":["Bane","Outmaneuver"],"picked":"Flying Knee","floor":1},{"not_picked":["Dodge and Roll","Bane"],"picked":"Infinite Blades","floor":2},{"not_picked":["Deflect","Dodge and Roll"],"picked":"Leg Sweep","floor":3},{"not_picked":["Setup","Doppelganger"],"picked":"Blade Dance","floor":6},{"not_picked":["Storm of Steel","Blade Dance"],"picked":"Prepared","floor":8},{"not_picked":["Escape Plan","Underhanded Strike"],"picked":"Backflip","floor":11},{"not_picked":["Acrobatics","Blade Dance"],"picked":"Blur","floor":12},{"not_picked":["Expertise","Skewer"],"picked":"Deflect","floor":14}],"player_experience":358415,"relics_obtained":[{"floor":5,"key":"Mummified Hand"},{"floor":6,"key":"Boot"},{"floor":8,"key":"Calipers"},{"floor":9,"key":"Bottled Tornado"}],"event_choices":[{"damage_healed":0,"gold_gain":0,"player_choice":"Entered Light","damage_taken":15,"max_hp_gain":0,"max_hp_loss":0,"event_name":"Shining Light","floor":4,"gold_loss":0,"cards_upgraded":["Strike_G","Defend_G"]},{"cards_removed":["Strike_G"],"damage_healed":0,"gold_gain":0,"player_choice":"Offered Basic","damage_taken":0,"max_hp_gain":0,"max_hp_loss":0,"event_name":"Bonfire Elementals","floor":10,"gold_loss":0}],"is_beta":false,"boss_relics":[],"items_purged_floors":[],"is_endless":false,"potions_floor_spawned":[6,8,14],"killed_by":"Slime Boss","ascension_level":7}