{"gold_per_floor":[113,188,299,312,312,312,329,329,329,354,365,365,418,429,429,429],"floor_reached":16,"playtime":727,"items_purged":[],"score":128,"play_id":"bd3d9b63-3df4-4a98-8ef0-281d21c888bf","local_time":"20190430174301","is_ascension_mode":true,"campfire_choices":[{"data":"Bash","floor":6,"key":"SMITH"},{"data":"Thunderclap","floor":8,"key":"SMITH"},{"data":"Shockwave","floor":12,"key":"SMITH"},{"data":"Barricade","floor":15,"key":"SMITH"}],"neow_cost":"NONE","seed_source_timestamp":1107839077841303,"circlet_count":0,"master_deck":["Strike_R","Strike_R","Strike_R","Strike_R","Strike_R","Defend_R","Defend_R","Defend_R","Defend_R","Bash+1","Heavy Blade","Iron Wave","Warcry","Thunderclap+1","Sentinel","Shockwave+1","Barricade+1"],"relics":["Burning Blood","infinitespire:ShieldingShard","infinitespire:Lucky Rock"],"potions_floor_usage":[10,16],"damage_taken":[{"damage":7,"enemies":"Small Slimes","floor":1,"turns":3},{"damage":16,"enemies":"Jaw Worm","floor":3,"turns":4},{"damage":1,"enemies":"Cultist","floor":4,"turns":3},{"damage":26,"enemies":"Large Slime","floor":7,"turns":8},{"damage":17,"enemies":"3 Sentries","floor":10,"turns":4},{"damage":13,"enemies":"Blue Slaver","floor":11,"turns":3},{"damage":13,"enemies":"Looter","floor":14,"turns":3},{"damage":28,"enemies":"The Guardian","floor":16,"turns":10}],"seed_played":"-5659514908785683173","potions_obtained":[{"floor":1,"key":"Explosive Potion"},{"floor":11,"key":"SpeedPotion"}],"is_trial":false,"path_per_floor":["M","?","M","M","?","R","M","R","T","E","M","R","T","M","R","B"],"character_chosen":"IRONCLAD","items_purchased":[],"campfire_rested":0,"item_purchase_floors":[],"current_hp_per_floor":[87,76,66,71,71,71,51,51,51,40,33,33,33,26,26,0],"gold":429,"neow_bonus":"TEN_PERCENT_HP_BONUS","is_prod":false,"is_daily":false,"chose_seed":false,"campfire_upgraded":4,"win_rate":0,"timestamp":1556660581,"path_taken":["M","?","M","M","?","R","M","R","T","E","M","R","?","M","R","BOSS"],"build_version":"2019-01-23","purchased_purges":0,"victory":false,"max_hp_per_floor":[88,88,88,88,88,88,88,88,88,88,88,88,88,88,88,88],"card_choices":[{"not_picked":["Body Slam","Warcry"],"picked":"Heavy Blade","floor":1},{"not_picked":["Cleave","ReplayReversal"],"picked":"Iron Wave","floor":3},{"not_picked":["Perfected Strike","Pummel"],"picked":"Warcry","floor":4},{"not_picked":["Berserk","Run Through"],"picked":"Thunderclap","floor":7},{"not_picked":["Headbutt","Blood for Blood"],"picked":"Sentinel","floor":10},{"not_picked":["Shrug It Off","Clash"],"picked":"Shockwave","floor":11},{"not_picked":["Pommel Strike","Heavy Blade"],"picked":"Barricade","floor":14}],"player_experience":244140,"relics_obtained":[{"floor":9,"key":"infinitespire:ShieldingShard"},{"floor":10,"key":"infinitespire:Lucky Rock"}],"event_choices":[{"damage_healed":0,"gold_gain":75,"player_choice":"Gather Gold","damage_taken":11,"max_hp_gain":0,"max_hp_loss":0,"event_name":"World of Goop","floor":2,"gold_loss":0},{"damage_healed":0,"gold_gain":0,"player_choice":"Ignored","damage_taken":0,"max_hp_gain":0,"max_hp_loss":0,"event_name":"Liars Game","floor":5,"gold_loss":0}],"is_beta":false,"boss_relics":[],"items_purged_floors":[],"is_endless":false,"potions_floor_spawned":[1,11],"killed_by":"The Guardian","ascension_level":5}