{"gold_per_floor":[116,116,116,137,12,52,83,111,123,153,203,215,251,287,299,436,448,479,507,532,544,569,581],"floor_reached":23,"playtime":3334,"items_purged":["Shame"],"score":207,"play_id":"89e4f80b-c11b-4d49-bd95-fb54d359cd82","local_time":"20190306014829","is_ascension_mode":false,"campfire_choices":[{"data":"Go for the Eyes","floor":12,"key":"SMITH"},{"floor":15,"key":"REST"}],"neow_cost":"NONE","seed_source_timestamp":678902766374464,"circlet_count":0,"master_deck":["Strike_B","Strike_B","Defend_B","Defend_B","Defend_B","Zap","Dualcast","Go for the Eyes","Static Discharge","Go for the Eyes+1","Self Repair","Cold Snap","Steam Power","Seek","Coolheaded","Cold Snap","Tempest","Defragment","Compile Driver","Creative AI","Reprogram+1","Melter+1","Melter+1","Go for the Eyes+1","Conserve Battery+1","Conserve Battery+1","Barrage"],"relics":["Cracked Core","Golden Idol","MawBank","Ancient Tea Set","Pantograph","Astrolabe","Nilry\u0027s Codex"],"potions_floor_usage":[16,16,18,22],"damage_taken":[{"damage":1,"enemies":"2 Louse","floor":1,"turns":2},{"damage":2,"enemies":"Small Slimes","floor":4,"turns":5},{"damage":32,"enemies":"3 Sentries","floor":6,"turns":9},{"damage":0,"enemies":"Cultist","floor":7,"turns":3},{"damage":4,"enemies":"Blue Slaver","floor":8,"turns":4},{"damage":4,"enemies":"2 Fungi Beasts","floor":10,"turns":4},{"damage":13,"enemies":"Lagavulin","floor":11,"turns":6},{"damage":16,"enemies":"Gremlin Gang","floor":13,"turns":5},{"damage":3,"enemies":"Blue Slaver","floor":14,"turns":6},{"damage":25,"enemies":"Hexaghost","floor":16,"turns":10},{"damage":35,"enemies":"2 Thieves","floor":18,"turns":4},{"damage":5,"enemies":"Chosen","floor":19,"turns":5},{"damage":9,"enemies":"Snake Plant","floor":20,"turns":4},{"damage":7,"enemies":"Shelled Parasite and Fungi","floor":22,"turns":8},{"damage":45,"enemies":"Gremlin Leader","floor":23,"turns":5}],"seed_played":"-6678354126172125729","potions_obtained":[{"floor":1,"key":"FearPotion"},{"floor":10,"key":"Dexterity Potion"},{"floor":11,"key":"Dexterity Potion"},{"floor":16,"key":"Fruit Juice"},{"floor":18,"key":"FearPotion"},{"floor":20,"key":"GamblersBrew"}],"is_trial":false,"path_per_floor":["M","?","?","M","$","E","M","M","T","M","E","R","M","M","R","B",null,"M","M","M","?","M","E"],"character_chosen":"DEFECT","items_purchased":["Cold Snap"],"campfire_rested":1,"item_purchase_floors":[5],"current_hp_per_floor":[81,61,61,59,59,34,41,44,44,47,41,41,32,36,60,64,82,59,54,52,36,36,0],"gold":581,"neow_bonus":"TEN_PERCENT_HP_BONUS","is_prod":false,"is_daily":false,"chose_seed":false,"campfire_upgraded":1,"win_rate":0.0,"timestamp":1551854909,"path_taken":["M","?","?","M","$","E","?","M","T","M","E","R","M","M","R","BOSS","M","M","M","?","M","E"],"build_version":"2019-01-23","purchased_purges":1,"victory":false,"max_hp_per_floor":[82,82,82,82,82,82,82,82,82,82,82,82,82,82,82,82,82,87,87,87,87,87,87],"card_choices":[{"not_picked":["Double Energy","Streamline"],"picked":"Go for the Eyes","floor":1},{"not_picked":["Scrape","Ball Lightning"],"picked":"Self Repair","floor":4},{"not_picked":["Redo","Go for the Eyes"],"picked":"Steam Power","floor":6},{"not_picked":["Conserve Battery","Double Energy"],"picked":"Seek","floor":7},{"not_picked":["Streamline","Cold Snap"],"picked":"Coolheaded","floor":8},{"not_picked":["Streamline","Rebound"],"picked":"Cold Snap","floor":10},{"not_picked":["Doom and Gloom","Beam Cell"],"picked":"Tempest","floor":11},{"not_picked":["Ball Lightning","Capacitor"],"picked":"Defragment","floor":13},{"not_picked":["Static Discharge","Hello World"],"picked":"Compile Driver","floor":14},{"not_picked":["Seek","Meteor Strike"],"picked":"Creative AI","floor":16},{"not_picked":["Rebound","Turbo+1"],"picked":"Go for the Eyes+1","floor":18},{"not_picked":["Leap","Gash"],"picked":"Conserve Battery+1","floor":19},{"not_picked":["Force Field","Hello World+1"],"picked":"Conserve Battery+1","floor":20},{"not_picked":["Aggregate","Redo"],"picked":"Barrage","floor":22}],"player_experience":65326,"relics_obtained":[{"floor":6,"key":"MawBank"},{"floor":9,"key":"Ancient Tea Set"},{"floor":11,"key":"Pantograph"},{"floor":21,"key":"Nilry\u0027s Codex"}],"event_choices":[{"damage_healed":0,"gold_gain":0,"player_choice":"Take Damage","damage_taken":20,"relics_obtained":["Golden Idol"],"max_hp_gain":0,"max_hp_loss":0,"event_name":"Golden Idol","floor":2,"gold_loss":0},{"damage_healed":0,"gold_gain":0,"player_choice":"3 cards matched","damage_taken":0,"max_hp_gain":0,"max_hp_loss":0,"event_name":"Match and Keep!","floor":3,"gold_loss":0,"cards_obtained":["Shame","Static Discharge","Go for the Eyes"]},{"damage_healed":0,"gold_gain":0,"player_choice":"Obtained Book","damage_taken":16,"max_hp_gain":0,"max_hp_loss":0,"event_name":"Cursed Tome","floor":21,"gold_loss":0}],"is_beta":false,"boss_relics":[{"not_picked":["Tiny House","FrozenCore"],"picked":"Astrolabe"}],"items_purged_floors":[5],"is_endless":false,"potions_floor_spawned":[1,10,11,14,16,18,20],"killed_by":"Gremlin Leader","ascension_level":0}