{"gold_per_floor":[144,219,63,83,83,117,117,134,157,157,157,157,169,187,187,286,286,302,302,318,329,344,344,354,354,354,354,56,76,92,92,92,191,191,202,217,217,233,251,251,161,188,214,214],"floor_reached":44,"playtime":2410,"items_purged":["Strike_B"],"score":553,"play_id":"d89759a2-875c-42cc-b707-fd201e651618","local_time":"20190413000719","is_ascension_mode":true,"campfire_choices":[{"floor":7.0,"key":"REST"},{"data":"Zap","floor":10.0,"key":"SMITH"},{"data":"Buffer","floor":12.0,"key":"SMITH"},{"floor":15.0,"key":"REST"},{"floor":23.0,"key":"REST"},{"floor":25,"key":"REST"},{"data":"Conserve Battery","floor":27,"key":"SMITH"},{"data":"Capacitor","floor":32,"key":"SMITH"},{"data":"Buffer","floor":40,"key":"SMITH"}],"neow_cost":"NONE","seed_source_timestamp":0,"circlet_count":0,"master_deck":["Strike_B","Strike_B","Strike_B+1","Defend_B","Defend_B","Defend_B","Zap+1","Dualcast+1","Go for the Eyes","Glacier","Buffer+1","Glacier","Go for the Eyes+1","BootSequence","Electrodynamics","Ball Lightning","Buffer+1","Conserve Battery+1","BootSequence","Blizzard+1","Ball Lightning+1","Capacitor+1","All For One","Chaos+1","Buffer+1","Self Repair+1","Go for the Eyes"],"special_seed":0,"relics":["Cracked Core","Tiny Chest","Vajra","Omamori","White Beast Statue","Emotion Chip","Unceasing Top","Runic Dome","Cables","Orichalcum"],"potions_floor_usage":[30,30,35,42],"damage_taken":[{"damage":10.0,"enemies":"Small Slimes","floor":1.0,"turns":3.0},{"damage":0.0,"enemies":"Cultist","floor":4.0,"turns":4.0},{"damage":12.0,"enemies":"3 Sentries","floor":6.0,"turns":11.0},{"damage":0.0,"enemies":"2 Louse","floor":8.0,"turns":2.0},{"damage":15.0,"enemies":"Lots of Slimes","floor":13.0,"turns":4.0},{"damage":0.0,"enemies":"Looter","floor":14.0,"turns":3.0},{"damage":6.0,"enemies":"Slime Boss","floor":16.0,"turns":15.0},{"damage":0.0,"enemies":"Shell Parasite","floor":18.0,"turns":9.0},{"damage":13.0,"enemies":"2 Thieves","floor":20.0,"turns":4.0},{"damage":9.0,"enemies":"Centurion and Healer","floor":21.0,"turns":7.0},{"damage":13.0,"enemies":"Chosen and Byrds","floor":22.0,"turns":5.0},{"damage":14.0,"enemies":"Snake Plant","floor":24.0,"turns":7.0},{"damage":0,"enemies":"Sentry and Sphere","floor":29,"turns":4},{"damage":11,"enemies":"Centurion and Healer","floor":30,"turns":6},{"damage":38,"enemies":"Champ","floor":33,"turns":19},{"damage":11,"enemies":"3 Darklings","floor":35,"turns":4},{"damage":5,"enemies":"Orb Walker","floor":36,"turns":4},{"damage":0,"enemies":"4 Shapes","floor":38,"turns":6},{"damage":17,"enemies":"Writhing Mass","floor":39,"turns":7},{"damage":26,"enemies":"Reptomancer","floor":42,"turns":8},{"damage":24,"enemies":"Jaw Worm Horde","floor":44,"turns":4}],"seed_played":"-2708797662818821223","potions_obtained":[{"floor":6.0,"key":"PowerPotion"},{"floor":14.0,"key":"Ancient Potion"},{"floor":16.0,"key":"SpeedPotion"},{"floor":18.0,"key":"Explosive Potion"},{"floor":20.0,"key":"GamblersBrew"},{"floor":21.0,"key":"PowerPotion"},{"floor":22.0,"key":"SteroidPotion"},{"floor":24.0,"key":"AttackPotion"},{"floor":29,"key":"Regen Potion"},{"floor":30,"key":"Block Potion"},{"floor":33,"key":"SmokeBomb"},{"floor":35,"key":"Ancient Potion"},{"floor":38,"key":"Explosive Potion"},{"floor":42,"key":"GamblersBrew"}],"is_trial":false,"path_per_floor":["M","?","$","M","?","E","R","M","T","R","?","R","M","M","R","B",null,"M","?","M","M","M","R","M","R","T","R","$","M","M","?","R","B",null,"M","M","?","M","M","R","?","E","T","M"],"character_chosen":"DEFECT","items_purchased":["Glacier","Unceasing Top"],"campfire_rested":4,"item_purchase_floors":[3,28],"current_hp_per_floor":[65,58,58,58,43,31,53,53,53,53,53,53,38,38,60,54,70,70,70,57,48,35,57,43,65,65,65,65,65,64,64,64,26,63,52,47,47,47,30,30,30,14,14,0],"gold":214,"neow_bonus":"RANDOM_COMMON_RELIC","is_prod":false,"is_daily":false,"chose_seed":false,"campfire_upgraded":5,"win_rate":0,"timestamp":1555128439,"path_taken":["M","?","$","?","?","E","R","M","T","R","?","R","M","?","R","BOSS","M","?","?","M","M","R","M","R","T","R","$","M","M","?","R","BOSS","M","M","?","M","M","R","?","E","T","?"],"build_version":"2019-01-23","purchased_purges":1,"victory":false,"max_hp_per_floor":[75,75,75,75,75,75,75,75,75,75,75,75,75,75,75,75,75,75,75,75,75,75,75,75,75,75,75,75,75,75,75,75,75,75,75,75,75,75,75,75,75,75,75,75],"card_choices":[{"not_picked":["Ball Lightning","Barrage"],"picked":"Go for the Eyes","floor":1.0},{"not_picked":["Steam","Rebound","Force Field"],"picked":"SKIP","floor":4.0},{"not_picked":["Barrage","Creative AI"],"picked":"Buffer","floor":6.0},{"not_picked":["Redo","Beam Cell"],"picked":"Glacier","floor":8.0},{"not_picked":["Barrage","FTL"],"picked":"Go for the Eyes","floor":13.0},{"not_picked":["Double Energy","Leap"],"picked":"BootSequence","floor":14.0},{"not_picked":["Machine Learning","Amplify"],"picked":"Electrodynamics","floor":16.0},{"not_picked":["Rip and Tear","Stack+1"],"picked":"Ball Lightning","floor":18.0},{"not_picked":["Streamline","Force Field"],"picked":"Conserve Battery","floor":20.0},{"not_picked":["Force Field","Streamline"],"picked":"BootSequence","floor":21.0},{"not_picked":["Leap","Redo"],"picked":"Blizzard+1","floor":22.0},{"not_picked":["Beam Cell","Redo","Electrodynamics"],"picked":"SKIP","floor":24.0},{"not_picked":["Streamline","Stack+1"],"picked":"Ball Lightning+1","floor":29},{"not_picked":["Redo","Barrage","Stack"],"picked":"SKIP","floor":30},{"not_picked":["Multi-Cast","Fission"],"picked":"All For One","floor":33},{"not_picked":["Skim","Go for the Eyes"],"picked":"Chaos+1","floor":35},{"not_picked":["Sweeping Beam","Rebound+1","Coolheaded"],"picked":"SKIP","floor":36},{"not_picked":["Reinforced Body","Sweeping Beam+1"],"picked":"Buffer","floor":38},{"not_picked":["Sweeping Beam","Conserve Battery+1"],"picked":"Self Repair+1","floor":39},{"not_picked":["Creative AI","Rebound"],"picked":"Go for the Eyes","floor":42}],"player_experience":156834,"relics_obtained":[{"floor":6.0,"key":"Vajra"},{"floor":9.0,"key":"Omamori"},{"floor":26,"key":"Emotion Chip"},{"floor":42,"key":"Cables"},{"floor":43,"key":"Orichalcum"}],"event_choices":[{"damage_healed":0.0,"max_hp_gain":0.0,"max_hp_loss":0.0,"gold_gain":75.0,"event_name":"FaceTrader","player_choice":"Touch","floor":2.0,"gold_loss":0.0,"damage_taken":7.0},{"damage_healed":0.0,"max_hp_gain":0.0,"max_hp_loss":0.0,"gold_gain":0.0,"event_name":"Shining Light","player_choice":"Entered Light","floor":5.0,"gold_loss":0.0,"damage_taken":15.0,"cards_upgraded":["Dualcast","Strike_B"]},{"damage_healed":0.0,"max_hp_gain":0.0,"max_hp_loss":0.0,"gold_gain":0.0,"event_name":"The Woman in Blue","player_choice":"Bought 0 Potions","floor":11.0,"gold_loss":0.0,"damage_taken":0.0},{"damage_healed":0.0,"max_hp_gain":0.0,"max_hp_loss":0.0,"gold_gain":0.0,"event_name":"Duplicator","player_choice":"Copied","floor":19.0,"gold_loss":0.0,"damage_taken":0.0,"cards_obtained":["Buffer"]},{"damage_healed":0,"gold_gain":0,"player_choice":"Read","damage_taken":0,"max_hp_gain":0,"max_hp_loss":0,"event_name":"The Library","floor":31,"gold_loss":0,"cards_obtained":["Capacitor"]},{"damage_healed":0,"gold_gain":0,"player_choice":"Ignored","damage_taken":0,"max_hp_gain":0,"max_hp_loss":0,"event_name":"Mysterious Sphere","floor":37,"gold_loss":0},{"cards_removed":["Defend_B"],"damage_healed":0,"gold_gain":0,"player_choice":"Upgrade and Remove","damage_taken":0,"max_hp_gain":0,"max_hp_loss":0,"event_name":"Designer","floor":41,"gold_loss":90,"cards_upgraded":["Go for the Eyes"]}],"is_beta":false,"boss_relics":[{"not_picked":["Runic Pyramid","Orrery"],"picked":"White Beast Statue"},{"not_picked":["Tiny House","Pandora\u0027s Box"],"picked":"Runic Dome"}],"items_purged_floors":[3],"is_endless":false,"potions_floor_spawned":[6,14,16,18,20,21,22,24,29,30,33,35,36,38,39,42],"killed_by":"Jaw Worm Horde","ascension_level":5}