{"gold_per_floor":[114,114,114,132,145,174,187,202,229,259,259,269,269,303,303,405,405,415,294,294,221,239,268,268,285,285,348,368,401,419,432,432,432],"floor_reached":33,"playtime":2551,"items_purged":["Strike_R"],"score":420,"play_id":"533eeb5f-4d98-4124-a375-e7979a08b276","local_time":"20190324022304","is_ascension_mode":true,"campfire_choices":[{"floor":13.0,"key":"REST"},{"data":"Bash","floor":15.0,"key":"SMITH"},{"data":"True Grit","floor":24.0,"key":"SMITH"},{"floor":32.0,"key":"REST"}],"neow_cost":"NONE","seed_source_timestamp":0,"circlet_count":0,"master_deck":["Strike_R","Strike_R+1","Strike_R","Defend_R+1","Defend_R","Defend_R+1","Defend_R","Bash+1","Shockwave","Reckless Charge","Spot Weakness","Clothesline","Body Slam","Disarm","Carnage+1","Ghostly Armor","Burning Pact","Iron Wave","Immolate","True Grit+1","Metallicize","Pommel Strike+1","Shrug It Off","Clumsy","Feed","Armaments"],"special_seed":0,"relics":["Burning Blood","Centennial Puzzle","Self Forming Clay","PreservedInsect","Lantern","Strawberry","War Paint","Cursed Key","Vajra","Tiny Chest","Shovel"],"potions_floor_usage":[33],"damage_taken":[{"damage":6.0,"enemies":"Jaw Worm","floor":1.0,"turns":4.0},{"damage":4.0,"enemies":"Cultist","floor":4.0,"turns":3.0},{"damage":12.0,"enemies":"Small Slimes","floor":5.0,"turns":3.0},{"damage":17.0,"enemies":"Gremlin Nob","floor":6.0,"turns":4.0},{"damage":6.0,"enemies":"2 Fungi Beasts","floor":7.0,"turns":3.0},{"damage":15.0,"enemies":"Gremlin Gang","floor":8.0,"turns":5.0},{"damage":23.0,"enemies":"3 Sentries","floor":10.0,"turns":5.0},{"damage":6.0,"enemies":"3 Louse","floor":12.0,"turns":2.0},{"damage":13.0,"enemies":"Lagavulin","floor":14.0,"turns":3.0},{"damage":19.0,"enemies":"Hexaghost","floor":16.0,"turns":7.0},{"damage":10.0,"enemies":"Spheric Guardian","floor":18.0,"turns":4.0},{"damage":13.0,"enemies":"3 Byrds","floor":22.0,"turns":5.0},{"damage":15.0,"enemies":"Book of Stabbing","floor":23.0,"turns":4.0},{"damage":19.0,"enemies":"Shelled Parasite and Fungi","floor":25.0,"turns":5.0},{"damage":25.0,"enemies":"Slavers","floor":27.0,"turns":4.0},{"damage":12.0,"enemies":"Chosen and Byrds","floor":28.0,"turns":4.0},{"damage":15.0,"enemies":"Book of Stabbing","floor":29.0,"turns":5.0},{"damage":0.0,"enemies":"Snecko","floor":30.0,"turns":5.0},{"damage":22.0,"enemies":"Sentry and Sphere","floor":31.0,"turns":6.0},{"damage":58,"enemies":"Champ","floor":33,"turns":10}],"seed_played":"-588489655578229608","potions_obtained":[{"floor":1.0,"key":"Weak Potion"},{"floor":4.0,"key":"Fire Potion"},{"floor":5.0,"key":"FearPotion"},{"floor":16.0,"key":"Strength Potion"},{"floor":22.0,"key":"SkillPotion"},{"floor":25.0,"key":"Strength Potion"},{"floor":27.0,"key":"AttackPotion"},{"floor":29.0,"key":"LiquidBronze"}],"is_trial":false,"path_per_floor":["M","?","T","M","M","E","M","M","T","E","?","M","R","E","R","B",null,"M","$","?","$","M","E","R","M","T","E","M","E","M","M","R","B"],"character_chosen":"IRONCLAD","items_purchased":["True Grit","Metallicize"],"campfire_rested":2,"item_purchase_floors":[19,21],"current_hp_per_floor":[80,77,77,79,73,62,62,53,53,43,26,26,52,45,45,32,87,83,83,83,83,76,67,67,54,54,35,32,23,32,19,47,0],"gold":432,"neow_bonus":"THREE_CARDS","is_prod":false,"is_daily":false,"chose_seed":false,"campfire_upgraded":2,"win_rate":0,"timestamp":1553408584,"path_taken":["M","?","?","M","M","E","?","M","T","E","?","M","R","E","R","BOSS","M","$","?","$","M","E","R","M","T","E","M","E","?","M","R","BOSS"],"build_version":"2019-01-23","purchased_purges":1,"victory":false,"max_hp_per_floor":[80,80,80,80,80,80,80,80,80,87,87,87,87,87,87,87,87,87,87,87,87,87,87,87,87,87,87,90,90,93,96,96,96],"card_choices":[{"not_picked":["Battle Trance","Wild Strike"],"picked":"Shockwave","floor":0.0},{"not_picked":["Clash","Thunderclap"],"picked":"Reckless Charge","floor":1.0},{"not_picked":["Clash","Rampage"],"picked":"Spot Weakness","floor":4.0},{"not_picked":["Sentinel","Twin Strike"],"picked":"Clothesline","floor":5.0},{"not_picked":["Thunderclap","Dropkick"],"picked":"Body Slam","floor":6.0},{"not_picked":["Thunderclap","Dual Wield"],"picked":"Disarm","floor":7.0},{"not_picked":["Clash","Spot Weakness"],"picked":"Carnage","floor":8.0},{"not_picked":["Rampage","Bludgeon"],"picked":"Ghostly Armor","floor":10.0},{"not_picked":["Dropkick","Anger"],"picked":"Burning Pact","floor":12.0},{"not_picked":["Carnage","Flex"],"picked":"Iron Wave","floor":14.0},{"not_picked":["Fiend Fire","Dark Embrace"],"picked":"Immolate","floor":16.0},{"not_picked":["Clothesline","Cleave","Anger"],"picked":"SKIP","floor":18.0},{"not_picked":["Sever Soul+1","Twin Strike+1","Reckless Charge"],"picked":"SKIP","floor":22.0},{"not_picked":["Berserk","Thunderclap"],"picked":"Pommel Strike+1","floor":23.0},{"not_picked":["Bloodletting","Hemokinesis"],"picked":"Shrug It Off","floor":25.0},{"not_picked":["Burning Pact","Dual Wield"],"picked":"Feed","floor":27.0},{"not_picked":["Rampage","Anger+1"],"picked":"Armaments","floor":28.0},{"not_picked":["Clothesline","True Grit","Havoc"],"picked":"SKIP","floor":29.0},{"not_picked":["Iron Wave","Blood for Blood","Clash+1"],"picked":"SKIP","floor":30.0},{"not_picked":["Perfected Strike+1","Body Slam","True Grit"],"picked":"SKIP","floor":31.0}],"player_experience":165386,"relics_obtained":[{"floor":3.0,"key":"Self Forming Clay"},{"floor":6.0,"key":"PreservedInsect"},{"floor":9.0,"key":"Lantern"},{"floor":10.0,"key":"Strawberry"},{"floor":14.0,"key":"War Paint"},{"floor":23.0,"key":"Vajra"},{"floor":27.0,"key":"Tiny Chest"},{"floor":29.0,"key":"Shovel"}],"event_choices":[{"damage_healed":0.0,"max_hp_gain":0.0,"max_hp_loss":0.0,"gold_gain":0.0,"event_name":"Scrap Ooze","player_choice":"Success","floor":2.0,"gold_loss":0.0,"damage_taken":3.0,"relics_obtained":["Centennial Puzzle"]},{"damage_healed":0.0,"max_hp_gain":0.0,"max_hp_loss":0.0,"gold_gain":0.0,"event_name":"Shining Light","player_choice":"Entered Light","floor":11.0,"gold_loss":0.0,"damage_taken":17.0,"cards_upgraded":["Strike_R","Carnage"]},{"cards_removed":["Strike_R"],"damage_healed":0.0,"max_hp_gain":0.0,"max_hp_loss":0.0,"gold_gain":0.0,"event_name":"Purifier","player_choice":"Purged","floor":20.0,"gold_loss":0.0,"damage_taken":0.0}],"is_beta":false,"boss_relics":[{"not_picked":["Orrery","Velvet Choker"],"picked":"Cursed Key"}],"items_purged_floors":[19],"is_endless":false,"potions_floor_spawned":[1,4,5,16,22,25,27,29,30],"killed_by":"Champ","ascension_level":4}