{"gold_per_floor":[109,69,81,100,117,152,172,21,21,21],"floor_reached":10,"playtime":793,"items_purged":["Strike_B"],"score":81,"play_id":"f86f5cd2-a3c0-4fb5-8af0-c6c2084ecd43","local_time":"20190322201618","is_ascension_mode":true,"campfire_choices":[],"neow_cost":"NONE","seed_source_timestamp":654454085193791,"circlet_count":0,"master_deck":["Strike_B","Strike_B","Strike_B","Defend_B","Defend_B","Defend_B","Defend_B","Zap","Dualcast","Cold Snap","Barrage","Genetic Algorithm","Compile Driver","Skim","Go for the Eyes","Chill","Steam","Coolheaded"],"relics":["Cracked Core","Calipers"],"potions_floor_usage":[6],"damage_taken":[{"damage":5,"enemies":"Jaw Worm","floor":1,"turns":3},{"damage":4,"enemies":"Cultist","floor":3,"turns":3},{"damage":5,"enemies":"Small Slimes","floor":4,"turns":3},{"damage":7,"enemies":"Exordium Wildlife","floor":5,"turns":4},{"damage":35,"enemies":"Lagavulin","floor":6,"turns":8},{"damage":13,"enemies":"Large Slime","floor":7,"turns":5},{"damage":14,"enemies":"Gremlin Nob","floor":10,"turns":3}],"seed_played":"5264974039815764093","potions_obtained":[{"floor":2,"key":"GamblersBrew"},{"floor":2,"key":"GamblersBrew"},{"floor":2,"key":"FocusPotion"},{"floor":3,"key":"SneckoOil"},{"floor":5,"key":"LiquidBronze"}],"is_trial":false,"path_per_floor":["M","?","M","M","M","E","M","$","T","E"],"character_chosen":"DEFECT","items_purchased":["Steam","Coolheaded"],"campfire_rested":0,"item_purchase_floors":[8,8],"current_hp_per_floor":[70,70,66,61,54,19,6,6,6,0],"gold":21,"neow_bonus":"THREE_CARDS","is_prod":false,"is_daily":false,"chose_seed":false,"campfire_upgraded":0,"win_rate":0,"timestamp":1553300178,"path_taken":["M","?","M","M","M","E","M","?","T","E"],"build_version":"2019-01-23","purchased_purges":1,"victory":false,"max_hp_per_floor":[75,75,75,75,75,75,75,75,75,75],"card_choices":[{"not_picked":["Ball Lightning","Genetic Algorithm"],"picked":"Cold Snap","floor":0},{"not_picked":["Beam Cell","Melter"],"picked":"Barrage","floor":1},{"not_picked":["Conserve Battery","Turbo"],"picked":"Genetic Algorithm","floor":3},{"not_picked":["Leap","Gash"],"picked":"Compile Driver","floor":4},{"not_picked":["Barrage","Steam Power"],"picked":"Skim","floor":5},{"not_picked":["Recycle","Tempest"],"picked":"Go for the Eyes","floor":6},{"not_picked":["Gash","Heatsinks"],"picked":"Chill","floor":7}],"player_experience":162444,"relics_obtained":[{"floor":6,"key":"Calipers"}],"event_choices":[{"damage_healed":0,"gold_gain":0,"player_choice":"Bought 3 Potions","damage_taken":0,"max_hp_gain":0,"max_hp_loss":0,"event_name":"The Woman in Blue","floor":2,"gold_loss":0}],"is_beta":false,"boss_relics":[],"items_purged_floors":[8],"is_endless":false,"potions_floor_spawned":[3,5],"killed_by":"Gremlin Nob","ascension_level":3}