{"gold_per_floor":[109,124,135,210,229,229,262,262,262,262,162,227,262,137,137,237,237,257,257,274,286,301,331,331,331],"floor_reached":25,"playtime":1094,"items_purged":["Strike_R","Strike_R"],"score":314,"play_id":"80ed3aa0-a82e-4d89-aba4-22f899766755","local_time":"20190801000128","is_ascension_mode":true,"campfire_choices":[{"data":"Bash","floor":6,"key":"SMITH"},{"floor":8,"key":"REST"},{"data":"Armaments","floor":15,"key":"SMITH"},{"floor":24,"key":"REST"}],"neow_cost":"NONE","seed_source_timestamp":4079128239879214,"circlet_count":0,"master_deck":["Strike_R","Strike_R","Strike_R","Defend_R","Defend_R","Defend_R","Defend_R","Bash+1","Inflame","Heavy Blade","Sword Boomerang","Spot Weakness","Inflame","Armaments+1","Fiend Fire","True Grit","Offering","Body Slam+1","Flame Barrier","Shrug It Off+1","Pommel Strike+1","Rampage","Armaments+1"],"relics":["Burning Blood","Bag of Preparation","Dream Catcher","Pear","Centennial Puzzle","Snecko Eye","Frozen Egg 2"],"potions_floor_usage":[7,13,16,23],"damage_taken":[{"damage":9,"enemies":"Small Slimes","floor":1,"turns":5},{"damage":3,"enemies":"2 Louse","floor":2,"turns":3},{"damage":6,"enemies":"Cultist","floor":3,"turns":3},{"damage":46,"enemies":"Gremlin Gang","floor":5,"turns":5},{"damage":25,"enemies":"Gremlin Nob","floor":7,"turns":4},{"damage":21,"enemies":"Gremlin Nob","floor":12,"turns":4},{"damage":13,"enemies":"3 Sentries","floor":13,"turns":6},{"damage":21,"enemies":"Hexaghost","floor":16,"turns":6},{"damage":14,"enemies":"Shell Parasite","floor":18,"turns":2},{"damage":6,"enemies":"Spheric Guardian","floor":20,"turns":1},{"damage":10,"enemies":"Centurion and Healer","floor":21,"turns":4},{"damage":30,"enemies":"Shelled Parasite and Fungi","floor":22,"turns":3},{"damage":25,"enemies":"Slavers","floor":23,"turns":4},{"damage":47,"enemies":"Book of Stabbing","floor":25,"turns":4}],"seed_played":"-1273898537110545030","potions_obtained":[{"floor":2,"key":"EssenceOfSteel"},{"floor":7,"key":"Ancient Potion"},{"floor":12,"key":"Block Potion"},{"floor":13,"key":"Regen Potion"},{"floor":21,"key":"EssenceOfSteel"},{"floor":22,"key":"EntropicBrew"},{"floor":23,"key":"SkillPotion"}],"is_trial":false,"path_per_floor":["M","M","M","?","M","R","E","R","T","?","$","?","E","$","R","B",null,"M","?","M","M","M","E","R","E"],"character_chosen":"IRONCLAD","items_purchased":["Armaments","True Grit"],"campfire_rested":2,"item_purchase_floors":[11,14],"current_hp_per_floor":[85,88,88,77,37,37,18,44,44,44,44,39,32,32,32,31,81,73,64,64,60,36,17,46,0],"gold":331,"neow_bonus":"TEN_PERCENT_HP_BONUS","is_prod":false,"is_daily":false,"chose_seed":false,"campfire_upgraded":2,"win_rate":0,"timestamp":1564632088,"path_taken":["M","M","M","?","M","R","E","R","T","?","$","?","E","$","R","BOSS","M","?","M","?","?","E","R","E"],"build_version":"2019-07-17","purchased_purges":2,"victory":false,"max_hp_per_floor":[88,88,88,88,88,88,88,88,88,88,88,98,98,98,98,98,98,98,98,98,98,98,98,98,98],"card_choices":[{"not_picked":["Warcry","Body Slam"],"picked":"Inflame","floor":1},{"not_picked":["Sword Boomerang","Clash"],"picked":"Heavy Blade","floor":2},{"not_picked":["Armaments","Sever Soul"],"picked":"Sword Boomerang","floor":3},{"not_picked":["Double Tap","Thunderclap"],"picked":"Spot Weakness","floor":5},{"not_picked":["Seeing Red","Pummel"],"picked":"Inflame","floor":7},{"not_picked":["Thunderclap","Armaments"],"picked":"Fiend Fire","floor":13},{"not_picked":["Demon Form","Double Tap"],"picked":"Offering","floor":16},{"not_picked":["Rupture","Entrench"],"picked":"Body Slam+1","floor":18},{"not_picked":["Whirlwind","Clash"],"picked":"Flame Barrier","floor":20},{"not_picked":["Headbutt","Armaments"],"picked":"Shrug It Off+1","floor":21},{"not_picked":["Demon Form","Inflame"],"picked":"Pommel Strike+1","floor":22},{"not_picked":["Infernal Blade","Inflame"],"picked":"Rampage","floor":23},{"not_picked":["Havoc+1","Spot Weakness"],"picked":"Armaments+1","floor":24}],"player_experience":355123,"relics_obtained":[{"floor":7,"key":"Bag of Preparation"},{"floor":9,"key":"Dream Catcher"},{"floor":12,"key":"Pear"},{"floor":13,"key":"Centennial Puzzle"},{"floor":23,"key":"Frozen Egg 2"}],"event_choices":[{"damage_healed":0,"gold_gain":75,"player_choice":"Gather Gold","damage_taken":11,"max_hp_gain":0,"max_hp_loss":0,"event_name":"World of Goop","floor":4,"gold_loss":0},{"damage_healed":0,"gold_gain":0,"player_choice":"Ignored","damage_taken":0,"max_hp_gain":0,"max_hp_loss":0,"event_name":"Liars Game","floor":10,"gold_loss":0},{"damage_healed":0,"gold_gain":0,"player_choice":"Searched \u00271\u0027 times","damage_taken":0,"max_hp_gain":0,"max_hp_loss":0,"event_name":"Dead Adventurer","floor":12,"gold_loss":0},{"damage_healed":0,"gold_gain":0,"player_choice":"","damage_taken":9,"max_hp_gain":0,"max_hp_loss":0,"event_name":"Knowing Skull","floor":19,"potions_obtained":[],"gold_loss":0,"cards_obtained":[]}],"is_beta":false,"boss_relics":[{"not_picked":["Calling Bell","Eternal Feather"],"picked":"Snecko Eye"}],"items_purged_floors":[11,14],"is_endless":false,"potions_floor_spawned":[2,7,12,13,21,22,23],"killed_by":"Book of Stabbing","ascension_level":5}