{"gold_per_floor":[110,123,223,240,240,240,340,361,361,349,72,72,106,106,106,106],"floor_reached":16,"playtime":553,"items_purged":[],"score":140,"play_id":"4453d53b-4bb3-49c0-8497-8e08ad0b5bb3","local_time":"20190731223738","is_ascension_mode":true,"campfire_choices":[{"data":"Blur","floor":6,"key":"SMITH"},{"floor":12,"key":"REST"},{"floor":15,"key":"REST"}],"neow_cost":"NONE","seed_source_timestamp":67715945132600,"circlet_count":0,"master_deck":["Strike_G","Strike_G","Strike_G","Strike_G","Strike_G","Defend_G","Defend_G","Defend_G","Defend_G","Survivor","Neutralize","Tools of the Trade","Poisoned Stab","PiercingWail","Blur+1","Infinite Blades","Sucker Punch","Caltrops","Backflip","Backstab"],"relics":["Ring of the Snake","Golden Idol","Question Card","Toolbox","Shuriken"],"potions_floor_usage":[16],"damage_taken":[{"damage":2,"enemies":"Cultist","floor":1,"turns":5},{"damage":0,"enemies":"Jaw Worm","floor":2,"turns":5},{"damage":1,"enemies":"Small Slimes","floor":4,"turns":4},{"damage":6,"enemies":"Blue Slaver","floor":8,"turns":5},{"damage":13,"enemies":"Exordium Thugs","floor":10,"turns":7},{"damage":44,"enemies":"Lagavulin","floor":13,"turns":9},{"damage":26,"enemies":"The Guardian","floor":16,"turns":8}],"seed_played":"6852036832548425455","potions_obtained":[{"floor":2,"key":"Energy Potion"},{"floor":10,"key":"Strength Potion"},{"floor":13,"key":"Fire Potion"}],"is_trial":false,"path_per_floor":["M","M","?","M","?","R","?","M","T","M","$","R","E","?","R","B"],"character_chosen":"THE_SILENT","items_purchased":["Caltrops","Toolbox"],"campfire_rested":2,"item_purchase_floors":[11,11],"current_hp_per_floor":[61,61,61,60,43,43,43,37,37,24,24,45,1,1,22,0],"gold":106,"neow_bonus":"ONE_RANDOM_RARE_CARD","is_prod":false,"is_daily":false,"chose_seed":false,"campfire_upgraded":1,"win_rate":0,"timestamp":1564627058,"path_taken":["M","?","?","?","?","R","?","M","T","?","$","R","E","?","R","BOSS"],"build_version":"2019-07-17","purchased_purges":0,"victory":false,"max_hp_per_floor":[70,70,70,70,70,70,70,70,70,70,70,70,70,70,70,70],"card_choices":[{"not_picked":["Dagger Throw","Deadly Poison"],"picked":"Poisoned Stab","floor":1},{"not_picked":["Flying Knee","Well Laid Plans"],"picked":"PiercingWail","floor":2},{"not_picked":["Skewer","Dagger Throw"],"picked":"Blur","floor":4},{"not_picked":["Predator","Blade Dance"],"picked":"Infinite Blades","floor":8},{"not_picked":["Flying Knee","Eviscerate","Poisoned Stab"],"picked":"Sucker Punch","floor":10},{"not_picked":["Finisher","Bane","Expertise"],"picked":"Backflip","floor":13}],"player_experience":245056,"relics_obtained":[{"floor":9,"key":"Question Card"},{"floor":13,"key":"Shuriken"}],"event_choices":[{"damage_healed":0,"gold_gain":100,"player_choice":"Pray","damage_taken":0,"max_hp_gain":0,"max_hp_loss":0,"event_name":"Golden Shrine","floor":3,"gold_loss":0},{"damage_healed":0,"gold_gain":0,"player_choice":"Take Damage","damage_taken":17,"relics_obtained":["Golden Idol"],"max_hp_gain":0,"max_hp_loss":0,"event_name":"Golden Idol","floor":5,"gold_loss":0},{"damage_healed":0,"gold_gain":100,"player_choice":"Gold","damage_taken":0,"max_hp_gain":0,"max_hp_loss":0,"event_name":"Wheel of Change","floor":7,"gold_loss":0},{"damage_healed":0,"gold_gain":0,"cards_transformed":["Defend_G"],"player_choice":"Change","damage_taken":0,"max_hp_gain":0,"max_hp_loss":0,"event_name":"Living Wall","floor":14,"gold_loss":0,"cards_obtained":["Backstab"]}],"is_beta":false,"boss_relics":[],"items_purged_floors":[],"is_endless":false,"potions_floor_spawned":[2,10,13],"killed_by":"The Guardian","ascension_level":8}