{"path_per_floor":["M","M","M","?","?","E","R","E","T","M","R","?","M","?","R","B",null,"M","?","M","M","$","R","E","M","T","$","E","?","M","M","R","B",null,"M","M","?","?","M","R","M","?","T","R","M","R"],"character_chosen":"IRONCLAD","items_purchased":["Vajra"],"gold_per_floor":[115,135,149,149,149,184,184,214,214,226,226,226,243,272,272,370,370,380,280,264,276,44,44,73,87,110,10,42,42,53,63,63,160,160,172,188,0,0,17,17,28,28,28,28,40,40],"floor_reached":47,"campfire_rested":0,"playtime":3167,"current_hp_per_floor":[78,83,81,65,65,58,58,50,50,59,59,56,58,64,64,25,93,79,79,67,64,64,64,55,53,53,53,49,49,55,71,71,69,109,109,113,113,113,113,113,113,103,103,113,100,110],"items_purged":["Defend_R","Strike_R"],"gold":40,"play_id":"6873813d-b87d-41ce-9a4b-f1c6727613c9","is_prod":false,"is_daily":false,"campfire_rituals":0,"campfire_upgraded":6,"is_hardmode":false,"path_taken":["M","M","M","?","?","E","R","E","T","?","R","?","M","?","R","BOSS","M","?","M","M","$","R","E","?","T","$","E","?","?","M","R","BOSS","M","M","?","?","M","R","M","?","T","R","M","R","E"],"build_version":"2018-01-04-PROD1","purchased_purges":2,"victory":false,"master_deck":["Strike_R","Strike_R","Defend_R","Defend_R","Defend_R","Whirlwind","Feed","Twin Strike","Seeing Red","Pommel Strike","Battle Trance","Warcry","Shrug It Off","Demon Form","Pommel Strike","J.A.X.","Pommel Strike","Body Slam","True Grit","Warcry","Twin Strike","Reaper","Body Slam","Thunderclap","J.A.X.","Flex","Madness","Madness"],"max_hp_per_floor":[80,83,83,83,83,86,86,86,86,89,89,89,93,93,93,93,93,93,93,93,93,93,93,97,101,101,101,105,105,105,105,105,109,109,109,113,113,113,113,113,113,113,113,113,113,113],"relics":["Black Blood","Meat on the Bone","Self Forming Clay","Sundial","Mummified Hand","Odd Mushroom","Vajra","Letter Opener","Bag of Preparation","Thread and Needle","Eternal Feather","Red Mask","Peace Pipe"],"campfire_meditates":0,"card_choices":[{"not_picked":["Perfected Strike","Power Through"],"picked":"Feed"},{"not_picked":["Body Slam","Dual Wield"],"picked":"Twin Strike"},{"not_picked":["Burning Pact","Fiend Fire"],"picked":"Seeing Red"},{"not_picked":["Rage","Pummel"],"picked":"Pommel Strike"},{"not_picked":["Corruption","Heavy Blade"],"picked":"Battle Trance"},{"not_picked":["True Grit","Shrug It Off"],"picked":"Warcry"},{"not_picked":["Burning Pact","True Grit"],"picked":"Shrug It Off"},{"not_picked":["Bludgeon","Brutality"],"picked":"Demon Form"},{"not_picked":["Flex","Bloodletting"],"picked":"Pommel Strike"},{"not_picked":["Seeing Red","Shrug It Off"],"picked":"Pommel Strike"},{"not_picked":["Clash","Sword Boomerang"],"picked":"Body Slam"},{"not_picked":["Burning Pact","Battle Trance"],"picked":"True Grit"},{"not_picked":["Headbutt","Reckless Charge"],"picked":"Warcry"},{"not_picked":["Headbutt","Pommel Strike"],"picked":"Twin Strike"},{"not_picked":["Brutality","Dark Embrace"],"picked":"Reaper"},{"not_picked":["True Grit","Clothesline"],"picked":"Body Slam"},{"not_picked":["Infernal Blade","Whirlwind"],"picked":"Thunderclap"},{"not_picked":["Anger","Twin Strike"],"picked":"Flex"}],"player_experience":6404,"potions_floor_usage":[6,16,16],"damage_taken":[{"damage":8,"enemies":"Small Slimes","floor":1,"turns":3},{"damage":1,"enemies":"Cultist","floor":2,"turns":3},{"damage":8,"enemies":"Jaw Worm","floor":3,"turns":5},{"damage":16,"enemies":"3 Sentries","floor":6,"turns":3},{"damage":26,"enemies":"Gremlin Nob","floor":8,"turns":4},{"damage":0,"enemies":"Exordium Wildlife","floor":10,"turns":3},{"damage":8,"enemies":"Exordium Thugs","floor":13,"turns":4},{"damage":0,"enemies":"The Mushroom Lair","floor":14,"turns":1},{"damage":57,"enemies":"Hexaghost","floor":16,"turns":10},{"damage":24,"enemies":"Shell Parasite","floor":18,"turns":8},{"damage":22,"enemies":"2 Thieves","floor":20,"turns":4},{"damage":13,"enemies":"Snecko","floor":21,"turns":4},{"damage":35,"enemies":"Slavers","floor":24,"turns":4},{"damage":28,"enemies":"Sentry and Sphere","floor":25,"turns":5},{"damage":30,"enemies":"Gremlin Leader","floor":28,"turns":6},{"damage":16,"enemies":"Centurion and Healer","floor":30,"turns":5},{"damage":6,"enemies":"Snecko","floor":31,"turns":3},{"damage":16,"enemies":"Champ","floor":33,"turns":8},{"damage":6,"enemies":"Orb Walker","floor":35,"turns":3},{"damage":23,"enemies":"3 Shapes","floor":36,"turns":5},{"damage":14,"enemies":"Maw","floor":39,"turns":6},{"damage":6,"enemies":"3 Darklings","floor":41,"turns":1},{"damage":23,"enemies":"Sphere and 2 Shapes","floor":45,"turns":1},{"damage":113,"enemies":"Nemesis","floor":47,"turns":9}],"event_choices":[{"event_name":"Shining Light","player_choice":"Entered Light","floor":4,"damage_taken":0},{"event_name":"The Lab","player_choice":"Got Potions","floor":5,"damage_taken":0},{"event_name":"Scrap Ooze","player_choice":"success","floor":12,"damage_taken":3},{"event_name":"Mushrooms","player_choice":"Fought Mushrooms","floor":14,"damage_taken":0},{"event_name":"Drug Dealer","player_choice":"Got JAXXED","floor":19,"damage_taken":0},{"event_name":"Upgrade Shrine","player_choice":"Upgraded","floor":29,"damage_taken":0},{"event_name":"Tomb of Lord Red Mask","player_choice":"Paid","floor":37,"damage_taken":0},{"event_name":"Duplicator","player_choice":"One dupe","floor":38,"damage_taken":0},{"event_name":"Winding Halls","player_choice":"Embrace Madness","floor":42,"damage_taken":0}],"boss_relics":[{"not_picked":["Snecko Eye","Question Card"],"picked":"Black Blood"},{"not_picked":["Tiny House","Astrolabe"],"picked":"Eternal Feather"}],"potions_floor_spawned":[3,13,14,20,25,28,31,41,45],"seed_played":"-3426598511684368636","killed_by":"Nemesis","is_trial":false}