{"path_per_floor":["M","M","$","?","M","E","R","M","T","M","?","E","M","E","R","B",null,"M","M","?","M","M","R","E","M","T","E","M","M","M","?","R","B",null,"M","?","M","$","M","E","$","E","T","R","?","?","?","M","R","B"],"character_chosen":"IRONCLAD","items_purchased":["Iron Wave","Membership Card","Apotheosis","Paper Frog"],"gold_per_floor":[111,128,4,4,16,42,42,62,115,130,130,165,177,210,210,315,315,333,352,252,263,281,281,308,325,325,355,368,379,391,391,391,495,495,515,515,528,160,179,212,14,46,46,46,46,0,0,12,12,12],"floor_reached":51,"campfire_rested":1,"playtime":4557,"current_hp_per_floor":[80,80,80,77,77,56,56,57,57,58,51,55,61,61,61,46,80,80,80,80,69,72,72,57,60,60,47,44,52,55,55,55,41,80,80,80,80,80,80,34,34,49,49,49,39,39,39,41,80,40],"items_purged":["Bash"],"gold":12,"play_id":"93c46327-779d-49e4-9518-cb38577ee2dc","is_prod":false,"is_daily":false,"campfire_rituals":0,"campfire_upgraded":5,"is_hardmode":false,"path_taken":["M","M","$","?","?","E","R","?","T","M","?","E","M","E","R","BOSS","M","M","?","M","?","R","E","M","T","E","M","M","M","?","R","BOSS","M","?","M","$","M","E","?","E","T","R","?","?","?","M","R","BOSS"],"build_version":"2018-01-11-PROD2","purchased_purges":1,"victory":true,"master_deck":["Strike_R","Strike_R","Strike_R","Strike_R","Defend_R","Defend_R","Defend_R","Defend_R","Pommel Strike","Pommel Strike","Iron Wave","Seeing Red","Evolve","Power Through","Fiend Fire","Pommel Strike","Flex","J.A.X.","Perfected Strike","Evolve","Wild Strike","Power Through","Warcry","Berserk","Regret","Flame Barrier","Apotheosis","Flex","Seeing Red","Madness","Madness","Fiend Fire","Pommel Strike"],"max_hp_per_floor":[80,80,80,80,80,80,80,80,80,80,80,80,80,80,80,80,80,80,80,80,80,80,80,80,80,80,80,80,80,80,80,80,80,80,80,80,80,80,80,80,80,80,80,80,80,80,80,80,80,80],"relics":["Burning Blood","Ancient Tea Set","Toolbox","Meat on the Bone","Anchor","War Paint","Pen Nib","Black Star","Centennial Puzzle","Bottled Flame","Red Skull","Toxic Egg","Omamori","Calling Bell","Dodecahedron","Prayer Wheel","Bag of Marbles","Membership Card","Vajra","Oddly Smooth Stone","Paper Frog","Regal Pillow","Juzu Bracelet","Champion Belt","Red Mask"],"campfire_meditates":0,"card_choices":[{"not_picked":["Dropkick","Cleave"],"picked":"Pommel Strike"},{"not_picked":["Heavy Blade","Pummel"],"picked":"Pommel Strike"},{"not_picked":["Dark Embrace","Whirlwind"],"picked":"Seeing Red"},{"not_picked":["Warcry","Wild Strike"],"picked":"Clothesline"},{"not_picked":["Pummel","Perfected Strike"],"picked":"Evolve"},{"not_picked":["Bloodletting","Perfected Strike"],"picked":"Power Through"},{"not_picked":["Dark Embrace","Impervious"],"picked":"Fiend Fire"},{"not_picked":["Twin Strike","Heavy Blade"],"picked":"Pommel Strike"},{"not_picked":["Rage","Combust"],"picked":"Flex"},{"not_picked":["Uppercut","Sever Soul"],"picked":"Perfected Strike"},{"not_picked":["Spot Weakness","Cleave"],"picked":"Evolve"},{"not_picked":["Headbutt","Brutality"],"picked":"Wild Strike"},{"not_picked":["Shrug It Off","Flame Barrier"],"picked":"Power Through"},{"not_picked":["Clash","Flame Barrier"],"picked":"Warcry"},{"not_picked":["Fiend Fire","Immolate"],"picked":"Berserk"},{"not_picked":["Corruption","Bludgeon"],"picked":"Flex"},{"not_picked":["Anger","Power Through"],"picked":"Seeing Red"},{"not_picked":["Combust","Inflame"],"picked":"Pommel Strike"}],"player_experience":27698,"potions_floor_usage":[6,10,16,18,22,24,33,33,40,40,50,50,50],"damage_taken":[{"damage":0,"enemies":"2 Louse","floor":1,"turns":3},{"damage":6,"enemies":"Jaw Worm","floor":2,"turns":4},{"damage":6,"enemies":"Blue Slaver","floor":5,"turns":4},{"damage":27,"enemies":"Lagavulin","floor":6,"turns":8},{"damage":17,"enemies":"Gremlin Gang","floor":8,"turns":5},{"damage":32,"enemies":"Large Slime","floor":10,"turns":11},{"damage":14,"enemies":"Gremlin Nob","floor":12,"turns":5},{"damage":0,"enemies":"2 Fungi Beasts","floor":13,"turns":4},{"damage":6,"enemies":"3 Sentries","floor":14,"turns":8},{"damage":33,"enemies":"The Guardian","floor":16,"turns":11},{"damage":0,"enemies":"Spheric Guardian","floor":18,"turns":2},{"damage":0,"enemies":"3 Byrds","floor":19,"turns":5},{"damage":17,"enemies":"Snake Plant","floor":21,"turns":3},{"damage":3,"enemies":"Chosen and Byrds","floor":22,"turns":3},{"damage":21,"enemies":"Gremlin Leader","floor":24,"turns":6},{"damage":3,"enemies":"Centurion and Healer","floor":25,"turns":3},{"damage":19,"enemies":"Book of Stabbing","floor":27,"turns":4},{"damage":21,"enemies":"Snake Plant","floor":28,"turns":3},{"damage":10,"enemies":"Snecko","floor":29,"turns":5},{"damage":3,"enemies":"Sentry and Sphere","floor":30,"turns":3},{"damage":32,"enemies":"Collector","floor":33,"turns":10},{"damage":0,"enemies":"Orb Walker","floor":35,"turns":1},{"damage":0,"enemies":"3 Shapes","floor":37,"turns":5},{"damage":5,"enemies":"Sphere and 2 Shapes","floor":39,"turns":5},{"damage":64,"enemies":"Giant Head","floor":40,"turns":8},{"damage":3,"enemies":"2 Orb Walkers","floor":42,"turns":3},{"damage":16,"enemies":"Maw","floor":48,"turns":6},{"damage":58,"enemies":"Donu and Deca","floor":50,"turns":11}],"event_choices":[{"event_name":"Scrap Ooze","player_choice":"success","floor":4,"damage_taken":3},{"event_name":"Golden Wing","player_choice":"Card Removal","floor":11,"damage_taken":0},{"event_name":"Drug Dealer","player_choice":"Got JAXXED","floor":20,"damage_taken":0},{"event_name":"Purifier","player_choice":"One Purge","floor":31,"damage_taken":0},{"event_name":"Match and Keep!","player_choice":"1 cards matched","floor":36,"damage_taken":0},{"event_name":"Winding Halls","player_choice":"Embrace Madness","floor":45,"damage_taken":0},{"event_name":"Tomb of Lord Red Mask","player_choice":"Paid","floor":46,"damage_taken":0},{"event_name":"Duplicator","player_choice":"One dupe","floor":47,"damage_taken":0}],"boss_relics":[{"not_picked":["Snecko Eye","Mark of Pain"],"picked":"Black Star"},{"not_picked":["Eternal Feather","Lizard Tail"],"picked":"Calling Bell"}],"potions_floor_spawned":[2,8,13,14,18,19,22,28,29,33,35,40,48],"seed_played":"7564027403024999549","is_trial":false}