{"gold_per_floor":[119,133,58,77,93,93,93,93,93,93,105,134,134,151,151,151],"floor_reached":16,"playtime":775,"items_purged":["Defend_G"],"score":133,"play_id":"4fc60b7c-598a-4a6e-87d2-560bf1dd9a9a","local_time":"20190426212937","is_ascension_mode":true,"campfire_choices":[{"data":"Neutralize","floor":6.0,"key":"SMITH"},{"data":"Adrenaline","floor":8.0,"key":"SMITH"},{"data":"Survivor","floor":10.0,"key":"SMITH"},{"floor":13,"key":"RECALL"},{"floor":15,"key":"REST"}],"neow_cost":"NONE","seed_source_timestamp":186938432887200,"circlet_count":0,"master_deck":["Defend_G","Defend_G","Defend_G","Defend_G","Strike_G","Strike_G","Strike_G","Strike_G","Survivor+1","Neutralize+1","Well Laid Plans","Adrenaline+1","Blur"],"special_seed":0,"relics":["Ring of the Snake","Centennial Puzzle","Omamori","Blue Candle"],"potions_floor_usage":[12,12,16],"damage_taken":[{"damage":0.0,"enemies":"Small Slimes","floor":1.0,"turns":4.0},{"damage":2.0,"enemies":"Cultist","floor":2.0,"turns":4.0},{"damage":4.0,"enemies":"Jaw Worm","floor":4.0,"turns":4.0},{"damage":1.0,"enemies":"Blue Slaver","floor":5.0,"turns":5.0},{"damage":0.0,"enemies":"Looter","floor":11.0,"turns":4.0},{"damage":10,"enemies":"3 Sentries","floor":12,"turns":9},{"damage":0,"enemies":"Large Slime","floor":14,"turns":6},{"damage":68,"enemies":"Hexaghost","floor":16,"turns":16}],"seed_played":"-4649542025840097261","potions_obtained":[{"floor":2.0,"key":"PowerPotion"},{"floor":4.0,"key":"SteroidPotion"},{"floor":5.0,"key":"GamblersBrew"},{"floor":12,"key":"Dexterity Potion"}],"is_trial":false,"path_per_floor":["M","M","$","M","M","R","?","R","T","R","M","E","R","M","R","B"],"character_chosen":"THE_SILENT","items_purchased":[],"campfire_rested":1,"item_purchase_floors":[],"current_hp_per_floor":[63,61,61,57,56,56,56,56,56,56,56,46,46,46,67,0],"gold":151,"neow_bonus":"RANDOM_COMMON_RELIC","is_prod":false,"is_daily":false,"chose_seed":false,"campfire_upgraded":3,"win_rate":0,"timestamp":1556328577,"path_taken":["M","M","$","M","M","R","?","R","T","R","M","E","R","M","R","BOSS"],"build_version":"2019-01-23","purchased_purges":1,"victory":false,"max_hp_per_floor":[70,70,70,70,70,70,70,70,70,70,70,70,70,70,70,70],"card_choices":[{"not_picked":["Acrobatics","Heel Hook","Calculated Gamble"],"picked":"SKIP","floor":1.0},{"not_picked":["Deadly Poison","Setup","Masterful Stab"],"picked":"SKIP","floor":2.0},{"not_picked":["Bane","Reflex","Sucker Punch"],"picked":"SKIP","floor":4.0},{"not_picked":["Slice","Sucker Punch"],"picked":"Well Laid Plans","floor":5.0},{"not_picked":["Dagger Spray","Distraction","Acrobatics"],"picked":"SKIP","floor":11.0},{"not_picked":["Poisoned Stab","Glass Knife","Prepared"],"picked":"SKIP","floor":12},{"not_picked":["Terror","Eviscerate"],"picked":"Blur","floor":14}],"player_experience":181665,"relics_obtained":[{"floor":9.0,"key":"Omamori"},{"floor":12,"key":"Blue Candle"}],"event_choices":[{"damage_healed":0.0,"max_hp_gain":0.0,"max_hp_loss":0.0,"gold_gain":0.0,"cards_transformed":["Strike_G"],"event_name":"Transmorgrifier","player_choice":"Transformed","floor":7.0,"gold_loss":0.0,"damage_taken":0.0,"cards_obtained":["Adrenaline"]}],"is_beta":false,"boss_relics":[],"items_purged_floors":[3],"is_endless":false,"potions_floor_spawned":[2,4,5,12],"killed_by":"Hexaghost","ascension_level":6}