{"gold_per_floor":[114,129,129,146,221,249,249,284,284,295,295,311,322,341,341,440,440,458,458,472,572,585,619,619,56,80,114,114,146,160,191,191,287,287,301,321,339,299,313,347,364,364,388,408,408,408,427,156,156,251,251,264,338,349,349,354,332],"floor_reached":57,"playtime":4156,"items_purged":["Bite"],"score":896,"play_id":"45c62f32-98bf-4b90-bf28-6cbcb818f86f","local_time":"20190501040507","is_ascension_mode":true,"campfire_choices":[{"floor":7.0,"key":"REST"},{"data":"Twin Strike","floor":11.0,"key":"SMITH"},{"floor":15.0,"key":"REST"},{"data":"Spot Weakness","floor":24.0,"key":"SMITH"},{"data":"Rampage","floor":28.0,"key":"SMITH"},{"data":"Whirlwind","floor":32.0,"key":"SMITH"},{"data":"Feed","floor":42,"key":"SMITH"},{"data":"Replay:Undeath\u0027s Touch","floor":45,"key":"SMITH"},{"data":"Body Slam","floor":49,"key":"SMITH"}],"neow_cost":"NONE","seed_source_timestamp":0,"circlet_count":0,"master_deck":["Defend_R","Defend_R","Defend_R+1","Defend_R","Bash+1","Twin Strike+1","True Grit+1","Rampage+1","Fiend Fire+1","Spot Weakness","Cleave","Shrug It Off","Whirlwind+1","Spot Weakness+1","Bite","Bite","Bite","Bite","Replay:Undeath\u0027s Touch+1","Barricade","Feed+1","Corruption","Shockwave+1","Disarm+1","Clothesline","Disarm+1","Defy Death+1","Bludgeon","Life Link","ReplayTheSpireMod:Muscle Training+1","ReplayTheSpireMod:Corrosion Curse+1","Feel No Pain","Body Slam+1","Sentinel+1","ReplayTheSpireMod:Strike From Hell","Flame Barrier+1"],"special_seed":0,"relics":["Burning Blood","War Paint","Anchor","Self Forming Clay","infinitespire:Satchel","Snecko Eye","infinitespire:Golems Mask","Bottled Flame","Toxic Egg 2","TheAbacus","infinitespire:Joker Card","Strawberry","Iron Hammer","infinitespire:PuzzleCube","ReplayTheSpireMod:Spearhead","Bag of Marbles","Velvet Choker","infinitespire:Lucky Rock","Juzu Bracelet","Happy Flower","Orrery","Dream Catcher"],"potions_floor_usage":[57],"damage_taken":[{"damage":12.0,"enemies":"2 Louse","floor":1.0,"turns":3.0},{"damage":8.0,"enemies":"Small Slimes","floor":2.0,"turns":3.0},{"damage":11.0,"enemies":"Jaw Worm","floor":4.0,"turns":2.0},{"damage":33.0,"enemies":"3 Sentries","floor":6.0,"turns":10.0},{"damage":47.0,"enemies":"Erikyupuro","floor":8.0,"turns":8.0},{"damage":0.0,"enemies":"Large Slime","floor":10.0,"turns":5.0},{"damage":0.0,"enemies":"Red Slaver","floor":12.0,"turns":2.0},{"damage":13.0,"enemies":"Gremlin Gang","floor":13.0,"turns":5.0},{"damage":10.0,"enemies":"Looter","floor":14.0,"turns":3.0},{"damage":37.0,"enemies":"Fading Forest","floor":16.0,"turns":11.0},{"damage":4.0,"enemies":"3 Byrds","floor":18.0,"turns":4.0},{"damage":19.0,"enemies":"Spheric Guardian","floor":20.0,"turns":4.0},{"damage":14.0,"enemies":"Colosseum Slavers","floor":21.0,"turns":3.0},{"damage":19.0,"enemies":"Colosseum Nobs","floor":21.0,"turns":4.0},{"damage":8.0,"enemies":"Cultist and Chosen","floor":22.0,"turns":5.0},{"damage":23.0,"enemies":"Book of Stabbing","floor":23.0,"turns":5.0},{"damage":3.0,"enemies":"Gremlin Leader","floor":27.0,"turns":4.0},{"damage":13.0,"enemies":"Slavers","floor":29.0,"turns":4.0},{"damage":1.0,"enemies":"3 Cultists","floor":30.0,"turns":4.0},{"damage":0.0,"enemies":"Nightmare","floor":31.0,"turns":5.0},{"damage":1.0,"enemies":"Champ","floor":33.0,"turns":10.0},{"damage":0,"enemies":"3 Darklings","floor":35,"turns":3},{"damage":0,"enemies":"Orb Walker","floor":36,"turns":2},{"damage":27,"enemies":"Sphere and 2 Shapes","floor":37,"turns":3},{"damage":16,"enemies":"4 Shapes","floor":39,"turns":4},{"damage":25,"enemies":"Giant Head","floor":40,"turns":7},{"damage":8,"enemies":"Writhing Mass","floor":41,"turns":3},{"damage":0,"enemies":"3 Darklings","floor":44,"turns":2},{"damage":11,"enemies":"Spire Growth","floor":47,"turns":4},{"damage":22,"enemies":"Donu and Deca","floor":50,"turns":5},{"damage":1,"enemies":"Cultist","floor":52,"turns":2},{"damage":0,"enemies":"Small Slimes","floor":54,"turns":2},{"damage":0,"enemies":"2 Louse","floor":56,"turns":2},{"damage":95,"enemies":"Nightmare_Alpha","floor":57,"turns":6}],"seed_played":"6193003486423834289","potions_obtained":[{"floor":1.0,"key":"Energy Potion"},{"floor":6.0,"key":"Languid Potion"},{"floor":8.0,"key":"Poison Potion"},{"floor":10.0,"key":"Weak Potion"},{"floor":13.0,"key":"Block Potion"},{"floor":14.0,"key":"Adrenaline Potion"},{"floor":21.0,"key":"AttackPotion"},{"floor":22.0,"key":"Swift Potion"},{"floor":23.0,"key":"Explosive Potion"},{"floor":27.0,"key":"LifebloodPotion"},{"floor":39,"key":"Adrenaline Potion"}],"is_trial":false,"path_per_floor":["M","M","?","M","?","E","R","E","T","M","R","M","M","M","R","B",null,"M","?","M","?","M","E","R","$","T","E","R","E","M","NM","R","B",null,"M","M","M","?","M","E","M","R","T","M","R","?","M","$","R","B",null,"M","?","M","?","M","NM"],"character_chosen":"IRONCLAD","items_purchased":["Corruption","Shockwave+1","TheAbacus","infinitespire:Joker Card","Body Slam","Happy Flower"],"campfire_rested":2,"item_purchase_floors":[25,25,25,25,48,48],"current_hp_per_floor":[74,72,77,72,61,34,59,18,18,24,24,30,23,19,44,39,85,85,59,48,35,43,30,30,30,37,48,48,46,61,69,69,70,70,70,70,49,49,46,39,42,42,42,51,51,51,52,52,52,45,80,84,84,88,81,88,0],"gold":332,"neow_bonus":"RANDOM_EVENT","is_prod":false,"is_daily":false,"chose_seed":false,"campfire_upgraded":7,"win_rate":0,"timestamp":1556697907,"path_taken":["M","M","?","M","?","E","R","E","T","M","R","M","M","M","R","BOSS","M","?","M","?","M","E","R","?","T","E","R","E","M","NM","R","BOSS","M","M","M","?","?","E","?","R","T","M","R","?","M","?","R","BOSS","M","?","M","?","M","NM"],"build_version":"2019-01-23","purchased_purges":1,"victory":false,"max_hp_per_floor":[80,80,85,85,85,85,85,85,85,85,85,85,85,85,85,85,85,85,59,59,59,59,59,59,59,66,66,66,66,70,70,70,70,70,70,70,70,70,73,73,76,76,76,76,76,72,76,76,76,80,80,84,84,88,88,88,88],"card_choices":[{"not_picked":["Clash","Rupture"],"picked":"Twin Strike","floor":1.0},{"not_picked":["Intimidate","Entrench"],"picked":"True Grit","floor":2.0},{"not_picked":["Combust","Bloodletting"],"picked":"Rampage","floor":4.0},{"not_picked":["Second Wind","Clash","Perfected Strike"],"picked":"SKIP","floor":6.0},{"not_picked":["Cleave","Anger"],"picked":"Fiend Fire","floor":8.0},{"not_picked":["Pommel Strike","Flex"],"picked":"Spot Weakness","floor":10.0},{"not_picked":["Wild Strike","Thunderclap"],"picked":"Cleave","floor":12.0},{"not_picked":["Burning Pact","Havoc"],"picked":"Shrug It Off","floor":13.0},{"not_picked":["Pummel","Run Through"],"picked":"Whirlwind","floor":14.0},{"not_picked":["Anger","Run Through"],"picked":"Spot Weakness","floor":18.0},{"not_picked":["Warcry","Burning Pact"],"picked":"Replay:Undeath\u0027s Touch","floor":20.0},{"not_picked":["Shrug It Off+1","Anger"],"picked":"Barricade","floor":22.0},{"not_picked":["Infernal Blade","Replay:Undeath\u0027s Touch"],"picked":"Feed","floor":23.0},{"not_picked":["Anger","Flex+1"],"picked":"Disarm+1","floor":27.0},{"not_picked":["Blood for Blood+1","Intimidate+1"],"picked":"Clothesline","floor":29.0},{"not_picked":["Havoc+1","Twin Strike"],"picked":"Disarm+1","floor":30.0},{"not_picked":["Flex+1","Whirlwind"],"picked":"Defy Death+1","floor":31.0},{"not_picked":["Double Tap+1","Exhume+1"],"picked":"Bludgeon","floor":33.0},{"not_picked":["Combust+1","Rampage","Shrug It Off+1"],"picked":"SKIP","floor":35},{"not_picked":["Replay:Undeath\u0027s Touch+1","Twin Strike","Headbutt+1"],"picked":"SKIP","floor":36},{"not_picked":["ReplayTheSpireMod:LeadingStrike+1","Perfected Strike+1"],"picked":"Life Link","floor":37},{"not_picked":["Blood for Blood+1","Heavy Blade+1","Run Through+1"],"picked":"SKIP","floor":39},{"not_picked":["Dual Wield+1","Headbutt+1"],"picked":"ReplayTheSpireMod:Muscle Training+1","floor":40},{"not_picked":["Pummel","Searing Blow+1"],"picked":"ReplayTheSpireMod:Corrosion Curse+1","floor":41},{"not_picked":["Brutality","Replay:Undeath\u0027s Touch","Second Wind+1"],"picked":"SKIP","floor":44},{"not_picked":["Power Through+1","Armaments+1"],"picked":"Feel No Pain","floor":47},{"not_picked":["Wild Strike+1","Heavy Blade+1"],"picked":"Sentinel+1","floor":51},{"not_picked":["Anger","Pommel Strike"],"picked":"ReplayTheSpireMod:Strike From Hell","floor":52},{"not_picked":["Eclipse+1","Reckless Charge","Rampage"],"picked":"SKIP","floor":54},{"not_picked":["Headbutt","Sword Boomerang"],"picked":"Flame Barrier+1","floor":56}],"player_experience":253641,"relics_obtained":[{"floor":6.0,"key":"War Paint"},{"floor":8.0,"key":"Anchor"},{"floor":9.0,"key":"Self Forming Clay"},{"floor":21.0,"key":"infinitespire:Golems Mask"},{"floor":21.0,"key":"Bottled Flame"},{"floor":23.0,"key":"Toxic Egg 2"},{"floor":26.0,"key":"Strawberry"},{"floor":27.0,"key":"Iron Hammer"},{"floor":29.0,"key":"ReplayTheSpireMod:Spearhead"},{"floor":31.0,"key":"Bag of Marbles"},{"floor":40,"key":"infinitespire:Lucky Rock"},{"floor":43,"key":"Juzu Bracelet"}],"event_choices":[{"damage_healed":0.0,"max_hp_gain":5.0,"max_hp_loss":0.0,"gold_gain":0.0,"event_name":"Big Fish","player_choice":"Donut","floor":3.0,"gold_loss":0.0,"damage_taken":0.0},{"damage_healed":0.0,"max_hp_gain":0.0,"max_hp_loss":0.0,"gold_gain":75.0,"event_name":"World of Goop","player_choice":"Gather Gold","floor":5.0,"gold_loss":0.0,"damage_taken":11.0},{"damage_healed":0.0,"max_hp_gain":0.0,"max_hp_loss":26.0,"gold_gain":0.0,"event_name":"Vampires","player_choice":"Became a vampire","floor":19.0,"gold_loss":0.0,"damage_taken":0.0,"cards_obtained":["Bite","Bite","Bite","Bite","Bite"]},{"damage_healed":0.0,"max_hp_gain":0.0,"max_hp_loss":0.0,"gold_gain":0.0,"event_name":"Colosseum","player_choice":"Fight","floor":21.0,"gold_loss":0.0,"damage_taken":0.0},{"damage_healed":0.0,"max_hp_gain":0.0,"max_hp_loss":0.0,"gold_gain":0.0,"event_name":"Colosseum","player_choice":"Fought Nobs","floor":21.0,"gold_loss":0.0,"damage_taken":0.0},{"damage_healed":0,"gold_gain":0,"player_choice":"Upgrade","damage_taken":0,"max_hp_gain":0,"max_hp_loss":0,"event_name":"Designer","floor":38,"gold_loss":40,"cards_upgraded":["Fiend Fire"]},{"damage_healed":0,"gold_gain":0,"player_choice":"Max HP","damage_taken":0,"max_hp_gain":0,"max_hp_loss":4,"event_name":"Winding Halls","floor":46,"gold_loss":0},{"damage_healed":0,"gold_gain":74,"player_choice":"Gained Gold","damage_taken":0,"max_hp_gain":0,"max_hp_loss":0,"event_name":"Golden Wing","floor":53,"gold_loss":0},{"damage_healed":0,"gold_gain":0,"player_choice":"Success","damage_taken":7,"relics_obtained":["Dream Catcher"],"max_hp_gain":0,"max_hp_loss":0,"event_name":"Scrap Ooze","floor":55,"gold_loss":0}],"is_beta":false,"boss_relics":[{"not_picked":["Ooze Armor","Lizard Tail"],"picked":"Snecko Eye"},{"not_picked":["Runic Cube","Eternal Feather"],"picked":"Velvet Choker"},{"not_picked":["Pandora\u0027s Box","infinitespire:Burning Sword"],"picked":"Orrery"}],"items_purged_floors":[48],"is_endless":true,"potions_floor_spawned":[1,6,8,10,13,14,21,22,23,27,31,39,44,47,50],"killed_by":"Nightmare_Alpha","ascension_level":1}