{"gold_per_floor":[215,215,42,42,60,92,92,108,186,186,200,200,218,251,251,251],"floor_reached":16,"playtime":682,"items_purged":["Strike_B"],"score":143,"play_id":"2abf4d5c-318a-43e1-8c38-ffd6becb634c","local_time":"20190808150417","is_ascension_mode":true,"campfire_choices":[{"floor":7,"key":"REST"},{"data":"Leap","floor":10,"key":"SMITH"},{"data":"Turbo","floor":12,"key":"SMITH"},{"data":"Coolheaded","floor":15,"key":"SMITH"}],"neow_cost":"NONE","seed_source_timestamp":4738502208284583,"circlet_count":0,"master_deck":["Strike_B","Strike_B","Strike_B","Defend_B","Defend_B","Defend_B","Defend_B","Zap+1","Dualcast","Ball Lightning+1","Self Repair+1","Leap+1","Compile Driver","Cold Snap","Sweeping Beam","Turbo+1","Coolheaded+1","Coolheaded"],"relics":["Cracked Core","Juzu Bracelet","Art of War"],"potions_floor_usage":[16,16],"damage_taken":[{"damage":6,"enemies":"Jaw Worm","floor":1,"turns":4},{"damage":1,"enemies":"Cultist","floor":5,"turns":3},{"damage":33,"enemies":"Lagavulin","floor":6,"turns":6},{"damage":3,"enemies":"2 Louse","floor":8,"turns":2},{"damage":6,"enemies":"Looter","floor":11,"turns":3},{"damage":16,"enemies":"Exordium Thugs","floor":13,"turns":3},{"damage":28,"enemies":"Gremlin Nob","floor":14,"turns":4},{"damage":36,"enemies":"Slime Boss","floor":16,"turns":9}],"seed_played":"-2369184964134559925","potions_obtained":[{"floor":8,"key":"Weak Potion"},{"floor":11,"key":"SpeedPotion"}],"is_trial":false,"path_per_floor":["M","?","$","?","M","E","R","M","T","R","M","R","M","E","R","B"],"character_chosen":"DEFECT","items_purchased":["Self Repair","Leap"],"campfire_rested":1,"item_purchase_floors":[3,3],"current_hp_per_floor":[62,47,47,47,56,33,55,52,52,52,56,56,50,32,32,0],"gold":251,"neow_bonus":"HUNDRED_GOLD","is_prod":false,"is_daily":false,"chose_seed":false,"campfire_upgraded":3,"win_rate":0,"timestamp":1565291057,"path_taken":["M","?","$","?","?","E","R","M","T","R","M","R","M","E","R","BOSS"],"build_version":"2019-07-17","purchased_purges":1,"victory":false,"max_hp_per_floor":[75,75,75,75,75,75,75,75,75,75,75,75,75,75,75,75],"card_choices":[{"not_picked":["Turbo","Go for the Eyes"],"picked":"Ball Lightning","floor":1},{"not_picked":["Sweeping Beam","Reprogram"],"picked":"Compile Driver","floor":5},{"not_picked":["Compile Driver","Hyperbeam"],"picked":"Cold Snap","floor":6},{"not_picked":["Fusion","Barrage"],"picked":"Sweeping Beam","floor":8},{"not_picked":["Rebound","Beam Cell"],"picked":"Turbo","floor":11},{"not_picked":["Turbo","Barrage"],"picked":"Coolheaded","floor":13},{"not_picked":["Leap","Chill"],"picked":"Coolheaded","floor":14}],"player_experience":360793,"relics_obtained":[{"floor":6,"key":"Juzu Bracelet"},{"floor":14,"key":"Art of War"}],"event_choices":[{"damage_healed":0,"gold_gain":0,"player_choice":"Entered Light","damage_taken":15,"max_hp_gain":0,"max_hp_loss":0,"event_name":"Shining Light","floor":2,"gold_loss":0,"cards_upgraded":["Zap","Ball Lightning"]},{"damage_healed":0,"gold_gain":0,"player_choice":"Forge","damage_taken":0,"max_hp_gain":0,"max_hp_loss":0,"event_name":"Accursed Blacksmith","floor":4,"gold_loss":0,"cards_upgraded":["Self Repair"]}],"is_beta":false,"boss_relics":[],"items_purged_floors":[3],"is_endless":false,"potions_floor_spawned":[8,11],"killed_by":"Slime Boss","ascension_level":6}