{"gold_per_floor":[112,132,132,50,50,88,100,156,194,206],"floor_reached":10,"playtime":339,"items_purged":[],"score":96,"play_id":"36ae06c2-ffd1-4562-affc-e8391768ef8d","local_time":"20190426222734","is_ascension_mode":true,"campfire_choices":[{"floor":7,"key":"REST"}],"neow_cost":"NONE","seed_source_timestamp":190913975768900,"circlet_count":0,"master_deck":["Defend_G","Defend_G","Defend_G","Defend_G","Defend_G","Strike_G","Strike_G","Strike_G","Strike_G","Strike_G","Survivor","Neutralize+1","Crippling Poison","Noxious Fumes+1","Backstab"],"relics":["Ring of the Snake","Golden Idol","MawBank","Incense Burner","Bronze Scales"],"potions_floor_usage":[10,10],"damage_taken":[{"damage":2,"enemies":"Jaw Worm","floor":1,"turns":6},{"damage":0,"enemies":"Small Slimes","floor":2,"turns":3},{"damage":21,"enemies":"Gremlin Nob","floor":6,"turns":5},{"damage":26,"enemies":"3 Sentries","floor":8,"turns":8},{"damage":23,"enemies":"Lagavulin","floor":10,"turns":5}],"seed_played":"-6840331069402847592","potions_obtained":[{"floor":2,"key":"Weak Potion"},{"floor":6,"key":"Fire Potion"}],"is_trial":false,"path_per_floor":["M","M","?","$","?","E","R","E","T","E"],"character_chosen":"THE_SILENT","items_purchased":["Noxious Fumes"],"campfire_rested":1,"item_purchase_floors":[4],"current_hp_per_floor":[61,61,44,44,44,23,44,18,18,0],"gold":206,"neow_bonus":"UPGRADE_CARD","is_prod":false,"is_daily":false,"chose_seed":false,"campfire_upgraded":0,"win_rate":0,"timestamp":1556332054,"path_taken":["M","M","?","$","?","E","R","E","T","E"],"build_version":"2019-01-23","purchased_purges":0,"victory":false,"max_hp_per_floor":[70,70,70,70,70,70,70,70,70,70],"card_choices":[{"not_picked":["Cloak And Dagger","Riddle With Holes"],"picked":"Crippling Poison","floor":1},{"not_picked":["Acrobatics","Flying Knee","Bouncing Flask"],"picked":"SKIP","floor":2},{"not_picked":["Dagger Spray","Finisher","Skewer"],"picked":"SKIP","floor":6},{"not_picked":["Outmaneuver","Finisher"],"picked":"Backstab","floor":8}],"player_experience":185545,"relics_obtained":[{"floor":6,"key":"MawBank"},{"floor":8,"key":"Incense Burner"},{"floor":9,"key":"Bronze Scales"}],"event_choices":[{"damage_healed":0,"gold_gain":0,"player_choice":"Take Damage","damage_taken":17,"relics_obtained":["Golden Idol"],"max_hp_gain":0,"max_hp_loss":0,"event_name":"Golden Idol","floor":3,"gold_loss":0},{"damage_healed":0,"gold_gain":0,"player_choice":"Grow","damage_taken":0,"max_hp_gain":0,"max_hp_loss":0,"event_name":"Living Wall","floor":5,"gold_loss":0,"cards_upgraded":["Noxious Fumes"]}],"is_beta":false,"boss_relics":[],"items_purged_floors":[],"is_endless":false,"potions_floor_spawned":[2,6],"killed_by":"Lagavulin","ascension_level":6}