{"gold_per_floor":[115,115,138,151,167,200,200,238,274,165,165,219,219],"floor_reached":13,"playtime":517,"items_purged":["Strike_R"],"score":116,"play_id":"64f62f32-ec1d-42b0-875a-652fc2e217f2","local_time":"20190802173748","is_ascension_mode":true,"campfire_choices":[{"data":"Anger","floor":7,"key":"SMITH"},{"data":"True Grit","floor":11,"key":"SMITH"}],"neow_cost":"NONE","seed_source_timestamp":4229486115924927,"circlet_count":0,"master_deck":["Strike_R","Strike_R","Strike_R","Defend_R","Defend_R","Defend_R","Defend_R","Bash","Anger+1","Thunderclap","Battle Trance","Cleave","True Grit+1"],"relics":["Burning Blood","Golden Idol","Strawberry","MawBank","Dream Catcher","Centennial Puzzle"],"potions_floor_usage":[4,8],"damage_taken":[{"damage":10,"enemies":"Small Slimes","floor":1,"turns":4},{"damage":4,"enemies":"Jaw Worm","floor":3,"turns":3},{"damage":6,"enemies":"Cultist","floor":4,"turns":3},{"damage":13,"enemies":"3 Louse","floor":5,"turns":4},{"damage":40,"enemies":"3 Sentries","floor":6,"turns":7},{"damage":32,"enemies":"Lagavulin","floor":8,"turns":6},{"damage":31,"enemies":"Gremlin Nob","floor":13,"turns":3}],"seed_played":"8527502593631326105","potions_obtained":[{"floor":4,"key":"Fruit Juice"},{"floor":6,"key":"Weak Potion"},{"floor":8,"key":"SpeedPotion"}],"is_trial":false,"path_per_floor":["M","?","M","M","M","E","R","E","T","$","R","T","E"],"character_chosen":"IRONCLAD","items_purchased":["True Grit"],"campfire_rested":0,"item_purchase_floors":[10],"current_hp_per_floor":[76,74,74,79,72,45,45,19,19,19,19,19,0],"gold":219,"neow_bonus":"REMOVE_CARD","is_prod":false,"is_daily":false,"chose_seed":false,"campfire_upgraded":2,"win_rate":0,"timestamp":1564781868,"path_taken":["M","?","M","M","M","E","R","E","T","$","R","?","E"],"build_version":"2019-07-17","purchased_purges":1,"victory":false,"max_hp_per_floor":[80,74,74,79,79,86,86,86,86,86,86,86,86],"card_choices":[{"not_picked":["Perfected Strike","Bloodletting"],"picked":"Anger","floor":1},{"not_picked":["Armaments","Rage"],"picked":"Thunderclap","floor":3},{"not_picked":["Seeing Red","Blood for Blood"],"picked":"Battle Trance","floor":4},{"not_picked":["Anger","Rage","Body Slam"],"picked":"SKIP","floor":5},{"not_picked":["Second Wind","Berserk","Havoc"],"picked":"SKIP","floor":6},{"not_picked":["Brutality","Headbutt"],"picked":"Cleave","floor":8}],"player_experience":356854,"relics_obtained":[{"floor":6,"key":"Strawberry"},{"floor":8,"key":"MawBank"},{"floor":9,"key":"Dream Catcher"},{"floor":12,"key":"Centennial Puzzle"}],"event_choices":[{"damage_healed":0,"gold_gain":0,"player_choice":"Lose Max HP","damage_taken":0,"relics_obtained":["Golden Idol"],"max_hp_gain":0,"max_hp_loss":6,"event_name":"Golden Idol","floor":2,"gold_loss":0}],"is_beta":false,"boss_relics":[],"items_purged_floors":[10],"is_endless":false,"potions_floor_spawned":[4,6,8],"killed_by":"Gremlin Nob","ascension_level":5}