{"gold_per_floor":[11,26,26,39,54,70,70,70,70,70,96,96,96,107,107,107],"floor_reached":16,"playtime":752,"items_purged":[],"score":102,"play_id":"60fa2448-c20e-4baf-9b5a-b81c15c658e9","local_time":"20190902233300","is_ascension_mode":false,"campfire_choices":[{"data":"Armaments","floor":12,"key":"SMITH"},{"floor":15,"key":"REST"}],"neow_cost":"NO_GOLD","seed_source_timestamp":899522120800000,"circlet_count":0,"master_deck":["Strike_R","Strike_R","Strike_R","Strike_R","Defend_R","Defend_R","Defend_R","Bash","Heavy Blade","Shrug It Off","Pommel Strike","Armaments+1","Clothesline","Headbutt","Bludgeon"],"relics":["Burning Blood","Letter Opener","WingedGreaves","Bird Faced Urn"],"potions_floor_usage":[16,16],"damage_taken":[{"damage":5,"enemies":"Small Slimes","floor":1,"turns":4},{"damage":4,"enemies":"Cultist","floor":2,"turns":4},{"damage":0,"enemies":"2 Louse","floor":4,"turns":2},{"damage":9,"enemies":"Blue Slaver","floor":5,"turns":5},{"damage":0,"enemies":"Exordium Wildlife","floor":6,"turns":3},{"damage":17,"enemies":"Gremlin Nob","floor":11,"turns":5},{"damage":15,"enemies":"3 Louse","floor":14,"turns":3},{"damage":83,"enemies":"Hexaghost","floor":16,"turns":16}],"seed_played":"1356860683879466304","potions_obtained":[{"floor":1,"key":"Energy Potion"},{"floor":3,"key":"Block Potion"},{"floor":3,"key":"Poison Potion"},{"floor":11,"key":"GamblersBrew"}],"is_trial":false,"path_per_floor":["M","M","?","M","M","M","?","?","T","$","E","R","$","M","R","B"],"character_chosen":"IRONCLAD","items_purchased":[],"campfire_rested":1,"item_purchase_floors":[],"current_hp_per_floor":[80,80,80,80,77,80,80,80,80,80,69,69,69,60,80,0],"gold":107,"neow_bonus":"REMOVE_TWO","is_prod":false,"is_daily":false,"chose_seed":false,"campfire_upgraded":1,"win_rate":0.0,"timestamp":1567481580,"path_taken":["M","M","?","M","?","?","?","?","T","$","E","R","$","M","R","BOSS"],"build_version":"2019-07-17","purchased_purges":0,"victory":false,"max_hp_per_floor":[80,80,80,80,80,80,80,80,80,80,80,80,80,80,80,80],"card_choices":[{"not_picked":["Dropkick","Havoc"],"picked":"Heavy Blade","floor":1},{"not_picked":["Heavy Blade","Second Wind"],"picked":"Shrug It Off","floor":2},{"not_picked":["Warcry","Anger"],"picked":"Pommel Strike","floor":4},{"not_picked":["Body Slam","Spot Weakness"],"picked":"Armaments","floor":5},{"not_picked":["Metallicize","Perfected Strike"],"picked":"Clothesline","floor":6},{"not_picked":["Sentinel","Uppercut"],"picked":"Headbutt","floor":11},{"not_picked":["Rampage","Anger"],"picked":"Bludgeon","floor":14}],"player_experience":32761,"relics_obtained":[{"floor":9,"key":"WingedGreaves"},{"floor":11,"key":"Bird Faced Urn"}],"event_choices":[{"damage_healed":0,"gold_gain":0,"player_choice":"Got Potions","damage_taken":0,"max_hp_gain":0,"max_hp_loss":0,"event_name":"Lab","floor":3,"gold_loss":0},{"damage_healed":0,"gold_gain":0,"player_choice":"Ignored","damage_taken":0,"max_hp_gain":0,"max_hp_loss":0,"event_name":"Liars Game","floor":7,"gold_loss":0},{"damage_healed":0,"gold_gain":0,"player_choice":"Searched \u00271\u0027 times","damage_taken":0,"relics_obtained":["Letter Opener"],"max_hp_gain":0,"max_hp_loss":0,"event_name":"Dead Adventurer","floor":8,"gold_loss":0}],"is_beta":false,"boss_relics":[],"items_purged_floors":[],"is_endless":false,"potions_floor_spawned":[1,4,11],"killed_by":"Hexaghost","ascension_level":0}