{"gold_per_floor":[117,117,131,150,163,197,197,215,215,215,241,241,261,261],"floor_reached":14,"playtime":847,"items_purged":[],"score":128,"play_id":"91c4d307-3cc3-4f97-a884-15c7620918bb","local_time":"20190430173042","is_ascension_mode":true,"campfire_choices":[{"data":"Zap","floor":7,"key":"SMITH"},{"floor":10,"key":"REST"}],"neow_cost":"NONE","seed_source_timestamp":1106980260923615,"circlet_count":0,"master_deck":["Strike_B","Strike_B","Strike_B","Defend_B","Defend_B","Defend_B","Defend_B","Zap+1","Dualcast","FTL","Coolheaded","Sweeping Beam","Conserve Battery","Skim","Machine Learning","ReplayTheSpireMod:Calculation Training","Ball Lightning"],"relics":["Cracked Core","DataDisk","Shovel","Gremlin Horn","Happy Flower"],"potions_floor_usage":[6,6,11],"damage_taken":[{"damage":0,"enemies":"Cultist","floor":1,"turns":3},{"damage":7,"enemies":"Small Slimes","floor":3,"turns":3},{"damage":7,"enemies":"Jaw Worm","floor":4,"turns":3},{"damage":6,"enemies":"2 Fungi Beasts","floor":5,"turns":2},{"damage":35,"enemies":"Erikyupuro","floor":6,"turns":8},{"damage":3,"enemies":"Looter","floor":8,"turns":2},{"damage":14,"enemies":"3 Sentries","floor":11,"turns":6},{"damage":15,"enemies":"Large Slime","floor":13,"turns":4},{"damage":11,"enemies":"Erikyupuro","floor":14,"turns":2}],"seed_played":"2595369238158049651","potions_obtained":[{"floor":1,"key":"AttackPotion"},{"floor":2,"key":"EssenceOfSteel"},{"floor":2,"key":"Languid Potion"},{"floor":6,"key":"Venom Potion"},{"floor":11,"key":"SteroidPotion"}],"is_trial":false,"path_per_floor":["M","?","M","M","M","E","R","M","T","R","E","?","M","E"],"character_chosen":"DEFECT","items_purchased":[],"campfire_rested":1,"item_purchase_floors":[],"current_hp_per_floor":[75,75,68,61,55,20,20,17,17,39,25,25,10,0],"gold":261,"neow_bonus":"RANDOM_COMMON_RELIC","is_prod":false,"is_daily":false,"chose_seed":false,"campfire_upgraded":1,"win_rate":0,"timestamp":1556659842,"path_taken":["M","?","M","M","M","E","R","?","T","R","E","?","M","E"],"build_version":"2019-01-23","purchased_purges":0,"victory":false,"max_hp_per_floor":[75,75,75,75,75,75,75,75,75,75,75,75,75,75],"card_choices":[{"not_picked":["ReplayTheSpireMod:GoodbyeWorld","Hologram"],"picked":"FTL","floor":1},{"not_picked":["Panic Button","Loop"],"picked":"Coolheaded","floor":3},{"not_picked":["ReplayTheSpireMod:Repulse","Barrage"],"picked":"Sweeping Beam","floor":4},{"not_picked":["Stack","Hologram"],"picked":"Conserve Battery","floor":5},{"not_picked":["Beam Cell","Time Bomb"],"picked":"Skim","floor":6},{"not_picked":["ReplayGash","ReplayTheSpireMod:System Scan"],"picked":"Machine Learning","floor":8},{"not_picked":["ReplaySolidLightProjector","Rebound"],"picked":"ReplayTheSpireMod:Calculation Training","floor":11},{"not_picked":["Tempest","Chill"],"picked":"Ball Lightning","floor":13}],"player_experience":243293,"relics_obtained":[{"floor":6,"key":"Shovel"},{"floor":9,"key":"Gremlin Horn"},{"floor":11,"key":"Happy Flower"}],"event_choices":[{"damage_healed":0,"gold_gain":0,"player_choice":"Got Potions","damage_taken":0,"max_hp_gain":0,"max_hp_loss":0,"event_name":"Lab","floor":2,"gold_loss":0}],"is_beta":false,"boss_relics":[],"items_purged_floors":[],"is_endless":false,"potions_floor_spawned":[1,3,6,11],"killed_by":"Erikyupuro","ascension_level":5}