{"gold_per_floor":[117,127,192,192,208,208,240,240,291,291,246,256,271,306,306,402,402,416,416],"floor_reached":19,"playtime":814,"items_purged":[],"score":177,"play_id":"03352953-2d8a-4de6-b993-99f6b57aac38","local_time":"20190902005517","is_ascension_mode":false,"campfire_choices":[{"data":"Thunderclap","floor":6,"key":"SMITH"},{"floor":8,"key":"REST"},{"data":"Anger","floor":10,"key":"SMITH"},{"floor":15,"key":"REST"}],"neow_cost":"NONE","seed_source_timestamp":817993095349300,"circlet_count":0,"master_deck":["Strike_R","Strike_R","Strike_R","Strike_R","Strike_R","Defend_R","Defend_R","Defend_R","Defend_R","Bash+1","Thunderclap+1","Sword Boomerang","Inflame","Anger+1","Armaments","Shrug It Off","Shrug It Off","Body Slam","Immolate","Sword Boomerang"],"relics":["Burning Blood","Centennial Puzzle","Lantern","Boot","Runic Cube"],"potions_floor_usage":[],"damage_taken":[{"damage":7,"enemies":"2 Louse","floor":1,"turns":4},{"damage":2,"enemies":"Small Slimes","floor":2,"turns":4},{"damage":9,"enemies":"Cultist","floor":5,"turns":4},{"damage":35,"enemies":"3 Sentries","floor":7,"turns":6},{"damage":12,"enemies":"Blue Slaver","floor":12,"turns":3},{"damage":0,"enemies":"Looter","floor":13,"turns":2},{"damage":15,"enemies":"Gremlin Nob","floor":14,"turns":4},{"damage":43,"enemies":"Hexaghost","floor":16,"turns":9},{"damage":31,"enemies":"2 Thieves","floor":18,"turns":4},{"damage":62,"enemies":"Masked Bandits","floor":19,"turns":3}],"seed_played":"6975116827163662568","potions_obtained":[{"floor":4,"key":"SteroidPotion"},{"floor":4,"key":"SneckoOil"},{"floor":4,"key":"Weak Potion"},{"floor":14,"key":"Regen Potion"}],"is_trial":false,"path_per_floor":["M","M","?","?","M","R","E","R","T","R","$","M","M","E","R","B",null,"M","?"],"character_chosen":"IRONCLAD","items_purchased":["Armaments"],"campfire_rested":2,"item_purchase_floors":[11],"current_hp_per_floor":[79,80,80,80,77,77,48,72,72,72,72,66,72,63,80,43,80,55,0],"gold":416,"neow_bonus":"UPGRADE_CARD","is_prod":false,"is_daily":false,"chose_seed":false,"campfire_upgraded":2,"win_rate":0.0,"timestamp":1567400117,"path_taken":["M","M","?","?","M","R","E","R","T","R","$","?","M","E","R","BOSS","M","?"],"build_version":"2019-07-17","purchased_purges":0,"victory":false,"max_hp_per_floor":[80,80,80,80,80,80,80,80,80,80,80,80,80,80,80,80,80,80,80],"card_choices":[{"not_picked":["Clash","Disarm"],"picked":"Thunderclap","floor":1},{"not_picked":["Power Through","Pummel"],"picked":"Sword Boomerang","floor":2},{"not_picked":["Evolve","Perfected Strike"],"picked":"Inflame","floor":5},{"not_picked":["Spot Weakness","Infernal Blade"],"picked":"Anger","floor":7},{"not_picked":["Pommel Strike","Thunderclap"],"picked":"Shrug It Off","floor":12},{"not_picked":["Feel No Pain","Power Through"],"picked":"Shrug It Off","floor":13},{"not_picked":["Hemokinesis","Sever Soul"],"picked":"Body Slam","floor":14},{"not_picked":["Juggernaut","Impervious"],"picked":"Immolate","floor":16},{"not_picked":["Wild Strike","Bloodletting"],"picked":"Sword Boomerang","floor":18}],"player_experience":20558,"relics_obtained":[{"floor":7,"key":"Centennial Puzzle"},{"floor":9,"key":"Lantern"},{"floor":14,"key":"Boot"}],"event_choices":[{"damage_healed":0,"gold_gain":65,"player_choice":"Gained Gold","damage_taken":0,"max_hp_gain":0,"max_hp_loss":0,"event_name":"Golden Wing","floor":3,"gold_loss":0},{"damage_healed":0,"gold_gain":0,"player_choice":"Got Potions","damage_taken":0,"max_hp_gain":0,"max_hp_loss":0,"event_name":"Lab","floor":4,"gold_loss":0},{"damage_healed":0,"gold_gain":0,"player_choice":"Fought Bandits","damage_taken":0,"max_hp_gain":0,"max_hp_loss":0,"event_name":"Masked Bandits","floor":19,"gold_loss":0}],"is_beta":false,"boss_relics":[{"not_picked":["Velvet Choker","Lizard Tail"],"picked":"Runic Cube"}],"items_purged_floors":[],"is_endless":false,"potions_floor_spawned":[5,7,13,14,16,18],"killed_by":"Masked Bandits","ascension_level":0}