{"gold_per_floor":[119,119,129,129,42,67,80,80,105,140,140,155,175,188,188,290,290,307,290,290,301,312,312,288,288,288,300,300,314,330,92,92,92],"floor_reached":33,"playtime":2000,"items_purged":[],"score":261,"play_id":"b4c447c2-7176-4e4f-954d-670122347277","local_time":"20190901232106","is_ascension_mode":false,"campfire_choices":[{"floor":8,"key":"REST"},{"floor":11,"key":"REST"},{"floor":15,"key":"REST"},{"floor":23,"key":"REST"},{"floor":28,"key":"REST"},{"floor":32,"key":"REST"}],"neow_cost":"NONE","seed_source_timestamp":811151776152000,"circlet_count":0,"master_deck":["Strike_R","Strike_R","Strike_R","Strike_R","Strike_R","Defend_R","Defend_R+1","Defend_R","Defend_R","Bash","Panacea","Flex","Infernal Blade","Dark Shackles+1","Flex","Dramatic Entrance","Barricade","Thunderclap","Pummel","Twin Strike","Flame Barrier","Armaments","Juggernaut","Anger","Armaments","Entrench","Flame Barrier","Shrug It Off","Flame Barrier","Iron Wave","Body Slam","Deep Breath"],"relics":["Burning Blood","Centennial Puzzle","Bag of Preparation","War Paint","Fusion Hammer","MutagenicStrength","Question Card","Ancient Tea Set"],"potions_floor_usage":[16],"damage_taken":[{"damage":13,"enemies":"Jaw Worm","floor":1,"turns":7},{"damage":0,"enemies":"2 Louse","floor":3,"turns":3},{"damage":56,"enemies":"Gremlin Nob","floor":6,"turns":5},{"damage":1,"enemies":"Cultist","floor":7,"turns":3},{"damage":27,"enemies":"Lagavulin","floor":10,"turns":6},{"damage":5,"enemies":"3 Louse","floor":12,"turns":2},{"damage":6,"enemies":"Exordium Wildlife","floor":13,"turns":3},{"damage":12,"enemies":"Blue Slaver","floor":14,"turns":6},{"damage":71,"enemies":"Hexaghost","floor":16,"turns":15},{"damage":17,"enemies":"Spheric Guardian","floor":18,"turns":4},{"damage":8,"enemies":"2 Thieves","floor":19,"turns":4},{"damage":32,"enemies":"Centurion and Healer","floor":21,"turns":5},{"damage":33,"enemies":"Shelled Parasite and Fungi","floor":22,"turns":8},{"damage":7,"enemies":"Snecko","floor":27,"turns":4},{"damage":18,"enemies":"Snake Plant","floor":29,"turns":4},{"damage":14,"enemies":"Chosen and Byrds","floor":30,"turns":8},{"damage":75,"enemies":"Collector","floor":33,"turns":6}],"seed_played":"-715407859240932488","potions_obtained":[{"floor":1,"key":"BloodPotion"},{"floor":3,"key":"Swift Potion"},{"floor":7,"key":"Ancient Potion"},{"floor":16,"key":"Poison Potion"},{"floor":19,"key":"PowerPotion"}],"is_trial":false,"path_per_floor":["M","?","M","?","$","E","M","R","T","E","R","M","M","M","R","B",null,"M","M","?","M","M","R","$","?","T","M","R","M","M","$","R","B"],"character_chosen":"IRONCLAD","items_purchased":["Dramatic Entrance","Shrug It Off","Ancient Tea Set","Deep Breath"],"campfire_rested":6,"item_purchase_floors":[5,24,31,31],"current_hp_per_floor":[73,73,79,79,79,29,34,58,58,37,61,62,62,56,80,15,80,69,67,67,41,14,38,38,38,38,37,61,49,41,41,65,0],"gold":92,"neow_bonus":"RANDOM_COLORLESS","is_prod":false,"is_daily":false,"chose_seed":false,"campfire_upgraded":0,"win_rate":0.0,"timestamp":1567394466,"path_taken":["M","?","M","?","$","E","M","R","T","E","R","M","?","M","R","BOSS","M","M","?","M","M","R","$","?","T","M","R","M","M","?","R","BOSS"],"build_version":"2019-07-17","purchased_purges":0,"victory":false,"max_hp_per_floor":[80,80,80,80,80,80,80,80,80,80,80,80,80,80,80,80,80,80,80,80,80,80,80,80,80,80,80,80,80,80,80,80,80],"card_choices":[{"not_picked":["Clothesline","Disarm"],"picked":"Flex","floor":1},{"not_picked":["Headbutt","Flex"],"picked":"Infernal Blade","floor":3},{"not_picked":["Cleave","Entrench"],"picked":"Barricade","floor":6},{"not_picked":["Carnage","Bloodletting"],"picked":"Thunderclap","floor":7},{"not_picked":["Bloodletting","Power Through"],"picked":"Pummel","floor":10},{"not_picked":["Clash","Sever Soul"],"picked":"Twin Strike","floor":12},{"not_picked":["Metallicize","Seeing Red"],"picked":"Flame Barrier","floor":13},{"not_picked":["Pommel Strike","Ghostly Armor"],"picked":"Armaments","floor":14},{"not_picked":["Feed","Barricade"],"picked":"Juggernaut","floor":16},{"not_picked":["Sword Boomerang","Clash"],"picked":"Anger","floor":18},{"not_picked":["Clash+1","Rage"],"picked":"Armaments","floor":19},{"not_picked":["Perfected Strike","Inflame+1"],"picked":"Entrench","floor":21},{"not_picked":["Rupture","Pommel Strike+1"],"picked":"Flame Barrier","floor":22},{"not_picked":["Twin Strike","Bloodletting+1","Anger"],"picked":"Flame Barrier","floor":27},{"not_picked":["Second Wind","Clothesline","Headbutt+1"],"picked":"Iron Wave","floor":29},{"not_picked":["Shockwave+1","Heavy Blade","Inflame"],"picked":"Body Slam","floor":30}],"player_experience":18558,"relics_obtained":[{"floor":6,"key":"Centennial Puzzle"},{"floor":9,"key":"Bag of Preparation"},{"floor":10,"key":"War Paint"},{"floor":26,"key":"Question Card"}],"event_choices":[{"damage_healed":0,"gold_gain":0,"player_choice":"Ignored","damage_taken":0,"max_hp_gain":0,"max_hp_loss":0,"event_name":"Golden Wing","floor":2,"gold_loss":0},{"damage_healed":0,"gold_gain":0,"player_choice":"2 cards matched","damage_taken":0,"max_hp_gain":0,"max_hp_loss":0,"event_name":"Match and Keep!","floor":4,"gold_loss":0,"cards_obtained":["Dark Shackles","Flex"]},{"damage_healed":0,"gold_gain":0,"player_choice":"Ignored","damage_taken":0,"max_hp_gain":0,"max_hp_loss":0,"event_name":"Ghosts","floor":20,"gold_loss":0},{"damage_healed":0,"gold_gain":0,"player_choice":"Inject Mutagens","damage_taken":0,"relics_obtained":["MutagenicStrength"],"max_hp_gain":0,"max_hp_loss":0,"event_name":"Drug Dealer","floor":25,"gold_loss":0}],"is_beta":false,"boss_relics":[{"not_picked":["Runic Dome","Empty Cage"],"picked":"Fusion Hammer"}],"items_purged_floors":[],"is_endless":false,"potions_floor_spawned":[1,3,7,14,16,19,21,27],"killed_by":"Collector","ascension_level":0}