{"gold_per_floor":[114,125,125,75,75,109,109,109,109,142,163,176,194,217,217,342,342,366,391,411,435,435,469,483,504,530,574,574,614,614,627,627,756,756,776,776,776,801,826,859,266,306,306,331,387,423,423,444,444,444],"floor_reached":51,"playtime":8486,"items_purged":["Strike_B"],"score":811,"play_id":"49470ff0-3449-4373-80c2-bad56ffd2b40","local_time":"20190306051411","is_ascension_mode":false,"campfire_choices":[{"data":"White Noise","floor":7,"key":"SMITH"},{"floor":15,"key":"REST"},{"data":"Electrodynamics","floor":30,"key":"SMITH"},{"data":"Loop","floor":32,"key":"SMITH"},{"data":"Mayhem","floor":47,"key":"SMITH"},{"data":"Zap","floor":49,"key":"SMITH"}],"neow_cost":"NONE","seed_source_timestamp":686031993196042,"circlet_count":0,"master_deck":["Strike_B","Strike_B","Defend_B","Defend_B","Defend_B","Zap+1","Dualcast","Cold Snap","Leap","White Noise+1","Multi-Cast","BootSequence","Skim","Hologram","Redo","Electrodynamics+1","Loop+1","Self Repair+1","Reinforced Body","Conserve Battery+1","Reinforced Body","Barrage","Reprogram","FTL+1","RitualDagger","Hologram","Loop+1","Seek","Chill+1","Mayhem","Mayhem+1","Chrysalis","Static Discharge","Conserve Battery+1","Leap+1","Glacier","White Noise","Consume","Fusion+1"],"relics":["Cracked Core","Golden Idol","Ancient Tea Set","Torii","Pocketwatch","Bird Faced Urn","Sozu","Gremlin Horn","Strawberry","Mercury Hourglass","Bottled Flame","Inserter","Meat on the Bone","Letter Opener","Sundial","Kunai","Frozen Egg 2","FossilizedHelix","Lantern"],"potions_floor_usage":[6],"damage_taken":[{"damage":0,"enemies":"2 Louse","floor":1,"turns":4},{"damage":3,"enemies":"Small Slimes","floor":2,"turns":4},{"damage":21,"enemies":"Gremlin Nob","floor":6,"turns":5},{"damage":9,"enemies":"3 Sentries","floor":10,"turns":7},{"damage":0,"enemies":"Cultist","floor":11,"turns":4},{"damage":0,"enemies":"Looter","floor":12,"turns":3},{"damage":0,"enemies":"3 Louse","floor":13,"turns":3},{"damage":1,"enemies":"Blue Slaver","floor":14,"turns":3},{"damage":45,"enemies":"The Guardian","floor":16,"turns":22},{"damage":3,"enemies":"3 Byrds","floor":18,"turns":3},{"damage":11,"enemies":"2 Thieves","floor":19,"turns":3},{"damage":10,"enemies":"Centurion and Healer","floor":20,"turns":5},{"damage":0,"enemies":"Snecko","floor":21,"turns":4},{"damage":72,"enemies":"Gremlin Leader","floor":23,"turns":7},{"damage":1,"enemies":"Chosen and Byrds","floor":24,"turns":5},{"damage":12,"enemies":"Shelled Parasite and Fungi","floor":25,"turns":9},{"damage":35,"enemies":"Book of Stabbing","floor":27,"turns":10},{"damage":1,"enemies":"Gremlin Leader","floor":29,"turns":6},{"damage":1,"enemies":"Centurion and Healer","floor":31,"turns":5},{"damage":23,"enemies":"Automaton","floor":33,"turns":12},{"damage":8,"enemies":"Orb Walker","floor":35,"turns":4},{"damage":25,"enemies":"3 Darklings","floor":38,"turns":5},{"damage":18,"enemies":"4 Shapes","floor":39,"turns":5},{"damage":46,"enemies":"Nemesis","floor":40,"turns":11},{"damage":27,"enemies":"Reptomancer","floor":42,"turns":8},{"damage":26,"enemies":"Transient","floor":44,"turns":5},{"damage":25,"enemies":"2 Orb Walkers","floor":45,"turns":4},{"damage":1,"enemies":"Giant Head","floor":46,"turns":9},{"damage":0,"enemies":"Jaw Worm Horde","floor":48,"turns":4},{"damage":77,"enemies":"Time Eater","floor":50,"turns":12}],"seed_played":"2845677151351798708","potions_obtained":[{"floor":2,"key":"Fire Potion"},{"floor":6,"key":"GamblersBrew"},{"floor":13,"key":"FairyPotion"},{"floor":16,"key":"SmokeBomb"}],"is_trial":false,"path_per_floor":["M","M","?","?","?","E","R","?","T","E","M","M","M","M","R","B",null,"M","M","M","M","?","E","M","M","T","E","?","E","R","M","R","B",null,"M","?","?","M","M","E","$","E","T","M","?","E","R","M","R","B",null],"character_chosen":"DEFECT","items_purchased":["Letter Opener","Sundial"],"campfire_rested":1,"item_purchase_floors":[41,41],"current_hp_per_floor":[82,79,76,76,76,55,55,37,37,28,30,32,34,35,57,14,76,73,65,73,76,76,18,35,41,48,31,25,46,46,63,63,60,83,77,67,67,64,58,36,36,45,45,53,50,83,83,83,83,26],"gold":444,"neow_bonus":"TEN_PERCENT_HP_BONUS","is_prod":false,"is_daily":false,"chose_seed":false,"campfire_upgraded":5,"win_rate":0.0,"timestamp":1551867251,"path_taken":["M","M","?","?","?","E","R","?","T","E","M","M","M","M","R","BOSS","M","M","M","M","?","E","M","M","T","E","?","E","R","M","R","BOSS","M","?","?","M","M","E","$","E","T","?","?","E","R","M","R","BOSS"],"build_version":"2019-01-23","purchased_purges":1,"victory":true,"max_hp_per_floor":[82,82,76,76,76,76,76,76,76,76,76,76,76,76,76,76,76,76,76,76,76,76,76,76,76,83,83,83,83,83,83,83,83,83,83,83,83,83,83,83,83,83,83,83,83,83,83,83,83,83],"card_choices":[{"not_picked":["Turbo","Auto Shields"],"picked":"Cold Snap","floor":1},{"not_picked":["Steam","Turbo"],"picked":"Leap","floor":2},{"not_picked":["Turbo","Redo"],"picked":"White Noise","floor":6},{"not_picked":["Streamline","Melter"],"picked":"Multi-Cast","floor":10},{"not_picked":["Stack","Self Repair"],"picked":"BootSequence","floor":11},{"not_picked":["Gash","Steam"],"picked":"Skim","floor":12},{"not_picked":["Lockon","Reprogram"],"picked":"Hologram","floor":13},{"not_picked":["Reprogram","Scrape"],"picked":"Redo","floor":14},{"not_picked":["Fission","All For One"],"picked":"Electrodynamics","floor":16},{"not_picked":["Cold Snap","Streamline"],"picked":"Loop","floor":18},{"not_picked":["Cold Snap","Gash+1"],"picked":"Self Repair+1","floor":19},{"not_picked":["Tempest","Sweeping Beam"],"picked":"Reinforced Body","floor":20},{"not_picked":["Blizzard","Ball Lightning"],"picked":"Conserve Battery+1","floor":21},{"not_picked":["Redo","Reprogram"],"picked":"Reinforced Body","floor":23},{"not_picked":["Redo","Hello World"],"picked":"Barrage","floor":24},{"not_picked":["Rip and Tear","Beam Cell"],"picked":"Reprogram","floor":25},{"not_picked":["Tempest","Rip and Tear"],"picked":"FTL+1","floor":27},{"not_picked":["Electrodynamics","Barrage"],"picked":"Hologram","floor":29},{"not_picked":["Sunder","Redo"],"picked":"Loop+1","floor":31},{"not_picked":["Fission","Amplify"],"picked":"Seek","floor":33},{"not_picked":["Gash","Double Energy+1"],"picked":"Chill+1","floor":35},{"not_picked":["Secret Weapon","Impatience"],"picked":"Mayhem","floor":36},{"not_picked":["Violence","Mind Blast"],"picked":"Mayhem","floor":36},{"not_picked":["Bandage Up","Jack Of All Trades"],"picked":"Chrysalis","floor":36},{"not_picked":["Go for the Eyes+1","Gash+1"],"picked":"Conserve Battery+1","floor":38},{"not_picked":["Beam Cell","Reinforced Body"],"picked":"Leap+1","floor":39},{"not_picked":["Hologram","Gash+1"],"picked":"Glacier","floor":40},{"not_picked":["Turbo","Reboot","Heatsinks"],"picked":"SKIP","floor":42},{"not_picked":["Conserve Battery","Skim","Barrage"],"picked":"SKIP","floor":44},{"not_picked":["Sweeping Beam","Hologram"],"picked":"White Noise","floor":45},{"not_picked":["Melter","Leap"],"picked":"Consume","floor":46},{"not_picked":["Steam Power+1","Scrape+1"],"picked":"Fusion+1","floor":48}],"player_experience":69616,"relics_obtained":[{"floor":6,"key":"Ancient Tea Set"},{"floor":9,"key":"Pocketwatch"},{"floor":10,"key":"Bird Faced Urn"},{"floor":23,"key":"Gremlin Horn"},{"floor":26,"key":"Strawberry"},{"floor":27,"key":"Mercury Hourglass"},{"floor":29,"key":"Bottled Flame"},{"floor":40,"key":"Meat on the Bone"},{"floor":42,"key":"Kunai"},{"floor":43,"key":"Frozen Egg 2"},{"floor":45,"key":"FossilizedHelix"},{"floor":46,"key":"Lantern"}],"event_choices":[{"damage_healed":0,"gold_gain":0,"player_choice":"Lose Max HP","damage_taken":0,"relics_obtained":["Golden Idol"],"max_hp_gain":0,"max_hp_loss":6,"event_name":"Golden Idol","floor":3,"gold_loss":0},{"cards_removed":["Strike_B"],"damage_healed":0,"gold_gain":0,"player_choice":"Card Removal","damage_taken":0,"max_hp_gain":0,"max_hp_loss":0,"event_name":"The Cleric","floor":4,"gold_loss":50},{"damage_healed":0,"gold_gain":0,"player_choice":"Ignored","damage_taken":0,"max_hp_gain":0,"max_hp_loss":0,"event_name":"Liars Game","floor":5,"gold_loss":0},{"damage_healed":0,"gold_gain":0,"player_choice":"Success","damage_taken":18,"relics_obtained":["Torii"],"max_hp_gain":0,"max_hp_loss":0,"event_name":"Scrap Ooze","floor":8,"gold_loss":0},{"damage_healed":0,"gold_gain":0,"player_choice":"Ignored","damage_taken":0,"max_hp_gain":0,"max_hp_loss":0,"event_name":"Vampires","floor":22,"gold_loss":0},{"damage_healed":0,"gold_gain":0,"player_choice":"Joined the Cult","damage_taken":6,"max_hp_gain":0,"max_hp_loss":0,"event_name":"Nest","floor":28,"gold_loss":0,"cards_obtained":["RitualDagger"]},{"damage_healed":0,"gold_gain":0,"player_choice":"Memory 3","damage_taken":10,"max_hp_gain":0,"max_hp_loss":0,"event_name":"SensoryStone","floor":36,"gold_loss":0},{"damage_healed":0,"gold_gain":0,"cards_transformed":["Defend_B"],"player_choice":"Transformed","damage_taken":0,"max_hp_gain":0,"max_hp_loss":0,"event_name":"Transmorgrifier","floor":37,"gold_loss":0,"cards_obtained":["Static Discharge"]},{"damage_healed":0,"gold_gain":0,"player_choice":"Fight","damage_taken":0,"max_hp_gain":0,"max_hp_loss":0,"event_name":"Mysterious Sphere","floor":45,"gold_loss":0}],"is_beta":false,"boss_relics":[{"not_picked":["Orrery","Nuclear Battery"],"picked":"Sozu"},{"not_picked":["Velvet Choker","Snecko Eye"],"picked":"Inserter"}],"items_purged_floors":[41],"is_endless":false,"potions_floor_spawned":[2,6,13,16,19,23,24,31,35,39,42,44,46],"ascension_level":0}