{"path_per_floor":["M","?","M","?","?","E","R","M","T","M","M","R","M","E","R","B",null,"M","?","?","?","M","E"],"character_chosen":"IRONCLAD","items_purchased":[],"gold_per_floor":[118,118,141,141,141,175,175,193,245,269,289,289,308,349,349,477,477,502,502,502,427,447,476],"floor_reached":24,"campfire_rested":0,"playtime":1922,"current_hp_per_floor":[80,60,66,50,55,32,32,38,38,42,48,48,52,56,56,41,85,73,73,73,73,66,24],"items_purged":[],"gold":476,"play_id":"239dea84-af92-4c04-bf5e-9d58da94ca5c","is_prod":false,"is_daily":false,"campfire_rituals":0,"campfire_upgraded":3,"is_hardmode":false,"path_taken":["M","?","M","?","?","E","R","M","T","M","M","R","M","E","R","BOSS","M","?","?","?","M","E","M"],"build_version":"2018-01-11-PROD2","purchased_purges":0,"victory":false,"master_deck":["Strike_R","Strike_R","Strike_R","Strike_R","Strike_R","Defend_R","Defend_R","Defend_R","Bash","Double Tap","Warcry","Iron Wave","Pommel Strike","Sentinel","Pommel Strike","Shrug It Off","Shrug It Off"],"max_hp_per_floor":[80,80,80,80,85,85,85,85,85,85,85,85,85,85,85,85,85,85,85,85,85,85,85],"relics":["Burning Blood","Bloody Idol","Regal Pillow","Orichalcum","Oddly Smooth Stone","Question Card","Whetstone"],"campfire_meditates":0,"card_choices":[{"not_picked":["Thunderclap","Bloodletting"],"picked":"Double Tap"},{"not_picked":["Intimidate","Shockwave"],"picked":"Warcry"},{"not_picked":["Wild Strike","Reckless Charge"],"picked":"Iron Wave"},{"not_picked":["Rampage","Anger"],"picked":"Pommel Strike"},{"not_picked":["Iron Wave","Headbutt"],"picked":"Sentinel"},{"not_picked":["Rampage","Havoc","Bloodletting"],"picked":"Pommel Strike"},{"not_picked":["Clash","Rupture","Uppercut"],"picked":"Shrug It Off"},{"not_picked":["Spot Weakness","Brutality","Feel No Pain"],"picked":"Shrug It Off"}],"player_experience":68080,"potions_floor_usage":[6,14,14,16,24,24],"damage_taken":[{"damage":1,"enemies":"2 Louse","floor":1,"turns":3},{"damage":0,"enemies":"Small Slimes","floor":3,"turns":3},{"damage":29,"enemies":"Lagavulin","floor":6,"turns":6},{"damage":0,"enemies":"Cultist","floor":8,"turns":3},{"damage":2,"enemies":"Red Slaver","floor":10,"turns":3},{"damage":0,"enemies":"2 Fungi Beasts","floor":11,"turns":3},{"damage":2,"enemies":"Looter","floor":13,"turns":3},{"damage":2,"enemies":"3 Sentries","floor":14,"turns":4},{"damage":21,"enemies":"The Guardian","floor":16,"turns":12},{"damage":18,"enemies":"Spheric Guardian","floor":18,"turns":4},{"damage":18,"enemies":"Shell Parasite","floor":22,"turns":6},{"damage":53,"enemies":"Book of Stabbing","floor":23,"turns":8},{"damage":24,"enemies":"Centurion and Healer","floor":24,"turns":6}],"event_choices":[{"event_name":"Golden Idol","player_choice":"Take Damage","floor":2,"damage_taken":0},{"event_name":"Shining Light","player_choice":"Entered Light","floor":4,"damage_taken":0},{"event_name":"Big Fish","player_choice":"Donut","floor":5,"damage_taken":0},{"event_name":"The Mausoleum","player_choice":"No","floor":19,"damage_taken":0},{"event_name":"Forgotten Altar","player_choice":"Gave Idol","floor":20,"damage_taken":0},{"event_name":"Beggar","player_choice":"Gave Gold","floor":21,"damage_taken":0}],"boss_relics":[{"not_picked":["Snecko Eye","White Beast Statue"],"picked":"Question Card"}],"potions_floor_spawned":[3,6,10,14,18,23],"seed_played":"5361964863652112151","killed_by":"Centurion and Healer","is_trial":false}