{"gold_per_floor":[111,122,197,213,230,257,270,270,297,297,326,345,217,237,237,332,332,343,343,353,368,72,129,142,142,142,117,117,137,137,163,163,268,268,285,285,285,298,311,311],"floor_reached":40,"playtime":4150,"items_purged":["Strike_R"],"score":465,"play_id":"4c12361c-2ba2-4d4d-b6f9-920a21d418c2","local_time":"20190305000311","is_ascension_mode":false,"campfire_choices":[{"floor":8,"key":"REST"},{"data":"Armaments","floor":10,"key":"SMITH"},{"data":"Seeing Red","floor":15,"key":"SMITH"},{"data":"Iron Wave","floor":25,"key":"SMITH"},{"floor":28,"key":"REST"},{"floor":32,"key":"REST"}],"neow_cost":"NONE","seed_source_timestamp":585369408616739,"circlet_count":0,"master_deck":["Strike_R","Strike_R","Strike_R","Strike_R","Defend_R","Defend_R","Defend_R","Defend_R","Bash+1","Heavy Blade","Seeing Red+1","Shrug It Off","Iron Wave+1","Juggernaut","Armaments+1","Anger","Shrug It Off","Sword Boomerang","Feel No Pain","Reaper","Pummel","Shockwave","Whirlwind","Battle Trance","Inflame","Blood for Blood","Warcry+1","Body Slam","Sword Boomerang","Barricade","Headbutt","Madness","Madness","True Grit","True Grit+1"],"relics":["Burning Blood","Charon\u0027s Ashes","Regal Pillow","Ancient Tea Set","Busted Crown","Vajra","Tiny Chest","Ice Cream","Bottled Flame","Bag of Preparation","Velvet Choker"],"potions_floor_usage":[33,39,40],"damage_taken":[{"damage":6,"enemies":"Jaw Worm","floor":1,"turns":5},{"damage":0,"enemies":"Small Slimes","floor":2,"turns":3},{"damage":1,"enemies":"Cultist","floor":4,"turns":3},{"damage":8,"enemies":"Red Slaver","floor":5,"turns":4},{"damage":24,"enemies":"Gremlin Nob","floor":6,"turns":5},{"damage":11,"enemies":"Exordium Wildlife","floor":7,"turns":3},{"damage":28,"enemies":"Lagavulin","floor":11,"turns":7},{"damage":15,"enemies":"2 Fungi Beasts","floor":12,"turns":5},{"damage":0,"enemies":"Looter","floor":14,"turns":3},{"damage":15,"enemies":"Slime Boss","floor":16,"turns":11},{"damage":29,"enemies":"2 Thieves","floor":18,"turns":5},{"damage":0,"enemies":"Chosen","floor":20,"turns":4},{"damage":11,"enemies":"Snecko","floor":21,"turns":6},{"damage":18,"enemies":"Gremlin Leader","floor":23,"turns":4},{"damage":7,"enemies":"Shelled Parasite and Fungi","floor":24,"turns":4},{"damage":15,"enemies":"Chosen and Byrds","floor":29,"turns":4},{"damage":31,"enemies":"Book of Stabbing","floor":31,"turns":5},{"damage":56,"enemies":"Champ","floor":33,"turns":12},{"damage":6,"enemies":"Orb Walker","floor":35,"turns":3},{"damage":27,"enemies":"3 Shapes","floor":38,"turns":3},{"damage":51,"enemies":"Writhing Mass","floor":39,"turns":6},{"damage":57,"enemies":"Giant Head","floor":40,"turns":7}],"seed_played":"-1344478480359284486","potions_obtained":[{"floor":5,"key":"Weak Potion"},{"floor":6,"key":"SkillPotion"},{"floor":7,"key":"Poison Potion"},{"floor":23,"key":"Regen Potion"},{"floor":33,"key":"EntropicBrew"}],"is_trial":false,"path_per_floor":["M","M","?","M","M","E","M","R","T","R","E","M","$","M","R","B",null,"M","?","M","M","$","E","M","R","T","$","R","M","T","E","R","B",null,"M","?","?","M","M","E"],"character_chosen":"IRONCLAD","items_purchased":["Sword Boomerang","Battle Trance","Inflame","Vajra","Body Slam"],"campfire_rested":3,"item_purchase_floors":[13,22,22,22,27],"current_hp_per_floor":[88,88,77,82,80,62,57,83,83,83,61,52,52,58,58,49,88,65,65,75,75,75,63,62,62,62,62,88,88,88,63,88,61,88,88,77,77,66,21,0],"gold":311,"neow_bonus":"TEN_PERCENT_HP_BONUS","is_prod":false,"is_daily":false,"chose_seed":false,"campfire_upgraded":3,"win_rate":0.0,"timestamp":1551762191,"path_taken":["M","M","?","M","M","E","M","R","T","R","E","M","$","M","R","BOSS","M","?","?","M","?","E","M","R","T","$","R","M","?","E","R","BOSS","M","?","?","M","?","E"],"build_version":"2019-01-23","purchased_purges":1,"victory":false,"max_hp_per_floor":[88,88,88,88,88,88,88,88,88,88,88,88,88,88,88,88,88,88,88,88,88,88,88,88,88,88,88,88,88,88,88,88,88,88,88,88,88,88,88,88],"card_choices":[{"not_picked":["Cleave","Warcry"],"picked":"Heavy Blade","floor":1},{"not_picked":["Bloodletting","True Grit"],"picked":"Seeing Red","floor":2},{"not_picked":["Reckless Charge","Perfected Strike"],"picked":"Shrug It Off","floor":4},{"not_picked":["Wild Strike","Perfected Strike"],"picked":"Iron Wave","floor":5},{"not_picked":["Combust","Hemokinesis"],"picked":"Juggernaut","floor":6},{"not_picked":["Bloodletting","Headbutt"],"picked":"Armaments","floor":7},{"not_picked":["Cleave","Rage"],"picked":"Anger","floor":11},{"not_picked":["Anger","Twin Strike"],"picked":"Shrug It Off","floor":12},{"not_picked":["Warcry","Body Slam"],"picked":"Feel No Pain","floor":14},{"not_picked":["Double Tap","Berserk"],"picked":"Reaper","floor":16},{"not_picked":[],"picked":"Pummel","floor":18},{"not_picked":[],"picked":"Shockwave","floor":20},{"not_picked":[],"picked":"Whirlwind","floor":21},{"not_picked":[],"picked":"Blood for Blood","floor":23},{"not_picked":[],"picked":"Warcry+1","floor":24},{"not_picked":["Clash"],"picked":"SKIP","floor":29},{"not_picked":[],"picked":"Sword Boomerang","floor":31},{"not_picked":[],"picked":"Barricade","floor":33},{"not_picked":[],"picked":"Headbutt","floor":35},{"not_picked":[],"picked":"True Grit","floor":38},{"not_picked":[],"picked":"True Grit+1","floor":39}],"player_experience":34359,"relics_obtained":[{"floor":6,"key":"Charon\u0027s Ashes"},{"floor":9,"key":"Regal Pillow"},{"floor":11,"key":"Ancient Tea Set"},{"floor":23,"key":"Tiny Chest"},{"floor":26,"key":"Ice Cream"},{"floor":30,"key":"Bottled Flame"},{"floor":31,"key":"Bag of Preparation"}],"event_choices":[{"damage_healed":0,"gold_gain":75,"player_choice":"Gather Gold","damage_taken":11,"max_hp_gain":0,"max_hp_loss":0,"event_name":"World of Goop","floor":3,"gold_loss":0},{"damage_healed":0,"gold_gain":0,"player_choice":"Upgraded","damage_taken":0,"max_hp_gain":0,"max_hp_loss":0,"event_name":"Upgrade Shrine","floor":19,"gold_loss":0,"cards_upgraded":["Bash"]},{"damage_healed":0,"gold_gain":0,"player_choice":"Embrace Madness","damage_taken":11,"max_hp_gain":0,"max_hp_loss":0,"event_name":"Winding Halls","floor":36,"gold_loss":0,"cards_obtained":["Madness","Madness"]},{"damage_healed":0,"gold_gain":0,"player_choice":"Ignored","damage_taken":0,"max_hp_gain":0,"max_hp_loss":0,"event_name":"SecretPortal","floor":37,"gold_loss":0}],"is_beta":false,"boss_relics":[{"not_picked":["Orrery","Eternal Feather"],"picked":"Busted Crown"},{"not_picked":["White Beast Statue","Mark of Pain"],"picked":"Velvet Choker"}],"items_purged_floors":[13],"is_endless":false,"potions_floor_spawned":[5,6,7,12,14,23,29,33,35],"killed_by":"Giant Head","ascension_level":0}