{"gold_per_floor":[113,131,131,131,5,36,54,86,86,101,117,117],"floor_reached":12,"playtime":655,"items_purged":["Regret"],"score":108,"play_id":"88397989-1d9f-4e58-af56-25ef55178cd7","local_time":"20190416030313","is_ascension_mode":true,"campfire_choices":[],"neow_cost":"NONE","seed_source_timestamp":2752599275925916,"circlet_count":0,"master_deck":["Strike_R","Strike_R","Strike_R","Strike_R","Strike_R","Defend_R","Defend_R","Defend_R","Defend_R","Bash+1","Cleave","Armaments+1","Sword Boomerang","Clothesline","Heavy Blade","Bludgeon","Feel No Pain","Headbutt","Shockwave","Shrug It Off"],"relics":["Burning Blood","Art of War","Prayer Wheel","Calipers","Pear"],"potions_floor_usage":[],"damage_taken":[{"damage":0,"enemies":"2 Louse","floor":1,"turns":3},{"damage":2,"enemies":"Small Slimes","floor":2,"turns":4},{"damage":40,"enemies":"3 Sentries","floor":6,"turns":8},{"damage":0,"enemies":"Cultist","floor":7,"turns":3},{"damage":44,"enemies":"Lagavulin","floor":8,"turns":7},{"damage":10,"enemies":"Exordium Wildlife","floor":10,"turns":2},{"damage":13,"enemies":"Large Slime","floor":11,"turns":3},{"damage":19,"enemies":"Gremlin Nob","floor":12,"turns":3}],"seed_played":"-1933027478985864812","potions_obtained":[{"floor":6,"key":"FearPotion"},{"floor":10,"key":"FearPotion"}],"is_trial":false,"path_per_floor":["M","M","?","?","$","E","M","E","T","M","M","E"],"character_chosen":"IRONCLAD","items_purchased":["Sword Boomerang"],"campfire_rested":0,"item_purchase_floors":[5],"current_hp_per_floor":[80,80,80,80,80,46,52,14,24,20,13,0],"gold":117,"neow_bonus":"UPGRADE_CARD","is_prod":false,"is_daily":false,"chose_seed":false,"campfire_upgraded":0,"win_rate":0,"timestamp":1555398193,"path_taken":["M","M","?","?","$","E","?","E","T","M","M","E"],"build_version":"2019-01-23","purchased_purges":1,"victory":false,"max_hp_per_floor":[80,80,80,80,80,80,80,80,90,90,90,90],"card_choices":[{"not_picked":["Thunderclap","Entrench"],"picked":"Cleave","floor":1},{"not_picked":["Rampage","Rage"],"picked":"Armaments","floor":2},{"not_picked":["Flex","Burning Pact"],"picked":"Clothesline","floor":6},{"not_picked":["Bloodletting","Dual Wield"],"picked":"Heavy Blade","floor":7},{"not_picked":["Sentinel","Clothesline","Heavy Blade"],"picked":"SKIP","floor":7},{"not_picked":["Blood for Blood","Thunderclap"],"picked":"Bludgeon","floor":8},{"not_picked":["True Grit","Cleave"],"picked":"Feel No Pain","floor":10},{"not_picked":["Flex","Rampage"],"picked":"Headbutt","floor":10},{"not_picked":["Warcry","Body Slam"],"picked":"Shockwave","floor":11},{"not_picked":["Sword Boomerang","Twin Strike"],"picked":"Shrug It Off","floor":11}],"player_experience":198761,"relics_obtained":[{"floor":6,"key":"Prayer Wheel"},{"floor":8,"key":"Calipers"},{"floor":9,"key":"Pear"}],"event_choices":[{"damage_healed":0,"gold_gain":0,"player_choice":"Box","damage_taken":0,"relics_obtained":["Art of War"],"max_hp_gain":0,"max_hp_loss":0,"event_name":"Big Fish","floor":3,"gold_loss":0,"cards_obtained":["Regret"]},{"damage_healed":0,"gold_gain":0,"player_choice":"Upgraded","damage_taken":0,"max_hp_gain":0,"max_hp_loss":0,"event_name":"Upgrade Shrine","floor":4,"gold_loss":0,"cards_upgraded":["Armaments"]}],"is_beta":false,"boss_relics":[],"items_purged_floors":[5],"is_endless":false,"potions_floor_spawned":[6,10],"killed_by":"Gremlin Nob","ascension_level":4}