{"gold_per_floor":[110,130,130,130,130,130,162,176,200,216,216,232,252,217,217,312,312,299,28,39,39,39,39,39,58,111,131,131,147,147,177,177,274,274,294,294,305,111,111,142,242,277,277,277],"floor_reached":44,"playtime":2193,"items_purged":[],"score":656,"play_id":"820c0bc9-6a1b-4fb5-9687-466c6bb961e3","local_time":"20190521144529","is_ascension_mode":true,"campfire_choices":[{"data":"Fiend Fire","floor":6,"key":"SMITH"},{"data":"Metallicize","floor":11,"key":"SMITH"},{"data":"Demon Form","floor":15,"key":"SMITH"},{"data":"Armaments","floor":23,"key":"SMITH"},{"floor":28,"key":"REST"},{"data":"Uppercut","floor":30,"key":"SMITH"},{"data":"Shockwave","floor":32,"key":"SMITH"}],"neow_cost":"NONE","seed_source_timestamp":1290017134900,"circlet_count":0,"master_deck":["Strike_R","Strike_R","Strike_R","Strike_R","Strike_R","Defend_R","Defend_R","Defend_R","Armaments+1","Fiend Fire+1","Double Tap","Metallicize+1","Uppercut+1","Demon Form+1","Limit Break","Twin Strike+1","Metallicize","Shrug It Off","Metallicize+1","Bash","Deep Breath","Shrug It Off","Shockwave+1","Shrug It Off+1","Impervious","Pummel+1","Heavy Blade"],"relics":["Burning Blood","Oddly Smooth Stone","PreservedInsect","Sozu","Happy Flower","Tiny Chest","Bronze Scales","Black Star","Vajra","Juzu Bracelet","Singing Bowl","Centennial Puzzle","Gambling Chip","Orichalcum","Shuriken","Unceasing Top"],"potions_floor_usage":[10,16,25,27],"damage_taken":[{"damage":0,"enemies":"Small Slimes","floor":1,"turns":3},{"damage":9,"enemies":"2 Louse","floor":2,"turns":3},{"damage":49,"enemies":"3 Sentries","floor":7,"turns":10},{"damage":0,"enemies":"Cultist","floor":8,"turns":2},{"damage":0,"enemies":"Looter","floor":10,"turns":3},{"damage":8,"enemies":"Exordium Thugs","floor":12,"turns":6},{"damage":8,"enemies":"Large Slime","floor":13,"turns":5},{"damage":36,"enemies":"Slime Boss","floor":16,"turns":8},{"damage":21,"enemies":"2 Thieves","floor":18,"turns":4},{"damage":12,"enemies":"Spheric Guardian","floor":20,"turns":6},{"damage":16,"enemies":"Snake Plant","floor":25,"turns":5},{"damage":7,"enemies":"Centurion and Healer","floor":27,"turns":6},{"damage":8,"enemies":"Cultist and Chosen","floor":29,"turns":7},{"damage":9,"enemies":"Book of Stabbing","floor":31,"turns":6},{"damage":29,"enemies":"Automaton","floor":33,"turns":7},{"damage":16,"enemies":"3 Darklings","floor":35,"turns":6},{"damage":7,"enemies":"Orb Walker","floor":37,"turns":5},{"damage":21,"enemies":"Nemesis","floor":40,"turns":7},{"damage":0,"enemies":"Mind Bloom Boss Battle","floor":41,"turns":7},{"damage":30,"enemies":"Giant Head","floor":42,"turns":6},{"damage":50,"enemies":"Nemesis","floor":44,"turns":4}],"seed_played":"-8382571534805181886","potions_obtained":[{"floor":2,"key":"Strength Potion"},{"floor":7,"key":"Poison Potion"},{"floor":13,"key":"Weak Potion"},{"floor":16,"key":"Weak Potion"}],"is_trial":false,"path_per_floor":["M","M","?","?","?","R","E","M","T","M","R","M","M","?","R","B",null,"M","$","M","?","$","R","?","M","T","M","R","M","R","E","R","B",null,"M","T","M","$","T","E","?","E","T","E"],"character_chosen":"IRONCLAD","items_purchased":["Metallicize","Happy Flower","Shrug It Off","Heavy Blade","Vajra"],"campfire_rested":1,"item_purchase_floors":[19,19,19,38,38],"current_hp_per_floor":[78,75,75,80,80,80,37,43,43,49,49,47,45,66,66,36,73,58,58,52,52,52,52,52,42,42,41,66,64,64,61,61,38,73,63,63,62,62,62,49,57,35,35,0],"gold":277,"neow_bonus":"REMOVE_CARD","is_prod":false,"is_daily":false,"chose_seed":false,"campfire_upgraded":6,"win_rate":0,"timestamp":1558464329,"path_taken":["M","M","?","?","?","R","E","M","T","M","R","M","?","?","R","BOSS","M","$","M","?","?","R","?","M","T","M","R","M","R","E","R","BOSS","M","?","M","$","?","E","?","E","T","E"],"build_version":"2019-01-23","purchased_purges":0,"victory":false,"max_hp_per_floor":[80,80,80,85,85,85,85,85,85,85,85,85,85,85,85,85,85,85,85,85,85,85,85,85,85,85,85,85,85,85,85,85,85,85,85,85,85,85,85,87,89,91,91,91],"card_choices":[{"not_picked":["Anger","Clothesline","Power Through"],"picked":"SKIP","floor":1},{"not_picked":["Pommel Strike","Twin Strike","Sentinel"],"picked":"SKIP","floor":2},{"not_picked":["Cleave","Dual Wield"],"picked":"Double Tap","floor":7},{"not_picked":["Perfected Strike","Dual Wield","Headbutt"],"picked":"SKIP","floor":8},{"not_picked":["Anger","Warcry"],"picked":"Metallicize","floor":10},{"not_picked":["Pommel Strike","Wild Strike"],"picked":"Uppercut","floor":12},{"not_picked":["Perfected Strike","Battle Trance"],"picked":"Demon Form","floor":13},{"not_picked":["Berserk","Fiend Fire"],"picked":"Limit Break","floor":16},{"not_picked":["Cleave","Clash"],"picked":"Twin Strike+1","floor":18},{"not_picked":["Corruption","Perfected Strike","Cleave"],"picked":"SKIP","floor":20},{"not_picked":["Twin Strike","Reckless Charge+1"],"picked":"Shrug It Off","floor":25},{"not_picked":["Bludgeon","Body Slam"],"picked":"Shockwave","floor":27},{"not_picked":["Havoc+1","Wild Strike"],"picked":"Shrug It Off+1","floor":29},{"not_picked":["Body Slam","Iron Wave","Havoc+1"],"picked":"SKIP","floor":31},{"not_picked":["Bludgeon","Double Tap"],"picked":"Impervious","floor":33},{"not_picked":["Sever Soul","Armaments","True Grit"],"picked":"SKIP","floor":35},{"not_picked":["Anger+1","Whirlwind"],"picked":"Pummel+1","floor":37},{"not_picked":["Armaments","Second Wind+1","Bloodletting+1"],"picked":"Singing Bowl","floor":40},{"not_picked":["Evolve","Infernal Blade+1","Intimidate"],"picked":"Singing Bowl","floor":41},{"not_picked":["Thunderclap+1","Sentinel","Seeing Red"],"picked":"Singing Bowl","floor":42}],"player_experience":224223,"relics_obtained":[{"floor":7,"key":"Oddly Smooth Stone"},{"floor":9,"key":"PreservedInsect"},{"floor":26,"key":"Tiny Chest"},{"floor":31,"key":"Bronze Scales"},{"floor":39,"key":"Juzu Bracelet"},{"floor":40,"key":"Singing Bowl"},{"floor":40,"key":"Centennial Puzzle"},{"floor":41,"key":"Gambling Chip"},{"floor":42,"key":"Orichalcum"},{"floor":42,"key":"Shuriken"},{"floor":43,"key":"Unceasing Top"}],"event_choices":[{"damage_healed":0,"gold_gain":0,"cards_transformed":["Bash"],"player_choice":"Change","damage_taken":0,"max_hp_gain":0,"max_hp_loss":0,"event_name":"Living Wall","floor":3,"gold_loss":0,"cards_obtained":["Armaments"]},{"damage_healed":0,"gold_gain":0,"player_choice":"Donut","damage_taken":0,"max_hp_gain":5,"max_hp_loss":0,"event_name":"Big Fish","floor":4,"gold_loss":0},{"damage_healed":0,"gold_gain":0,"player_choice":"1 cards matched","damage_taken":0,"max_hp_gain":0,"max_hp_loss":0,"event_name":"Match and Keep!","floor":5,"gold_loss":0,"cards_obtained":["Fiend Fire"]},{"damage_healed":0,"gold_gain":0,"player_choice":"1 cards matched","damage_taken":0,"max_hp_gain":0,"max_hp_loss":0,"event_name":"Match and Keep!","floor":5,"gold_loss":0,"cards_obtained":["Fiend Fire"]},{"damage_healed":0,"gold_gain":0,"player_choice":"1 cards matched","damage_taken":0,"max_hp_gain":0,"max_hp_loss":0,"event_name":"Match and Keep!","floor":5,"gold_loss":0,"cards_obtained":["Fiend Fire"]},{"damage_healed":21,"gold_gain":0,"player_choice":"Healed","damage_taken":0,"max_hp_gain":0,"max_hp_loss":0,"event_name":"The Cleric","floor":14,"gold_loss":35},{"damage_healed":0,"gold_gain":0,"player_choice":"Copied","damage_taken":0,"max_hp_gain":0,"max_hp_loss":0,"event_name":"Duplicator","floor":21,"gold_loss":0,"cards_obtained":["Metallicize"]},{"damage_healed":0,"gold_gain":0,"player_choice":"2 cards matched","damage_taken":0,"max_hp_gain":0,"max_hp_loss":0,"event_name":"Match and Keep!","floor":24,"gold_loss":0,"cards_obtained":["Bash","Deep Breath"]},{"damage_healed":0,"gold_gain":0,"player_choice":"Fight","damage_taken":0,"max_hp_gain":0,"max_hp_loss":0,"event_name":"MindBloom","floor":41,"gold_loss":0}],"is_beta":false,"boss_relics":[{"not_picked":["Coffee Dripper","Fusion Hammer"],"picked":"Sozu"},{"not_picked":["Orrery","White Beast Statue"],"picked":"Black Star"}],"items_purged_floors":[],"is_endless":false,"potions_floor_spawned":[2,7,13,16,18,20,27,35,42],"killed_by":"Nemesis","ascension_level":7}