{"gold_per_floor":[117,134,145,155,155,199,199,233,233,233,268,293,293,312,312,440,440,459,473,493,493,493,537,452,452,452,452],"floor_reached":27,"playtime":1060,"items_purged":[],"score":361,"play_id":"557d8e6b-3151-4161-aa49-98a4b408226f","local_time":"20190822022415","is_ascension_mode":true,"campfire_choices":[{"floor":7,"key":"REST"},{"floor":10,"key":"REST"},{"data":"Conserve Battery","floor":15,"key":"SMITH"},{"floor":25,"key":"REST"}],"neow_cost":"NONE","seed_source_timestamp":5902109735641505,"circlet_count":0,"master_deck":["Strike_B","Strike_B","Strike_B","Strike_B","Defend_B","Defend_B","Defend_B","Defend_B","Zap+1","Dualcast","Chill+1","Ball Lightning","Conserve Battery+1","Doom and Gloom","Undo","Cold Snap+1","Doom and Gloom+1","Cold Snap+1","Buffer","Loop","Steam","Gash+1","RitualDagger+1","Genetic Algorithm+1"],"relics":["Cracked Core","Golden Idol","FossilizedHelix","Kunai","Matryoshka","Molten Egg 2","Mercury Hourglass","Inserter","Bottled Tornado","Question Card","War Paint","The Courier"],"potions_floor_usage":[16,16,23],"damage_taken":[{"damage":1,"enemies":"Cultist","floor":1,"turns":3},{"damage":0,"enemies":"2 Louse","floor":2,"turns":2},{"damage":3,"enemies":"Small Slimes","floor":3,"turns":3},{"damage":21,"enemies":"Gremlin Gang","floor":4,"turns":3},{"damage":23,"enemies":"Lagavulin","floor":6,"turns":5},{"damage":17,"enemies":"3 Sentries","floor":8,"turns":7},{"damage":0,"enemies":"Gremlin Nob","floor":11,"turns":3},{"damage":0,"enemies":"2 Fungi Beasts","floor":12,"turns":4},{"damage":0,"enemies":"Looter","floor":14,"turns":2},{"damage":9,"enemies":"Hexaghost","floor":16,"turns":9},{"damage":13,"enemies":"2 Thieves","floor":18,"turns":3},{"damage":9,"enemies":"Chosen","floor":19,"turns":5},{"damage":3,"enemies":"Centurion and Healer","floor":20,"turns":5},{"damage":35,"enemies":"Slavers","floor":23,"turns":5},{"damage":26,"enemies":"Book of Stabbing","floor":27,"turns":4}],"seed_played":"8502879271453561596","potions_obtained":[{"floor":2,"key":"SteroidPotion"},{"floor":8,"key":"LiquidBronze"},{"floor":11,"key":"Regen Potion"},{"floor":14,"key":"Poison Potion"},{"floor":18,"key":"FairyPotion"},{"floor":23,"key":"FearPotion"}],"is_trial":false,"path_per_floor":["M","M","M","M","?","E","R","E","T","R","E","M","?","M","R","B",null,"M","M","M","?","?","E","?","R","T","E"],"character_chosen":"DEFECT","items_purchased":[],"campfire_rested":3,"item_purchase_floors":[],"current_hp_per_floor":[67,67,64,43,43,20,40,23,23,43,43,43,43,43,43,49,64,51,42,39,33,33,6,6,26,26,0],"gold":452,"neow_bonus":"UPGRADE_CARD","is_prod":false,"is_daily":false,"chose_seed":false,"campfire_upgraded":1,"win_rate":0,"timestamp":1566455055,"path_taken":["M","?","M","M","?","E","R","E","T","R","E","M","?","M","R","BOSS","M","?","M","?","?","E","?","R","T","E"],"build_version":"2019-07-17","purchased_purges":0,"victory":false,"max_hp_per_floor":[75,75,75,75,69,69,69,69,69,69,69,69,69,69,69,69,69,69,69,69,69,69,69,69,69,69,69],"card_choices":[{"not_picked":["Beam Cell","Steam Power"],"picked":"Chill","floor":1},{"not_picked":["Streamline","Reinforced Body"],"picked":"Ball Lightning","floor":2},{"not_picked":["Go for the Eyes","Storm"],"picked":"Conserve Battery","floor":3},{"not_picked":["Beam Cell","Steam Power"],"picked":"Doom and Gloom","floor":4},{"not_picked":["Streamline","Beam Cell","Conserve Battery"],"picked":"SKIP","floor":6},{"not_picked":["Redo","Aggregate"],"picked":"Undo","floor":8},{"not_picked":["Rainbow","Steam Power"],"picked":"Cold Snap","floor":11},{"not_picked":["Fusion","Conserve Battery"],"picked":"Doom and Gloom+1","floor":12},{"not_picked":["Beam Cell+1","Conserve Battery"],"picked":"Cold Snap+1","floor":14},{"not_picked":["Machine Learning","Meteor Strike+1"],"picked":"Buffer","floor":16},{"not_picked":["Steam","Go for the Eyes+1"],"picked":"Loop","floor":18},{"not_picked":["Ball Lightning+1","Streamline+1"],"picked":"Steam","floor":19},{"not_picked":["Doom and Gloom+1","Lockon+1"],"picked":"Gash+1","floor":20},{"not_picked":["Tempest","Streamline+1","Amplify"],"picked":"SKIP","floor":23}],"player_experience":373037,"relics_obtained":[{"floor":6,"key":"FossilizedHelix"},{"floor":8,"key":"Kunai"},{"floor":9,"key":"Matryoshka"},{"floor":11,"key":"Molten Egg 2"},{"floor":23,"key":"Bottled Tornado"},{"floor":26,"key":"War Paint"},{"floor":26,"key":"The Courier"}],"event_choices":[{"damage_healed":0,"gold_gain":0,"player_choice":"Lose Max HP","damage_taken":0,"relics_obtained":["Golden Idol"],"max_hp_gain":0,"max_hp_loss":6,"event_name":"Golden Idol","floor":5,"gold_loss":0},{"damage_healed":0,"gold_gain":0,"player_choice":"Gave Potion","damage_taken":0,"relics_obtained":["Mercury Hourglass"],"max_hp_gain":0,"max_hp_loss":0,"event_name":"WeMeetAgain","floor":13,"gold_loss":0},{"damage_healed":0,"gold_gain":0,"player_choice":"Joined the Cult","damage_taken":6,"max_hp_gain":0,"max_hp_loss":0,"event_name":"Nest","floor":21,"gold_loss":0,"cards_obtained":["RitualDagger"]},{"damage_healed":0,"gold_gain":0,"player_choice":"Read","damage_taken":0,"max_hp_gain":0,"max_hp_loss":0,"event_name":"The Library","floor":22,"gold_loss":0,"cards_obtained":["Genetic Algorithm"]},{"damage_healed":0,"gold_gain":0,"player_choice":"Obtained Relic","damage_taken":0,"relics_obtained":["Question Card"],"max_hp_gain":0,"max_hp_loss":0,"event_name":"Addict","floor":24,"gold_loss":85}],"is_beta":false,"boss_relics":[{"not_picked":["Orrery","Pandora\u0027s Box"],"picked":"Inserter"}],"items_purged_floors":[],"is_endless":false,"potions_floor_spawned":[2,8,11,12,14,18,23],"killed_by":"Book of Stabbing","ascension_level":6}