{"path_per_floor":["M","M","M","M","M","R","E","?","T","E","M","M","R","M","R","B",null,"M","M","$","M","?","E","M","M","T","M","M","E","R","M","R","B",null,"M","M","M","M","M","E","M","R","T","?","$","R","?","M","R"],"character_chosen":"IRONCLAD","items_purchased":["Matryoshka","Flex","Offering","Champion Belt","Apotheosis","Jack Of All Trades","Bandage Up","Madness"],"gold_per_floor":[118,136,152,166,179,179,506,562,589,615,628,647,647,665,665,764,764,780,792,512,532,457,482,502,522,522,533,546,581,581,595,595,690,690,708,728,745,758,770,804,814,814,841,841,10,10,10,25,25],"floor_reached":50,"campfire_rested":3,"playtime":3634,"current_hp_per_floor":[80,78,75,66,60,60,38,18,18,12,18,24,48,52,52,25,80,79,83,83,86,86,69,72,73,73,69,78,77,77,88,88,71,78,78,76,81,69,63,45,26,53,53,53,53,53,53,58,90],"items_purged":["Defend_R"],"gold":25,"play_id":"83211056-1928-41e4-ace0-db607f094ab9","is_prod":false,"is_daily":false,"campfire_rituals":0,"campfire_upgraded":5,"is_hardmode":false,"path_taken":["M","M","M","M","M","R","E","?","T","E","M","M","R","M","R","BOSS","M","M","$","M","?","E","M","M","T","M","M","E","R","M","R","BOSS","M","M","M","M","M","E","M","R","T","?","$","R","?","M","R","BOSS"],"build_version":"2018-01-11-PROD2","purchased_purges":1,"victory":false,"master_deck":["Strike_R","Strike_R","Strike_R","Strike_R","Defend_R","Defend_R","Defend_R","Bash","Carnage","Iron Wave","Iron Wave","Feed","Flex","Flex","Headbutt","Shrug It Off","Headbutt","Sword Boomerang","Armaments","Battle Trance","Blood for Blood","Heavy Blade","Infernal Blade","Offering","Apotheosis","Jack Of All Trades","Bandage Up","Madness"],"max_hp_per_floor":[80,80,80,80,80,80,80,80,80,80,80,80,80,80,80,80,80,80,83,83,86,86,86,86,89,89,89,92,95,95,98,98,98,78,78,81,81,81,84,87,90,90,90,90,90,90,90,90,90],"relics":["Burning Blood","Omamori","Old Coin","Thread and Needle","Vajra","Gremlin Horn","Sozu","Matryoshka","Toolbox","Bag of Marbles","The Courier","Darkstone Periapt","Runic Cube","Juzu Bracelet","Toxic Egg","Regal Pillow","Champion Belt"],"campfire_meditates":0,"card_choices":[{"not_picked":["Dark Embrace","Armaments"],"picked":"Carnage"},{"not_picked":["Sword Boomerang","Thunderclap"],"picked":"Iron Wave"},{"not_picked":["Rage","Feel No Pain"],"picked":"Iron Wave"},{"not_picked":["Metallicize","Fire Breathing"],"picked":"Seeing Red"},{"not_picked":["Bludgeon","Barricade"],"picked":"Feed"},{"not_picked":["Dual Wield","Havoc"],"picked":"Flex"},{"not_picked":["Armaments","Searing Blow"],"picked":"Headbutt"},{"not_picked":["Clothesline","Wild Strike"],"picked":"Shrug It Off"},{"not_picked":["Armaments","Clash"],"picked":"Headbutt"},{"not_picked":["Dual Wield","Thunderclap"],"picked":"Sword Boomerang"},{"not_picked":["Sever Soul","Searing Blow"],"picked":"Armaments"},{"not_picked":["True Grit","Clash"],"picked":"Battle Trance"},{"not_picked":["Wild Strike","Hemokinesis"],"picked":"Blood for Blood"},{"not_picked":["Havoc","Thunderclap"],"picked":"Heavy Blade"},{"not_picked":["Warcry","Shrug It Off"],"picked":"Infernal Blade"}],"player_experience":187779,"potions_floor_usage":[8,16,16],"damage_taken":[{"damage":6,"enemies":"Cultist","floor":1,"turns":3},{"damage":8,"enemies":"Jaw Worm","floor":2,"turns":3},{"damage":9,"enemies":"Blue Slaver","floor":3,"turns":4},{"damage":15,"enemies":"Exordium Wildlife","floor":4,"turns":4},{"damage":12,"enemies":"Looter","floor":5,"turns":4},{"damage":28,"enemies":"Gremlin Nob","floor":7,"turns":4},{"damage":26,"enemies":"Gremlin Nob","floor":8,"turns":5},{"damage":12,"enemies":"Lagavulin","floor":10,"turns":6},{"damage":0,"enemies":"2 Fungi Beasts","floor":11,"turns":2},{"damage":0,"enemies":"Large Slime","floor":12,"turns":3},{"damage":2,"enemies":"3 Louse","floor":14,"turns":2},{"damage":33,"enemies":"Hexaghost","floor":16,"turns":9},{"damage":7,"enemies":"Shell Parasite","floor":18,"turns":6},{"damage":0,"enemies":"Spheric Guardian","floor":19,"turns":3},{"damage":4,"enemies":"Centurion and Healer","floor":21,"turns":4},{"damage":23,"enemies":"Slavers","floor":23,"turns":6},{"damage":7,"enemies":"Snecko","floor":24,"turns":4},{"damage":8,"enemies":"Slaver and Parasite","floor":25,"turns":10},{"damage":10,"enemies":"Snake Plant","floor":27,"turns":3},{"damage":0,"enemies":"Centurion and Healer","floor":28,"turns":5},{"damage":10,"enemies":"Book of Stabbing","floor":29,"turns":4},{"damage":2,"enemies":"3 Cultists","floor":31,"turns":6},{"damage":23,"enemies":"Collector","floor":33,"turns":13},{"damage":0,"enemies":"Orb Walker","floor":35,"turns":1},{"damage":11,"enemies":"3 Shapes","floor":36,"turns":3},{"damage":3,"enemies":"3 Darklings","floor":37,"turns":5},{"damage":18,"enemies":"Maw","floor":38,"turns":5},{"damage":15,"enemies":"Sphere and 2 Shapes","floor":39,"turns":4},{"damage":27,"enemies":"2 Orb Walkers","floor":40,"turns":5},{"damage":28,"enemies":"4 Shapes","floor":41,"turns":5},{"damage":9,"enemies":"3 Darklings","floor":48,"turns":3},{"damage":95,"enemies":"Donu and Deca","floor":50,"turns":8}],"event_choices":[{"event_name":"Dead Adventurer","player_choice":"Searched \u00272\u0027 times","floor":8,"damage_taken":0},{"event_name":"Beggar","player_choice":"Gave Gold","floor":22,"damage_taken":0},{"event_name":"Tomb of Lord Red Mask","player_choice":"Ignored","floor":44,"damage_taken":0}],"boss_relics":[{"not_picked":["Lizard Tail","Pandora\u0027s Box"],"picked":"Sozu"},{"not_picked":["Snecko Eye","White Beast Statue"],"picked":"Runic Cube"}],"potions_floor_spawned":[1,4,8,11,12,16,18,21,25,31,36,37,41,48],"seed_played":"-7427393808611193710","killed_by":"Donu and Deca","is_trial":false}