{"gold_per_floor":[360,374,324,151,151,177,177,205,261,261,295,313,324,324,324,324],"floor_reached":16,"playtime":768,"items_purged":["Strike_R"],"score":159,"play_id":"d2b82b40-0b14-44de-80a5-7c67f2810225","local_time":"20190907034320","is_ascension_mode":true,"campfire_choices":[{"floor":7,"key":"REST"},{"data":"Clothesline","floor":10,"key":"SMITH"},{"data":"Armaments","floor":15,"key":"SMITH"}],"neow_cost":"TEN_PERCENT_HP_LOSS","seed_source_timestamp":309692278057300,"circlet_count":0,"master_deck":["Strike_R","Strike_R","Strike_R","Defend_R","Defend_R","Defend_R","Defend_R","Bash","Clothesline+1","Thunderclap","Pommel Strike","True Grit+1","Inflame","Heavy Blade+1","Iron Wave+1","Armaments+1"],"relics":["Burning Blood","Pen Nib","Molten Egg 2","Tiny Chest","Bottled Flame","Prayer Wheel"],"potions_floor_usage":[6,11,16],"damage_taken":[{"damage":4,"enemies":"2 Louse","floor":1,"turns":3},{"damage":12,"enemies":"Small Slimes","floor":2,"turns":4},{"damage":46,"enemies":"3 Sentries","floor":6,"turns":8},{"damage":31,"enemies":"Lagavulin","floor":8,"turns":7},{"damage":11,"enemies":"3 Sentries","floor":11,"turns":5},{"damage":0,"enemies":"Cultist","floor":12,"turns":3},{"damage":5,"enemies":"3 Louse","floor":13,"turns":4},{"damage":24,"enemies":"Hexaghost","floor":16,"turns":9}],"seed_played":"6304462090955035895","potions_obtained":[{"floor":2,"key":"EssenceOfSteel"},{"floor":8,"key":"Explosive Potion"},{"floor":11,"key":"Weak Potion"},{"floor":12,"key":"Weak Potion"},{"floor":13,"key":"SpeedPotion"}],"is_trial":false,"path_per_floor":["M","M","?","$","?","E","R","E","T","R","E","M","M","?","R","B"],"character_chosen":"IRONCLAD","items_purchased":["Pommel Strike","True Grit"],"campfire_rested":1,"item_purchase_floors":[4,4],"current_hp_per_floor":[72,66,66,66,66,26,47,22,22,22,17,23,24,24,24,0],"gold":324,"neow_bonus":"TWO_FIFTY_GOLD","is_prod":false,"is_daily":false,"chose_seed":false,"campfire_upgraded":2,"win_rate":0,"timestamp":1567842200,"path_taken":["M","M","?","$","?","E","R","E","T","R","E","?","M","?","R","BOSS"],"build_version":"2019-07-17","purchased_purges":1,"victory":false,"max_hp_per_floor":[72,72,72,72,72,72,72,72,72,72,72,72,72,72,72,72],"card_choices":[{"not_picked":["Clash","Inflame"],"picked":"Clothesline","floor":1},{"not_picked":["Armaments","Sever Soul"],"picked":"Thunderclap","floor":2},{"not_picked":["Exhume","Wild Strike"],"picked":"Inflame","floor":6},{"not_picked":["Thunderclap","Fire Breathing"],"picked":"Heavy Blade","floor":8},{"not_picked":["Rage","Infernal Blade","Sentinel"],"picked":"SKIP","floor":11},{"not_picked":["Infernal Blade","Rage"],"picked":"Iron Wave+1","floor":12},{"not_picked":["Sword Boomerang+1","Perfected Strike+1"],"picked":"Armaments","floor":13}],"player_experience":391382,"relics_obtained":[{"floor":6,"key":"Pen Nib"},{"floor":8,"key":"Molten Egg 2"},{"floor":9,"key":"Tiny Chest"},{"floor":11,"key":"Bottled Flame"}],"event_choices":[{"cards_removed":["Strike_R"],"damage_healed":0,"gold_gain":0,"player_choice":"Card Removal","damage_taken":0,"max_hp_gain":0,"max_hp_loss":0,"event_name":"The Cleric","floor":3,"gold_loss":50},{"damage_healed":0,"gold_gain":0,"player_choice":"Upgraded","damage_taken":0,"max_hp_gain":0,"max_hp_loss":0,"event_name":"Upgrade Shrine","floor":5,"gold_loss":0,"cards_upgraded":["True Grit"]},{"damage_healed":0,"gold_gain":0,"player_choice":"Gave Potion","damage_taken":0,"relics_obtained":["Prayer Wheel"],"max_hp_gain":0,"max_hp_loss":0,"event_name":"WeMeetAgain","floor":14,"gold_loss":0}],"is_beta":false,"boss_relics":[],"items_purged_floors":[4],"is_endless":false,"potions_floor_spawned":[2,8,11,12,13],"killed_by":"Hexaghost","ascension_level":7}