{"gold_per_floor":[113,113,93,105,123,123,142,142,142,169,182,182,182,215,215,215],"floor_reached":16,"playtime":785,"items_purged":[],"score":138,"play_id":"19b81be8-ffaf-4fa1-b981-8f621ffe2747","local_time":"20190430041531","is_ascension_mode":true,"campfire_choices":[{"data":"Uppercut","floor":6,"key":"SMITH"},{"data":"Bash","floor":8,"key":"SMITH"},{"data":"True Grit","floor":12,"key":"SMITH"},{"floor":15,"key":"REST"}],"neow_cost":"PERCENT_DAMAGE","seed_source_timestamp":1059331118064810,"circlet_count":0,"master_deck":["Strike_R","Strike_R","Strike_R","Strike_R","Strike_R","Defend_R+1","Defend_R+1","Defend_R","Defend_R","Bash+1","Reaper","Armaments+1","Uppercut+1","Shrug It Off","Whirlwind","True Grit+1","Feed"],"relics":["Burning Blood","Matryoshka","Anchor"],"potions_floor_usage":[10,14],"damage_taken":[{"damage":7,"enemies":"Jaw Worm","floor":1,"turns":3},{"damage":3,"enemies":"2 Louse","floor":4,"turns":3},{"damage":1,"enemies":"Cultist","floor":5,"turns":3},{"damage":7,"enemies":"Blue Slaver","floor":7,"turns":4},{"damage":28,"enemies":"Gremlin Nob","floor":10,"turns":5},{"damage":16,"enemies":"Exordium Wildlife","floor":11,"turns":4},{"damage":30,"enemies":"Lagavulin","floor":14,"turns":9},{"damage":47,"enemies":"Hexaghost","floor":16,"turns":12}],"seed_played":"-6827526352113529558","potions_obtained":[{"floor":3,"key":"Weak Potion"},{"floor":10,"key":"SkillPotion"},{"floor":11,"key":"SpeedPotion"}],"is_trial":false,"path_per_floor":["M","?","?","M","M","R","M","R","T","E","M","R","?","E","R","B"],"character_chosen":"IRONCLAD","items_purchased":[],"campfire_rested":1,"item_purchase_floors":[],"current_hp_per_floor":[55,55,55,68,73,73,77,77,77,55,51,51,35,11,35,0],"gold":215,"neow_bonus":"THREE_RARE_CARDS","is_prod":false,"is_daily":false,"chose_seed":false,"campfire_upgraded":3,"win_rate":0,"timestamp":1556612131,"path_taken":["M","?","?","M","M","R","?","R","T","E","M","R","?","E","R","BOSS"],"build_version":"2019-01-23","purchased_purges":0,"victory":false,"max_hp_per_floor":[80,80,80,80,80,80,80,80,80,80,80,80,80,80,80,80],"card_choices":[{"not_picked":["Feed","Impervious"],"picked":"Reaper","floor":0},{"not_picked":["Flex","Sword Boomerang"],"picked":"Armaments","floor":1},{"not_picked":["Clothesline","Corruption"],"picked":"Uppercut","floor":4},{"not_picked":["Warcry","Heavy Blade"],"picked":"Shrug It Off","floor":5},{"not_picked":["Rage","Warcry"],"picked":"Whirlwind","floor":7},{"not_picked":["Shrug It Off","Exhume"],"picked":"True Grit","floor":10},{"not_picked":["Fire Breathing","Warcry","Clash"],"picked":"SKIP","floor":11},{"not_picked":["Flex","Pommel Strike"],"picked":"Feed","floor":14}],"player_experience":231750,"relics_obtained":[{"floor":10,"key":"Matryoshka"},{"floor":14,"key":"Anchor"}],"event_choices":[{"damage_healed":0,"gold_gain":0,"player_choice":"Grow","damage_taken":0,"max_hp_gain":0,"max_hp_loss":0,"event_name":"Living Wall","floor":2,"gold_loss":0,"cards_upgraded":["Armaments"]},{"damage_healed":0,"gold_gain":0,"player_choice":"Bought 1 Potion","damage_taken":0,"max_hp_gain":0,"max_hp_loss":0,"event_name":"The Woman in Blue","floor":3,"gold_loss":0},{"damage_healed":0,"gold_gain":0,"player_choice":"Entered Light","damage_taken":16,"max_hp_gain":0,"max_hp_loss":0,"event_name":"Shining Light","floor":13,"gold_loss":0,"cards_upgraded":["Defend_R","Defend_R"]}],"is_beta":false,"boss_relics":[],"items_purged_floors":[],"is_endless":false,"potions_floor_spawned":[10,11],"killed_by":"Hexaghost","ascension_level":5}