{"gold_per_floor":[210,89,107,107,125,125,154,154,154,154,188,205,232,132,132,230,230,245,245,245,255,275,309,324,324],"floor_reached":25,"playtime":1519,"items_purged":["Strike_R","Pain"],"score":301,"play_id":"885d5f37-cf48-4123-99a3-b83157a8e1d0","local_time":"20190727014132","is_ascension_mode":true,"campfire_choices":[{"data":"True Grit","floor":6,"key":"SMITH"},{"data":"Bash","floor":8,"key":"SMITH"},{"floor":15,"key":"REST"}],"neow_cost":"NONE","seed_source_timestamp":3652711088222378,"circlet_count":0,"master_deck":["Strike_R+1","Strike_R","Strike_R","Strike_R","Defend_R","Defend_R","Defend_R","Defend_R","Bash+1","Pommel Strike","True Grit+1","Anger+1","Shockwave","Flame Barrier","Shrug It Off","Offering","Disarm+1","Battle Trance+1","Whirlwind","True Grit+1","Demon Form+1"],"relics":["Burning Blood","Pantograph","Frozen Egg 2","WarpedTongs","Ancient Tea Set","Juzu Bracelet","Velvet Choker","Nunchaku","Dead Branch","Oddly Smooth Stone"],"potions_floor_usage":[25,25],"damage_taken":[{"damage":8,"enemies":"Jaw Worm","floor":1,"turns":5},{"damage":3,"enemies":"2 Louse","floor":3,"turns":4},{"damage":6,"enemies":"Cultist","floor":5,"turns":3},{"damage":8,"enemies":"Gremlin Nob","floor":7,"turns":3},{"damage":21,"enemies":"3 Sentries","floor":11,"turns":8},{"damage":2,"enemies":"Red Slaver","floor":12,"turns":3},{"damage":30,"enemies":"Lagavulin","floor":13,"turns":8},{"damage":47,"enemies":"Slime Boss","floor":16,"turns":11},{"damage":0,"enemies":"3 Byrds","floor":18,"turns":2},{"damage":23,"enemies":"2 Thieves","floor":21,"turns":4},{"damage":23,"enemies":"3 Cultists","floor":22,"turns":5},{"damage":10,"enemies":"Book of Stabbing","floor":23,"turns":5},{"damage":18,"enemies":"Centurion and Healer","floor":24,"turns":5},{"damage":28,"enemies":"Slavers","floor":25,"turns":3}],"seed_played":"4516528960470487716","potions_obtained":[{"floor":1,"key":"Swift Potion"},{"floor":7,"key":"Energy Potion"},{"floor":12,"key":"Block Potion"}],"is_trial":false,"path_per_floor":["M","$","M","?","M","R","E","R","T","?","E","M","E","$","R","B",null,"M","?","?","M","M","E","M","E"],"character_chosen":"IRONCLAD","items_purchased":["True Grit"],"campfire_rested":1,"item_purchase_floors":[2],"current_hp_per_floor":[78,78,80,64,64,64,62,62,62,62,47,51,27,27,51,35,69,75,75,75,58,41,37,25,0],"gold":324,"neow_bonus":"HUNDRED_GOLD","is_prod":false,"is_daily":false,"chose_seed":false,"campfire_upgraded":2,"win_rate":0,"timestamp":1564206092,"path_taken":["M","$","M","?","M","R","E","R","T","?","E","M","E","$","R","BOSS","M","?","?","M","M","E","M","E"],"build_version":"2019-07-17","purchased_purges":2,"victory":false,"max_hp_per_floor":[80,80,80,80,80,80,80,80,80,80,80,80,80,80,80,80,80,80,80,80,80,80,80,80,80],"card_choices":[{"not_picked":["Bloodletting","Havoc"],"picked":"Pommel Strike","floor":1},{"not_picked":["True Grit","Whirlwind"],"picked":"Anger","floor":3},{"not_picked":["Flex","Wild Strike","Clash"],"picked":"SKIP","floor":5},{"not_picked":["Rupture","Warcry","Limit Break"],"picked":"SKIP","floor":7},{"not_picked":["Second Wind","Thunderclap"],"picked":"Shockwave","floor":11},{"not_picked":["Warcry","Blood for Blood"],"picked":"Flame Barrier","floor":12},{"not_picked":["Body Slam","Twin Strike"],"picked":"Shrug It Off","floor":13},{"not_picked":["Brutality+1","Berserk+1"],"picked":"Offering","floor":16},{"not_picked":["Shrug It Off","Flex"],"picked":"Disarm+1","floor":18},{"not_picked":["Metallicize+1","Flex"],"picked":"Battle Trance+1","floor":21},{"not_picked":["Flex","Anger"],"picked":"Whirlwind","floor":22},{"not_picked":["Headbutt","Cleave"],"picked":"True Grit+1","floor":23},{"not_picked":["Twin Strike","Seeing Red"],"picked":"Demon Form+1","floor":24}],"player_experience":349257,"relics_obtained":[{"floor":7,"key":"Pantograph"},{"floor":9,"key":"Frozen Egg 2"},{"floor":11,"key":"Ancient Tea Set"},{"floor":13,"key":"Juzu Bracelet"},{"floor":19,"key":"Nunchaku"},{"floor":23,"key":"Oddly Smooth Stone"}],"event_choices":[{"damage_healed":0,"gold_gain":0,"player_choice":"Entered Light","damage_taken":16,"max_hp_gain":0,"max_hp_loss":0,"event_name":"Shining Light","floor":4,"gold_loss":0,"cards_upgraded":["Strike_R","Anger"]},{"damage_healed":0,"gold_gain":0,"player_choice":"Rummage","damage_taken":0,"relics_obtained":["WarpedTongs"],"max_hp_gain":0,"max_hp_loss":0,"event_name":"Accursed Blacksmith","floor":10,"gold_loss":0,"cards_obtained":["Pain"]},{"damage_healed":0,"gold_gain":0,"player_choice":"Relic","damage_taken":0,"max_hp_gain":0,"max_hp_loss":0,"event_name":"Wheel of Change","floor":19,"gold_loss":0},{"damage_healed":0,"gold_gain":0,"player_choice":"Opened","damage_taken":0,"relics_obtained":["Dead Branch"],"max_hp_gain":0,"max_hp_loss":0,"event_name":"The Mausoleum","floor":20,"gold_loss":0}],"is_beta":false,"boss_relics":[{"not_picked":["Tiny House","Busted Crown"],"picked":"Velvet Choker"}],"items_purged_floors":[2,14],"is_endless":false,"potions_floor_spawned":[1,7,12,16,18],"killed_by":"Slavers","ascension_level":5}