{"gold_per_floor":[111,111,125,138,148,148,148,148,148,166,166,182,182,193,193,298,298,298,298,238,238,238,238,238,163,163,163,163,109,109,109,109,109,109,109,109,0,0,0,0,0,0,0,0,0,0,0,0,0,0],"floor_reached":50,"playtime":3581,"items_purged":[],"score":504,"play_id":"c93944b9-5e6c-4fff-b008-feb19d8cc134","local_time":"20190904002041","is_ascension_mode":false,"campfire_choices":[{"data":"Pommel Strike","floor":6,"key":"SMITH"},{"data":"Shrug It Off","floor":8,"key":"SMITH"},{"data":"Twin Strike","floor":11,"key":"SMITH"},{"data":"Iron Wave","floor":13,"key":"SMITH"},{"floor":15,"key":"REST"},{"data":"Demon Form","floor":23,"key":"SMITH"},{"data":"Whirlwind","floor":30,"key":"SMITH"},{"floor":32,"key":"REST"},{"data":"Metallicize","floor":40,"key":"SMITH"},{"data":"Heavy Blade","floor":42,"key":"SMITH"},{"data":"Pommel Strike","floor":44,"key":"SMITH"},{"data":"Body Slam","floor":47,"key":"SMITH"},{"floor":49,"key":"REST"}],"neow_cost":"NONE","seed_source_timestamp":985952865558300,"circlet_count":0,"master_deck":["Strike_R","Strike_R","Defend_R","Defend_R","Defend_R","Defend_R","Bash","Twin Strike+1","Clothesline","Shrug It Off+1","Pommel Strike+1","Fiend Fire","Twin Strike","Iron Wave+1","Pommel Strike+1","Demon Form+1","Pommel Strike","Discovery","Clothesline+1","Metallicize+1","Body Slam+1","Shockwave","Whirlwind+1","Cleave","Impervious","Heavy Blade+1","Feel No Pain","Armaments+1","Thunderclap","Heavy Blade+1","Pommel Strike+1","Offering"],"relics":["Black Blood","Thread and Needle","Pocketwatch","Ectoplasm","Girya","Mummified Hand","Red Mask","Prayer Wheel","Vajra"],"potions_floor_usage":[50,50],"damage_taken":[{"damage":8,"enemies":"Jaw Worm","floor":1,"turns":4},{"damage":0,"enemies":"Cultist","floor":3,"turns":3},{"damage":0,"enemies":"Small Slimes","floor":4,"turns":3},{"damage":23,"enemies":"Exordium Wildlife","floor":5,"turns":6},{"damage":1,"enemies":"Lots of Slimes","floor":10,"turns":4},{"damage":0,"enemies":"2 Fungi Beasts","floor":12,"turns":3},{"damage":7,"enemies":"3 Louse","floor":14,"turns":3},{"damage":24,"enemies":"Slime Boss","floor":16,"turns":13},{"damage":7,"enemies":"3 Byrds","floor":18,"turns":7},{"damage":3,"enemies":"2 Thieves","floor":20,"turns":4},{"damage":0,"enemies":"Snecko","floor":21,"turns":3},{"damage":20,"enemies":"Gremlin Leader","floor":24,"turns":6},{"damage":0,"enemies":"Centurion and Healer","floor":27,"turns":5},{"damage":0,"enemies":"3 Cultists","floor":31,"turns":4},{"damage":58,"enemies":"Champ","floor":33,"turns":12},{"damage":17,"enemies":"Orb Walker","floor":35,"turns":4},{"damage":29,"enemies":"3 Shapes","floor":36,"turns":4},{"damage":3,"enemies":"Mind Bloom Boss Battle","floor":39,"turns":6},{"damage":8,"enemies":"Jaw Worm Horde","floor":45,"turns":4},{"damage":3,"enemies":"Transient","floor":46,"turns":5},{"damage":45,"enemies":"Sphere and 2 Shapes","floor":48,"turns":7},{"damage":77,"enemies":"Donu and Deca","floor":50,"turns":7}],"seed_played":"1794008793452271029","potions_obtained":[{"floor":3,"key":"Strength Potion"},{"floor":12,"key":"Ancient Potion"},{"floor":14,"key":"Energy Potion"},{"floor":16,"key":"FearPotion"},{"floor":18,"key":"EntropicBrew"},{"floor":46,"key":"Regen Potion"}],"is_trial":false,"path_per_floor":["M","?","M","M","M","R","?","R","T","M","R","M","R","M","R","B",null,"M","?","M","M","$","R","E","?","T","M","?","$","R","M","R","B",null,"M","M","?","$","?","R","$","R","T","R","M","M","R","M","R","B"],"character_chosen":"IRONCLAD","items_purchased":["Cleave"],"campfire_rested":3,"item_purchase_floors":[29],"current_hp_per_floor":[78,78,80,80,63,63,45,45,45,50,50,56,56,55,79,61,80,79,63,66,72,72,72,58,58,58,64,64,64,64,70,80,28,80,73,54,54,54,61,61,61,61,61,61,63,70,70,35,59,0],"gold":0,"neow_bonus":"TRANSFORM_CARD","is_prod":false,"is_daily":false,"chose_seed":false,"campfire_upgraded":10,"win_rate":0.0,"timestamp":1567570841,"path_taken":["M","?","M","M","?","R","?","R","T","M","R","M","R","M","R","BOSS","M","?","M","?","$","R","E","?","T","M","?","?","R","M","R","BOSS","M","?","?","$","?","R","$","R","T","R","M","M","R","M","R","BOSS"],"build_version":"2019-07-17","purchased_purges":0,"victory":false,"max_hp_per_floor":[80,80,80,80,80,80,80,80,80,80,80,80,80,80,80,80,80,80,80,80,80,80,80,80,80,80,80,80,80,80,80,80,80,80,80,80,80,80,80,80,80,80,80,80,80,80,80,80,80,80],"card_choices":[{"not_picked":["Warcry","Sword Boomerang"],"picked":"Clothesline","floor":1},{"not_picked":["Flex","Shockwave"],"picked":"Shrug It Off","floor":3},{"not_picked":["Flex","Intimidate"],"picked":"Pommel Strike","floor":4},{"not_picked":["Hemokinesis","Dropkick"],"picked":"Fiend Fire","floor":5},{"not_picked":["Flex","Clothesline"],"picked":"Twin Strike","floor":10},{"not_picked":["Power Through","Anger"],"picked":"Iron Wave","floor":12},{"not_picked":["Intimidate","Reckless Charge"],"picked":"Pommel Strike","floor":14},{"not_picked":["Brutality","Dark Embrace"],"picked":"Demon Form","floor":16},{"not_picked":["Burning Pact","Clothesline"],"picked":"Pommel Strike","floor":18},{"not_picked":["Combust","Thunderclap"],"picked":"Clothesline+1","floor":20},{"not_picked":["Rupture","Infernal Blade"],"picked":"Metallicize","floor":21},{"not_picked":["Perfected Strike","Flex"],"picked":"Body Slam","floor":24},{"not_picked":["Intimidate+1","Searing Blow"],"picked":"Shockwave","floor":27},{"not_picked":["Body Slam","Reckless Charge","Power Through"],"picked":"SKIP","floor":31},{"not_picked":["Limit Break","Bludgeon"],"picked":"Impervious","floor":33},{"not_picked":["Havoc","Iron Wave+1"],"picked":"Heavy Blade","floor":35},{"not_picked":["Spot Weakness+1","Bloodletting+1"],"picked":"Feel No Pain","floor":36},{"not_picked":["Anger","Shrug It Off"],"picked":"Armaments+1","floor":45},{"not_picked":["Sword Boomerang+1","Perfected Strike"],"picked":"Thunderclap","floor":45},{"not_picked":["Headbutt","Havoc"],"picked":"Heavy Blade+1","floor":46},{"not_picked":["Clothesline","Intimidate","Iron Wave"],"picked":"SKIP","floor":46},{"not_picked":["True Grit+1","Clash"],"picked":"Pommel Strike+1","floor":48},{"not_picked":["Shrug It Off","Searing Blow"],"picked":"Offering","floor":48}],"player_experience":35760,"relics_obtained":[{"floor":9,"key":"Pocketwatch"},{"floor":24,"key":"Girya"},{"floor":26,"key":"Mummified Hand"},{"floor":39,"key":"Prayer Wheel"},{"floor":43,"key":"Vajra"}],"event_choices":[{"cards_removed":["Strike_R"],"damage_healed":0,"gold_gain":0,"player_choice":"Card Removal","damage_taken":0,"max_hp_gain":0,"max_hp_loss":0,"event_name":"Wheel of Change","floor":2,"gold_loss":0},{"damage_healed":0,"gold_gain":0,"player_choice":"Success","damage_taken":18,"relics_obtained":["Thread and Needle"],"max_hp_gain":0,"max_hp_loss":0,"event_name":"Scrap Ooze","floor":7,"gold_loss":0},{"damage_healed":0,"gold_gain":0,"player_choice":"CARD ","damage_taken":16,"max_hp_gain":0,"max_hp_loss":0,"event_name":"Knowing Skull","floor":19,"potions_obtained":[],"gold_loss":0,"cards_obtained":["Discovery"]},{"cards_removed":["Strike_R"],"damage_healed":0,"gold_gain":0,"player_choice":"Gave Gold","damage_taken":0,"max_hp_gain":0,"max_hp_loss":0,"event_name":"Beggar","floor":25,"gold_loss":75},{"damage_healed":0,"gold_gain":0,"player_choice":"Read","damage_taken":0,"max_hp_gain":0,"max_hp_loss":0,"event_name":"The Library","floor":28,"gold_loss":0,"cards_obtained":["Whirlwind"]},{"damage_healed":0,"gold_gain":0,"player_choice":"Paid","damage_taken":0,"relics_obtained":["Red Mask"],"max_hp_gain":0,"max_hp_loss":0,"event_name":"Tomb of Lord Red Mask","floor":37,"gold_loss":109},{"damage_healed":0,"gold_gain":0,"player_choice":"Fight","damage_taken":0,"max_hp_gain":0,"max_hp_loss":0,"event_name":"MindBloom","floor":39,"gold_loss":0}],"is_beta":false,"boss_relics":[{"not_picked":["Runic Cube","Eternal Feather"],"picked":"Ectoplasm"},{"not_picked":["Lizard Tail","Sozu"],"picked":"Black Blood"}],"items_purged_floors":[],"is_endless":false,"potions_floor_spawned":[3,12,14,16,18,24,27,36,39,46],"killed_by":"Donu and Deca","ascension_level":0}