{"gold_per_floor":[117,117,117,128,228,228,241,261,308,308,326,346,346,359,359,460,460,478,478,478,489,501,501,529,529,556,556,655,668,668,312,312,415,415,453,488,499,549,549,549,561,591,615,615,632,183,194,211,211,211],"floor_reached":50,"playtime":2571,"items_purged":["Strike_R","Parasite"],"score":656,"play_id":"785c493b-338c-4367-9bc6-8484322c0fb2","local_time":"20190522220657","is_ascension_mode":true,"campfire_choices":[{"floor":6.0,"key":"REST"},{"data":"Whirlwind","floor":10.0,"key":"SMITH"},{"data":"Flame Barrier","floor":13.0,"key":"SMITH"},{"data":"Uppercut","floor":15.0,"key":"SMITH"},{"data":"Reaper","floor":23.0,"key":"SMITH"},{"floor":25.0,"key":"REST"},{"data":"Bludgeon","floor":27.0,"key":"SMITH"},{"data":"Shrug It Off","floor":32.0,"key":"SMITH"},{"floor":40.0,"key":"REST"},{"floor":44.0,"key":"REST"},{"floor":49,"key":"REST"}],"neow_cost":"PERCENT_DAMAGE","seed_source_timestamp":113142785710000,"circlet_count":0,"master_deck":["Strike_R","Strike_R","Strike_R","Strike_R","Defend_R","Defend_R","Defend_R","Bash+1","Battle Trance","Uppercut+1","Shrug It Off+1","Whirlwind+1","Metallicize","Bludgeon+1","Flame Barrier+1","Metallicize","Reaper+1","Ghostly Armor","Transmutation","Blur","Jack Of All Trades","Shrug It Off","Noxious Fumes+1","Jack Of All Trades+1","Mind Blast+1","Reboot","PiercingWail","Shrug It Off","Inflame+1","After Image"],"special_seed":0,"relics":["Burning Blood","Prayer Wheel","Bronze Scales","Busted Crown","Centennial Puzzle","Question Card","Blood Vial","PrismaticShard","Orrery","StoneCalendar","The Courier","Smiling Mask","Champion Belt","Lantern"],"potions_floor_usage":[48,50,50],"damage_taken":[{"damage":0.0,"enemies":"Small Slimes","floor":1.0,"turns":3.0},{"damage":10.0,"enemies":"2 Louse","floor":4.0,"turns":2.0},{"damage":2.0,"enemies":"Cultist","floor":7.0,"turns":4.0},{"damage":14.0,"enemies":"3 Louse","floor":8.0,"turns":4.0},{"damage":11.0,"enemies":"Gremlin Gang","floor":11.0,"turns":3.0},{"damage":5.0,"enemies":"Red Slaver","floor":12.0,"turns":4.0},{"damage":3.0,"enemies":"Looter","floor":14.0,"turns":4.0},{"damage":12.0,"enemies":"Hexaghost","floor":16.0,"turns":10.0},{"damage":0.0,"enemies":"Chosen","floor":18.0,"turns":4.0},{"damage":13.0,"enemies":"Spheric Guardian","floor":21.0,"turns":4.0},{"damage":15.0,"enemies":"Snake Plant","floor":22.0,"turns":3.0},{"damage":53.0,"enemies":"Slavers","floor":24.0,"turns":4.0},{"damage":5.0,"enemies":"Cultist and Chosen","floor":29.0,"turns":6.0},{"damage":58.0,"enemies":"Collector","floor":33.0,"turns":10.0},{"damage":26.0,"enemies":"3 Darklings","floor":35.0,"turns":5.0},{"damage":5.0,"enemies":"3 Shapes","floor":36.0,"turns":5.0},{"damage":19.0,"enemies":"Writhing Mass","floor":37.0,"turns":7.0},{"damage":36.0,"enemies":"2 Orb Walkers","floor":38.0,"turns":5.0},{"damage":22.0,"enemies":"3 Darklings","floor":41.0,"turns":4.0},{"damage":13.0,"enemies":"Nemesis","floor":42.0,"turns":7.0},{"damage":24.0,"enemies":"Jaw Worm Horde","floor":45.0,"turns":7.0},{"damage":56.0,"enemies":"Spire Growth","floor":47.0,"turns":7.0},{"damage":12,"enemies":"Maw","floor":48,"turns":6},{"damage":73,"enemies":"Time Eater","floor":50,"turns":5}],"seed_played":"-7682988121366300734","potions_obtained":[{"floor":1.0,"key":"Weak Potion"},{"floor":4.0,"key":"EssenceOfSteel"},{"floor":7.0,"key":"Swift Potion"},{"floor":12.0,"key":"Ancient Potion"},{"floor":29.0,"key":"Energy Potion"},{"floor":36.0,"key":"Block Potion"},{"floor":38.0,"key":"LiquidBronze"},{"floor":42.0,"key":"LiquidBronze"},{"floor":45.0,"key":"Strength Potion"},{"floor":48,"key":"FairyPotion"}],"is_trial":false,"path_per_floor":["M","?","?","M","?","R","M","M","T","R","M","M","R","M","R","B",null,"M","?","?","M","M","R","E","R","T","R","?","M","?","$","R","B",null,"M","M","M","?","?","R","M","E","T","R","M","$","M","M","R","B"],"character_chosen":"IRONCLAD","items_purchased":["Ghostly Armor","PrismaticShard","Shrug It Off","Champion Belt","Lantern"],"campfire_rested":5,"item_purchase_floors":[31,31,46,46,46],"current_hp_per_floor":[57,50,50,46,46,70,74,66,66,66,61,62,62,65,65,59,75,80,80,80,73,64,64,32,56,56,56,56,69,80,80,80,36,69,51,69,63,35,27,51,52,48,48,72,71,71,23,19,42,0],"gold":211,"neow_bonus":"ONE_RARE_RELIC","is_prod":false,"is_daily":false,"chose_seed":false,"campfire_upgraded":6,"win_rate":0,"timestamp":1558577217,"path_taken":["M","?","?","?","?","R","M","?","T","R","M","?","R","M","R","BOSS","M","?","?","M","M","R","E","R","T","R","?","M","?","$","R","BOSS","M","M","M","?","?","R","M","E","T","R","M","$","?","M","R","BOSS"],"build_version":"2019-01-23","purchased_purges":2,"victory":false,"max_hp_per_floor":[80,80,80,80,80,80,80,80,80,80,80,80,80,80,80,80,80,80,80,80,80,80,80,80,80,80,80,80,80,80,80,80,80,80,80,80,80,80,80,80,80,80,80,80,80,77,77,77,77,77],"card_choices":[{"not_picked":["Warcry","Clash"],"picked":"Battle Trance","floor":1.0},{"not_picked":["Heavy Blade","Power Through","Twin Strike"],"picked":"SKIP","floor":1.0},{"not_picked":["Dual Wield","Entrench"],"picked":"Uppercut","floor":4.0},{"not_picked":["Armaments","Pommel Strike"],"picked":"Shrug It Off","floor":4.0},{"not_picked":["Iron Wave","Burning Pact"],"picked":"Whirlwind","floor":7.0},{"not_picked":["Dual Wield","Body Slam"],"picked":"Metallicize","floor":7.0},{"not_picked":["True Grit","Twin Strike"],"picked":"Bludgeon","floor":8.0},{"not_picked":["Perfected Strike","Headbutt","Rupture"],"picked":"SKIP","floor":8.0},{"not_picked":["Uppercut","Metallicize"],"picked":"Flame Barrier","floor":11.0},{"not_picked":["Seeing Red","Armaments","Body Slam"],"picked":"SKIP","floor":11.0},{"not_picked":["Armaments","Seeing Red"],"picked":"Metallicize","floor":12.0},{"not_picked":["Warcry","Infernal Blade","Dropkick"],"picked":"SKIP","floor":12.0},{"not_picked":["Thunderclap","Corruption","Cleave"],"picked":"SKIP","floor":14.0},{"not_picked":["Body Slam","Pommel Strike","Twin Strike"],"picked":"SKIP","floor":14.0},{"not_picked":["Feed","Immolate"],"picked":"Reaper","floor":16.0},{"not_picked":["Perfected Strike"],"picked":"SKIP","floor":18.0},{"not_picked":["Heavy Blade"],"picked":"SKIP","floor":18.0},{"not_picked":["Pommel Strike"],"picked":"SKIP","floor":21.0},{"not_picked":["Anger+1"],"picked":"SKIP","floor":21.0},{"not_picked":["Cleave"],"picked":"SKIP","floor":22.0},{"not_picked":["Anger"],"picked":"SKIP","floor":22.0},{"not_picked":["Flex+1"],"picked":"SKIP","floor":24.0},{"not_picked":["Fire Breathing","Clothesline"],"picked":"SKIP","floor":29.0},{"not_picked":["Thunderclap","Heavy Blade"],"picked":"SKIP","floor":29.0},{"not_picked":["Grand Finale"],"picked":"Transmutation","floor":33.0},{"not_picked":["Dagger Throw"],"picked":"Blur","floor":34.0},{"not_picked":["Combust"],"picked":"Jack Of All Trades","floor":34.0},{"not_picked":["Conserve Battery"],"picked":"Shrug It Off","floor":34.0},{"not_picked":["Clash"],"picked":"Noxious Fumes+1","floor":35.0},{"not_picked":["Pommel Strike+1","Dodge and Roll+1"],"picked":"SKIP","floor":35.0},{"not_picked":["Blur+1"],"picked":"Jack Of All Trades+1","floor":36.0},{"not_picked":["Steam+1","Go for the Eyes+1"],"picked":"SKIP","floor":36.0},{"not_picked":["Blade Dance"],"picked":"Mind Blast+1","floor":37.0},{"not_picked":["Deflect","Mind Blast"],"picked":"SKIP","floor":37.0},{"not_picked":["Heatsinks+1"],"picked":"Reboot","floor":38.0},{"not_picked":["Auto Shields+1","Anger+1"],"picked":"SKIP","floor":41.0},{"not_picked":["Ball Lightning+1","Flying Knee"],"picked":"SKIP","floor":41.0},{"not_picked":["Beam Cell+1"],"picked":"PiercingWail","floor":42.0},{"not_picked":["Sucker Punch+1","Doom and Gloom+1"],"picked":"SKIP","floor":45.0},{"not_picked":["Iron Wave+1","Jack Of All Trades"],"picked":"SKIP","floor":45.0},{"not_picked":["Armaments"],"picked":"Inflame+1","floor":47.0},{"not_picked":["Slice+1","Anger"],"picked":"SKIP","floor":47.0},{"not_picked":["Flex+1"],"picked":"After Image","floor":48},{"not_picked":["Self Repair","Iron Wave+1"],"picked":"SKIP","floor":48}],"player_experience":227407,"relics_obtained":[{"floor":9.0,"key":"Bronze Scales"},{"floor":24.0,"key":"Question Card"},{"floor":26.0,"key":"Blood Vial"},{"floor":38.0,"key":"StoneCalendar"},{"floor":42.0,"key":"The Courier"},{"floor":43.0,"key":"Smiling Mask"}],"event_choices":[{"cards_removed":["Defend_R"],"damage_healed":0.0,"max_hp_gain":0.0,"max_hp_loss":0.0,"gold_gain":0.0,"event_name":"Golden Wing","player_choice":"Card Removal","floor":2.0,"gold_loss":0.0,"damage_taken":7.0},{"damage_healed":0.0,"max_hp_gain":0.0,"max_hp_loss":0.0,"gold_gain":0.0,"event_name":"Accursed Blacksmith","player_choice":"Forge","floor":3.0,"gold_loss":0.0,"damage_taken":0.0,"cards_upgraded":["Bash"]},{"damage_healed":0.0,"max_hp_gain":0.0,"max_hp_loss":0.0,"gold_gain":100.0,"event_name":"Golden Shrine","player_choice":"Pray","floor":5.0,"gold_loss":0.0,"damage_taken":0.0},{"damage_healed":0.0,"max_hp_gain":0.0,"max_hp_loss":0.0,"gold_gain":0.0,"event_name":"Ghosts","player_choice":"Ignored","floor":19.0,"gold_loss":0.0,"damage_taken":0.0},{"damage_healed":0.0,"max_hp_gain":0.0,"max_hp_loss":0.0,"gold_gain":0.0,"event_name":"The Mausoleum","player_choice":"Opened","floor":20.0,"gold_loss":0.0,"damage_taken":0.0,"relics_obtained":["Centennial Puzzle"]},{"damage_healed":0.0,"max_hp_gain":0.0,"max_hp_loss":0.0,"gold_gain":99.0,"event_name":"Nest","player_choice":"Stole From Cult","floor":28.0,"gold_loss":0.0,"damage_taken":0.0},{"damage_healed":26.0,"max_hp_gain":0.0,"max_hp_loss":0.0,"gold_gain":0.0,"event_name":"The Library","player_choice":"Heal","floor":30.0,"gold_loss":0.0,"damage_taken":0.0},{"damage_healed":0.0,"max_hp_gain":0.0,"max_hp_loss":0.0,"gold_gain":0.0,"event_name":"Mysterious Sphere","player_choice":"Fight","floor":38.0,"gold_loss":0.0,"damage_taken":0.0},{"damage_healed":0.0,"max_hp_gain":0.0,"max_hp_loss":0.0,"gold_gain":0.0,"event_name":"Wheel of Change","player_choice":"Damaged","floor":39.0,"gold_loss":0.0,"damage_taken":8.0}],"is_beta":false,"boss_relics":[{"not_picked":["Pandora\u0027s Box","Velvet Choker"],"picked":"Busted Crown"},{"not_picked":["Fusion Hammer","Philosopher\u0027s Stone"],"picked":"Orrery"}],"items_purged_floors":[31,46],"is_endless":false,"potions_floor_spawned":[1,4,7,12,29,36,38,42,45,48],"killed_by":"Time Eater","ascension_level":7}