{"gold_per_floor":[111,131,131,131,145,179,179,179,179,202,246,269,269,170,170,170],"floor_reached":16,"playtime":738,"items_purged":["Strike_R"],"score":157,"play_id":"ae83a09a-0df8-4e23-80d5-d0df9ae7a4a0","local_time":"20190424225252","is_ascension_mode":true,"campfire_choices":[{"data":"Bash","floor":8,"key":"SMITH"},{"data":"True Grit","floor":13,"key":"SMITH"},{"data":"True Grit","floor":15,"key":"SMITH"}],"neow_cost":"NONE","seed_source_timestamp":608018209126659,"circlet_count":0,"master_deck":["Strike_R","Strike_R","Strike_R","Strike_R","Defend_R","Defend_R","Defend_R","Defend_R","Bash+1","Demon Form+1","Iron Wave","Shockwave","Cleave","Shrug It Off","Injury","Pommel Strike+1","Body Slam+1","True Grit+1","True Grit+1"],"relics":["Burning Blood","Bottled Lightning","Golden Idol","Molten Egg 2","Mango"],"potions_floor_usage":[],"damage_taken":[{"damage":19,"enemies":"Jaw Worm","floor":1,"turns":3},{"damage":7,"enemies":"2 Louse","floor":2,"turns":3},{"damage":6,"enemies":"Cultist","floor":5,"turns":3},{"damage":35,"enemies":"3 Sentries","floor":6,"turns":5},{"damage":3,"enemies":"2 Fungi Beasts","floor":10,"turns":3},{"damage":37,"enemies":"Gremlin Nob","floor":11,"turns":5},{"damage":8,"enemies":"Looter","floor":12,"turns":3},{"damage":29,"enemies":"The Guardian","floor":16,"turns":6}],"seed_played":"-1775855989305197964","potions_obtained":[{"floor":1,"key":"Strength Potion"},{"floor":11,"key":"LiquidBronze"}],"is_trial":false,"path_per_floor":["M","M","?","?","M","E","?","R","T","M","E","M","R","$","R","B"],"character_chosen":"IRONCLAD","items_purchased":["True Grit"],"campfire_rested":0,"item_purchase_floors":[14],"current_hp_per_floor":[67,66,66,71,71,42,42,42,42,45,28,26,26,26,26,0],"gold":170,"neow_bonus":"ONE_RANDOM_RARE_CARD","is_prod":false,"is_daily":false,"chose_seed":false,"campfire_upgraded":3,"win_rate":0,"timestamp":1556160772,"path_taken":["M","M","?","?","M","E","?","R","T","M","E","M","R","$","R","BOSS"],"build_version":"2019-01-23","purchased_purges":1,"victory":false,"max_hp_per_floor":[80,80,80,85,85,85,85,85,85,85,99,99,99,99,99,99],"card_choices":[{"not_picked":["Warcry","Fire Breathing"],"picked":"Iron Wave","floor":1},{"not_picked":["Intimidate","Pommel Strike"],"picked":"Shockwave","floor":2},{"not_picked":["Twin Strike","Flex"],"picked":"Cleave","floor":5},{"not_picked":["Pommel Strike","Dropkick"],"picked":"Shrug It Off","floor":6},{"not_picked":["Reckless Charge+1","Wild Strike+1"],"picked":"Pommel Strike+1","floor":10},{"not_picked":["Anger+1","Brutality"],"picked":"Body Slam+1","floor":11},{"not_picked":["Anger+1","Iron Wave+1"],"picked":"True Grit","floor":12}],"player_experience":224928,"relics_obtained":[{"floor":6,"key":"Bottled Lightning"},{"floor":9,"key":"Molten Egg 2"},{"floor":11,"key":"Mango"}],"event_choices":[{"damage_healed":0,"gold_gain":0,"player_choice":"Grow","damage_taken":0,"max_hp_gain":0,"max_hp_loss":0,"event_name":"Living Wall","floor":3,"gold_loss":0,"cards_upgraded":["Demon Form"]},{"damage_healed":0,"gold_gain":0,"player_choice":"Donut","damage_taken":0,"max_hp_gain":5,"max_hp_loss":0,"event_name":"Big Fish","floor":4,"gold_loss":0},{"damage_healed":0,"gold_gain":0,"player_choice":"Take Wound","damage_taken":0,"relics_obtained":["Golden Idol"],"max_hp_gain":0,"max_hp_loss":0,"event_name":"Golden Idol","floor":7,"gold_loss":0,"cards_obtained":["Injury"]}],"is_beta":false,"boss_relics":[],"items_purged_floors":[14],"is_endless":false,"potions_floor_spawned":[1,11],"killed_by":"The Guardian","ascension_level":4}