{"gold_per_floor":[117,133,13,29,29,64,64,91,91,91,108,142,142,26,26,129,129,145,145,157,157,171,201,201,218,266,266,293,293,327,341,341,446,446,462,462,111,111,125,151,151,151],"floor_reached":42,"playtime":2858,"items_purged":["Strike_G","Strike_G"],"score":800,"play_id":"9a1c3310-b9e9-473a-9072-c52e7153b225","local_time":"20190529012520","is_ascension_mode":true,"campfire_choices":[{"floor":7.0,"key":"REST"},{"floor":10.0,"key":"REST"},{"floor":15.0,"key":"REST"},{"floor":24.0,"key":"REST"},{"data":"Tools of the Trade","floor":29.0,"key":"SMITH"},{"floor":32.0,"key":"REST"},{"data":"A Thousand Cuts","floor":41,"key":"SMITH"}],"neow_cost":"NONE","seed_source_timestamp":0,"circlet_count":0,"master_deck":["Defend_G","Defend_G","Defend_G","Defend_G","Defend_G","Strike_G+1","Strike_G+1","Strike_G","Survivor","Neutralize+1","Dagger Spray","Bouncing Flask","Dagger Spray","Skewer","Backflip","Deflect","Predator","Dodge and Roll","Dash","A Thousand Cuts+1","Ghostly","Ghostly","Ghostly","Ghostly","Ghostly","Deadly Poison+1","Leg Sweep","Underhanded Strike","Deflect","Tools of the Trade+1","Noxious Fumes+1","Reflex","Blur","Calculated Gamble","Burst","Glass Knife","Noxious Fumes+1","Deadly Poison+1","Tactician+1"],"special_seed":0,"relics":["Ring of the Snake","NeowsBlessing","Bag of Preparation","Blue Candle","Tingsha","Oddly Smooth Stone","Anchor","Sozu","Orichalcum","Happy Flower","NlothsMask","Snake Skull","Pear","Runic Pyramid","Membership Card","Whetstone","Kunai"],"potions_floor_usage":[],"damage_taken":[{"damage":0.0,"enemies":"Cultist","floor":1.0,"turns":1.0},{"damage":0.0,"enemies":"2 Louse","floor":2.0,"turns":1.0},{"damage":0.0,"enemies":"Small Slimes","floor":4.0,"turns":1.0},{"damage":29.0,"enemies":"3 Sentries","floor":6.0,"turns":6.0},{"damage":24.0,"enemies":"Lagavulin","floor":8.0,"turns":6.0},{"damage":5.0,"enemies":"Red Slaver","floor":11.0,"turns":3.0},{"damage":20.0,"enemies":"3 Sentries","floor":12.0,"turns":7.0},{"damage":19.0,"enemies":"Hexaghost","floor":16.0,"turns":11.0},{"damage":30.0,"enemies":"Spheric Guardian","floor":18.0,"turns":6.0},{"damage":3.0,"enemies":"Shell Parasite","floor":20.0,"turns":6.0},{"damage":16.0,"enemies":"Centurion and Healer","floor":22.0,"turns":9.0},{"damage":6.0,"enemies":"Slavers","floor":23.0,"turns":7.0},{"damage":0.0,"enemies":"Chosen and Byrds","floor":25.0,"turns":6.0},{"damage":0.0,"enemies":"Gremlin Leader","floor":28.0,"turns":6.0},{"damage":0.0,"enemies":"Slavers","floor":30.0,"turns":6.0},{"damage":9.0,"enemies":"3 Cultists","floor":31.0,"turns":5.0},{"damage":6.0,"enemies":"Champ","floor":33.0,"turns":12.0},{"damage":0,"enemies":"3 Darklings","floor":35,"turns":5},{"damage":0,"enemies":"Orb Walker","floor":39,"turns":4},{"damage":0,"enemies":"Nemesis","floor":40,"turns":7},{"damage":52,"enemies":"Reptomancer","floor":42,"turns":2}],"seed_played":"1986778944782457544","potions_obtained":[{"floor":1.0,"key":"SkillPotion"},{"floor":12.0,"key":"SneckoOil"}],"is_trial":false,"path_per_floor":["M","M","$","M","?","E","R","E","T","R","M","E","?","$","R","B",null,"M","?","M","?","M","E","R","M","T","?","E","R","E","M","R","B",null,"M","?","$","?","M","E","R","E"],"character_chosen":"THE_SILENT","items_purchased":["Dagger Spray","Dash","Well Laid Plans","Membership Card","Whetstone","Glass Knife"],"campfire_rested":5,"item_purchase_floors":[3,14,14,37,37,37],"current_hp_per_floor":[63,63,63,63,51,22,43,19,19,40,35,15,15,15,36,17,57,27,27,24,24,8,2,12,12,12,12,12,12,22,13,26,20,39,39,39,39,39,39,39,39,0],"gold":151,"neow_bonus":"THREE_ENEMY_KILL","is_prod":false,"is_daily":false,"chose_seed":false,"campfire_upgraded":2,"win_rate":0,"timestamp":1559107520,"path_taken":["M","?","$","M","?","E","R","E","T","R","M","E","?","$","R","BOSS","M","?","M","?","?","E","R","M","T","?","E","R","E","?","R","BOSS","M","?","$","?","M","E","R","E"],"build_version":"2019-01-23","purchased_purges":2,"victory":false,"max_hp_per_floor":[70,70,70,70,70,70,70,70,70,70,70,70,70,70,70,70,70,70,35,35,35,35,35,35,35,35,35,35,35,45,45,45,45,45,45,45,45,45,45,45,45,45],"card_choices":[{"not_picked":["Heel Hook","Footwork"],"picked":"Dagger Spray","floor":1.0},{"not_picked":["PiercingWail","Backflip"],"picked":"Bouncing Flask","floor":2.0},{"not_picked":["Slice","Bane"],"picked":"Skewer","floor":4.0},{"not_picked":["Escape Plan","Expertise"],"picked":"Backflip","floor":6.0},{"not_picked":["Flying Knee","Sucker Punch"],"picked":"Deflect","floor":8.0},{"not_picked":["Tactician","Quick Slash"],"picked":"Predator","floor":11.0},{"not_picked":["Acrobatics","Storm of Steel"],"picked":"Dodge and Roll","floor":12.0},{"not_picked":["Bullet Time","Adrenaline"],"picked":"A Thousand Cuts","floor":16.0},{"not_picked":["Sucker Punch","Slice","Setup+1"],"picked":"SKIP","floor":18.0},{"not_picked":["Poisoned Stab","Blade Dance+1"],"picked":"Deadly Poison+1","floor":20.0},{"not_picked":["Endless Agony","Underhanded Strike+1"],"picked":"Deflect","floor":22.0},{"not_picked":["Dagger Spray","Dodge and Roll"],"picked":"Tools of the Trade","floor":23.0},{"not_picked":["Cloak And Dagger+1","Heel Hook"],"picked":"Noxious Fumes+1","floor":25.0},{"not_picked":["Underhanded Strike","Sucker Punch+1"],"picked":"Reflex","floor":28.0},{"not_picked":["Doppelganger","All Out Attack"],"picked":"Blur","floor":30.0},{"not_picked":["Backstab","Dagger Spray"],"picked":"Calculated Gamble","floor":31.0},{"not_picked":["Doppelganger","Phantasmal Killer"],"picked":"Burst","floor":33.0},{"not_picked":["Sucker Punch","Dodge and Roll","Deadly Poison"],"picked":"SKIP","floor":35},{"not_picked":["Blade Dance+1","Outmaneuver+1"],"picked":"Deadly Poison+1","floor":39},{"not_picked":["A Thousand Cuts","Heel Hook+1"],"picked":"Tactician+1","floor":40}],"player_experience":303482,"relics_obtained":[{"floor":6.0,"key":"Blue Candle"},{"floor":8.0,"key":"Tingsha"},{"floor":9.0,"key":"Oddly Smooth Stone"},{"floor":12.0,"key":"Anchor"},{"floor":23.0,"key":"Orichalcum"},{"floor":26.0,"key":"Happy Flower"},{"floor":28.0,"key":"Snake Skull"},{"floor":30.0,"key":"Pear"},{"floor":40,"key":"Kunai"}],"event_choices":[{"damage_healed":0.0,"max_hp_gain":0.0,"max_hp_loss":0.0,"gold_gain":0.0,"event_name":"Scrap Ooze","player_choice":"Success","floor":5.0,"gold_loss":0.0,"damage_taken":12.0,"relics_obtained":["Bag of Preparation"]},{"damage_healed":0.0,"max_hp_gain":0.0,"max_hp_loss":0.0,"gold_gain":0.0,"event_name":"Living Wall","player_choice":"Grow","floor":13.0,"gold_loss":0.0,"damage_taken":0.0,"cards_upgraded":["Neutralize"]},{"damage_healed":0.0,"max_hp_gain":0.0,"max_hp_loss":35.0,"gold_gain":0.0,"event_name":"Ghosts","player_choice":"Became a Ghost","floor":19.0,"gold_loss":0.0,"damage_taken":0.0,"cards_obtained":["Ghostly","Ghostly","Ghostly","Ghostly","Ghostly"]},{"damage_healed":0.0,"max_hp_gain":0.0,"max_hp_loss":0.0,"gold_gain":0.0,"event_name":"Match and Keep!","player_choice":"2 cards matched","floor":21.0,"gold_loss":0.0,"damage_taken":0.0,"cards_obtained":["Leg Sweep","Underhanded Strike"]},{"damage_healed":0.0,"max_hp_gain":0.0,"max_hp_loss":0.0,"gold_gain":0.0,"event_name":"FaceTrader","player_choice":"Trade","floor":27.0,"gold_loss":0.0,"damage_taken":0.0,"relics_obtained":["NlothsMask"]},{"cards_removed":["Well Laid Plans"],"damage_healed":0,"gold_gain":0,"player_choice":"Removed Power","damage_taken":0,"max_hp_gain":0,"max_hp_loss":0,"event_name":"Falling","floor":36,"gold_loss":0},{"damage_healed":0,"gold_gain":0,"player_choice":"Copied","damage_taken":0,"max_hp_gain":0,"max_hp_loss":0,"event_name":"Duplicator","floor":38,"gold_loss":0,"cards_obtained":["Noxious Fumes"]}],"is_beta":false,"boss_relics":[{"not_picked":["Eternal Feather","Busted Crown"],"picked":"Sozu"},{"not_picked":["Philosopher\u0027s Stone","Coffee Dripper"],"picked":"Runic Pyramid"}],"items_purged_floors":[3,37],"is_endless":false,"potions_floor_spawned":[1,12,23,28,31,39],"killed_by":"Reptomancer","ascension_level":6}