{"gold_per_floor":[116,132,145,162,112,143,50,50,50,50,75,119,20,43,43,162,162,185,203,228,249,263,263],"floor_reached":23,"playtime":2248,"items_purged":[],"score":207,"play_id":"257fd6cf-ee15-4a4a-b16e-4d47a3b0b1dc","local_time":"20190304035309","is_ascension_mode":false,"campfire_choices":[{"floor":8,"key":"REST"},{"floor":15,"key":"REST"}],"neow_cost":"CURSE","seed_source_timestamp":514670348247201,"circlet_count":0,"master_deck":["Strike_R","Strike_R","Strike_R","Strike_R","Strike_R","Defend_R","Defend_R","Defend_R","Defend_R","Bash","Shrug It Off","Thunderclap","Battle Trance","Dual Wield","Clothesline","Inflame","Cleave","Injury","Shockwave","Thunderclap","Armaments","Iron Wave","Flame Barrier","Demon Form","Inflame+1","Sword Boomerang","Clothesline","Warcry","Warcry+1"],"relics":["Burning Blood","Torii","Kunai","Letter Opener","Golden Idol","Matryoshka","Sozu"],"potions_floor_usage":[6,16,16,16],"damage_taken":[{"damage":3,"enemies":"2 Louse","floor":1,"turns":3},{"damage":14,"enemies":"Jaw Worm","floor":2,"turns":2},{"damage":18,"enemies":"Cultist","floor":3,"turns":5},{"damage":13,"enemies":"Lots of Slimes","floor":4,"turns":5},{"damage":23,"enemies":"3 Sentries","floor":6,"turns":8},{"damage":16,"enemies":"Blue Slaver","floor":11,"turns":4},{"damage":46,"enemies":"Lagavulin","floor":12,"turns":7},{"damage":1,"enemies":"Looter","floor":14,"turns":4},{"damage":28,"enemies":"The Guardian","floor":16,"turns":16},{"damage":7,"enemies":"Chosen","floor":18,"turns":6},{"damage":40,"enemies":"2 Thieves","floor":19,"turns":4},{"damage":6,"enemies":"Snecko","floor":20,"turns":4},{"damage":31,"enemies":"Centurion and Healer","floor":21,"turns":5},{"damage":19,"enemies":"Shelled Parasite and Fungi","floor":22,"turns":6},{"damage":11,"enemies":"Book of Stabbing","floor":23,"turns":4}],"seed_played":"-5952082564562440939","potions_obtained":[{"floor":2,"key":"Fire Potion"},{"floor":6,"key":"LiquidBronze"},{"floor":12,"key":"SteroidPotion"},{"floor":14,"key":"EssenceOfSteel"}],"is_trial":false,"path_per_floor":["M","M","M","M","?","E","$","R","T","?","M","E","$","M","R","B",null,"M","M","M","M","M","E"],"character_chosen":"IRONCLAD","items_purchased":["Inflame","Cleave","Armaments","Iron Wave"],"campfire_rested":2,"item_purchase_floors":[7,7,13,13],"current_hp_per_floor":[80,72,60,53,53,36,36,60,60,60,50,10,10,15,39,17,80,79,45,45,20,7,0],"gold":263,"neow_bonus":"ONE_RARE_RELIC","is_prod":false,"is_daily":false,"chose_seed":false,"campfire_upgraded":0,"win_rate":0.0,"timestamp":1551689589,"path_taken":["M","M","M","M","?","E","$","R","T","?","M","E","$","M","R","BOSS","M","M","M","M","M","E"],"build_version":"2019-01-23","purchased_purges":0,"victory":false,"max_hp_per_floor":[80,80,80,80,80,80,80,80,80,80,80,80,80,80,80,80,80,80,80,80,80,80,80],"card_choices":[{"not_picked":["Whirlwind","Flex"],"picked":"Shrug It Off","floor":1},{"not_picked":["Combust","Flex"],"picked":"Thunderclap","floor":2},{"not_picked":["Perfected Strike","Clothesline"],"picked":"Battle Trance","floor":3},{"not_picked":["Searing Blow","Perfected Strike"],"picked":"Dual Wield","floor":4},{"not_picked":["Body Slam","Fiend Fire"],"picked":"Clothesline","floor":6},{"not_picked":["Sword Boomerang","Headbutt"],"picked":"Shockwave","floor":11},{"not_picked":["Clash","Cleave"],"picked":"Thunderclap","floor":12},{"not_picked":["Clash","True Grit"],"picked":"Flame Barrier","floor":14},{"not_picked":["Limit Break","Feed"],"picked":"Demon Form","floor":16},{"not_picked":["Flex","Searing Blow"],"picked":"Inflame+1","floor":18},{"not_picked":["Clash+1","Cleave"],"picked":"Sword Boomerang","floor":19},{"not_picked":["Burning Pact","Cleave+1"],"picked":"Clothesline","floor":20},{"not_picked":["Intimidate","Sword Boomerang"],"picked":"Warcry","floor":21},{"not_picked":["Fire Breathing","Feed"],"picked":"Warcry+1","floor":22}],"player_experience":31009,"relics_obtained":[{"floor":6,"key":"Kunai"},{"floor":9,"key":"Letter Opener"},{"floor":12,"key":"Matryoshka"}],"event_choices":[{"cards_removed":["Regret"],"damage_healed":0,"gold_gain":0,"player_choice":"Card Removal","damage_taken":0,"max_hp_gain":0,"max_hp_loss":0,"event_name":"The Cleric","floor":5,"gold_loss":50},{"damage_healed":0,"gold_gain":0,"player_choice":"Take Wound","damage_taken":0,"relics_obtained":["Golden Idol"],"max_hp_gain":0,"max_hp_loss":0,"event_name":"Golden Idol","floor":10,"gold_loss":0,"cards_obtained":["Injury"]}],"is_beta":false,"boss_relics":[{"not_picked":["Runic Pyramid","Eternal Feather"],"picked":"Sozu"}],"items_purged_floors":[],"is_endless":false,"potions_floor_spawned":[2,6,12,14,18],"killed_by":"Book of Stabbing","ascension_level":0}