{"gold_per_floor":[118,118,118,118,130,130,164,164,164,177,177,252,264,264,264,364,364,383,383,397,408,87,87,119,119,119,0,0,30,55,19,19,120,120,139,139,0,100,111,139,139,157,183,183,183,198,198,211,211,211],"floor_reached":51,"playtime":4477,"items_purged":[],"score":889,"play_id":"c22ef451-ad9a-4a99-919a-a19eaf53d082","local_time":"20190501175745","is_ascension_mode":true,"campfire_choices":[{"data":"Zap","floor":6.0,"key":"SMITH"},{"data":"Dualcast","floor":8.0,"key":"SMITH"},{"data":"BootSequence","floor":11.0,"key":"SMITH"},{"floor":15.0,"key":"REST"},{"floor":23.0,"key":"REST"},{"floor":25.0,"key":"REST"},{"floor":32.0,"key":"REST"},{"floor":41.0,"key":"REST"},{"data":"Blizzard","floor":44.0,"key":"SMITH"},{"floor":47.0,"key":"REST"},{"floor":49.0,"key":"REST"}],"neow_cost":"NONE","seed_source_timestamp":602172773277600,"circlet_count":0,"master_deck":["Strike_B+1","Strike_B+1","Strike_B+1","Defend_B","Zap+1","Dualcast+1","BootSequence+1","Conserve Battery","Chill+1","Machine Learning","Cold Snap+1","Blizzard+1","Coolheaded","BootSequence+1","White Noise","Conserve Battery+1","Capacitor","Core Surge+1","Loop+1","Genetic Algorithm+1","Redo+1","Madness","Madness","Capacitor+1","Coolheaded+1","Seek"],"special_seed":0,"relics":["Cracked Core","NeowsBlessing","Dead Branch","Whetstone","Ornamental Fan","Black Star","Question Card","Bag of Marbles","Kunai","Blue Candle","Potion Belt","Molten Egg 2","DataDisk","Busted Crown","Red Mask","Du-Vu Doll","Orichalcum","Prayer Wheel","Lantern"],"potions_floor_usage":[50,50],"damage_taken":[{"damage":0.0,"enemies":"2 Louse","floor":1.0,"turns":1.0},{"damage":0.0,"enemies":"Jaw Worm","floor":5.0,"turns":1.0},{"damage":0.0,"enemies":"Lagavulin","floor":7.0,"turns":1.0},{"damage":0.0,"enemies":"Small Slimes","floor":10.0,"turns":3.0},{"damage":0.0,"enemies":"Looter","floor":13.0,"turns":2.0},{"damage":23.0,"enemies":"The Guardian","floor":16.0,"turns":13.0},{"damage":0.0,"enemies":"Chosen","floor":18.0,"turns":4.0},{"damage":11.0,"enemies":"2 Thieves","floor":20.0,"turns":4.0},{"damage":18.0,"enemies":"Sentry and Sphere","floor":21.0,"turns":8.0},{"damage":42.0,"enemies":"Slavers","floor":24.0,"turns":6.0},{"damage":6.0,"enemies":"Gremlin Leader","floor":29.0,"turns":5.0},{"damage":4.0,"enemies":"Champ","floor":33.0,"turns":11.0},{"damage":0.0,"enemies":"3 Shapes","floor":35.0,"turns":5.0},{"damage":18.0,"enemies":"Mind Bloom Boss Battle","floor":38.0,"turns":9.0},{"damage":0.0,"enemies":"3 Darklings","floor":39.0,"turns":2.0},{"damage":31.0,"enemies":"Reptomancer","floor":40.0,"turns":10.0},{"damage":1.0,"enemies":"Sphere and 2 Shapes","floor":42.0,"turns":6.0},{"damage":4.0,"enemies":"Spire Growth","floor":46.0,"turns":3.0},{"damage":2.0,"enemies":"Maw","floor":48.0,"turns":7.0},{"damage":47,"enemies":"Time Eater","floor":50,"turns":13}],"seed_played":"-8830929554299000491","potions_obtained":[{"floor":7.0,"key":"Ancient Potion"},{"floor":10.0,"key":"Ancient Potion"},{"floor":21.0,"key":"FairyPotion"},{"floor":24.0,"key":"Weak Potion"},{"floor":29.0,"key":"FocusPotion"},{"floor":33.0,"key":"FearPotion"},{"floor":38.0,"key":"PowerPotion"},{"floor":46.0,"key":"Strength Potion"},{"floor":48.0,"key":"Dexterity Potion"}],"is_trial":false,"path_per_floor":["M","?","$","?","M","R","E","R","T","M","R","?","M","?","R","B",null,"M","?","M","M","$","R","E","R","T","?","?","E","T","$","R","B",null,"M","?","?","?","M","E","R","M","T","R","?","M","R","M","R","B",null],"character_chosen":"DEFECT","items_purchased":["White Noise","Question Card","Capacitor"],"campfire_rested":7,"item_purchase_floors":[22,22,31],"current_hp_per_floor":[68,61,61,58,58,58,58,58,58,58,58,47,47,32,54,31,64,64,64,53,35,35,57,15,37,37,37,37,31,31,31,53,49,69,69,69,69,51,51,20,42,41,41,41,32,28,50,48,70,23],"gold":211,"neow_bonus":"THREE_ENEMY_KILL","is_prod":false,"is_daily":false,"chose_seed":false,"campfire_upgraded":4,"win_rate":0,"timestamp":1556747865,"path_taken":["M","?","$","?","M","R","E","R","T","?","R","?","M","?","R","BOSS","M","?","M","M","$","R","E","R","T","?","?","E","?","$","R","BOSS","M","?","?","?","M","E","R","M","T","R","?","M","R","M","R","BOSS"],"build_version":"2019-01-23","purchased_purges":0,"victory":true,"max_hp_per_floor":[75,75,75,75,75,75,75,75,75,75,75,75,75,75,75,75,75,75,75,75,75,75,75,75,75,75,75,75,75,75,75,75,75,75,75,75,75,75,75,75,75,75,75,75,75,75,75,75,75,75],"card_choices":[{"not_picked":["Hologram","Rebound"],"picked":"Consume","floor":1.0},{"not_picked":["Ball Lightning","Steam","Go for the Eyes"],"picked":"SKIP","floor":5.0},{"not_picked":["Hologram","Go for the Eyes"],"picked":"BootSequence","floor":7.0},{"not_picked":["Recycle","Sweeping Beam"],"picked":"Conserve Battery","floor":10.0},{"not_picked":["Steam","Chaos"],"picked":"Chill","floor":13.0},{"not_picked":["All For One","Creative AI"],"picked":"Machine Learning","floor":16.0},{"not_picked":["Undo","Sweeping Beam"],"picked":"Cold Snap+1","floor":18.0},{"not_picked":["Turbo","Go for the Eyes"],"picked":"BootSequence+1","floor":20.0},{"not_picked":["Cold Snap","Sweeping Beam","Gash"],"picked":"SKIP","floor":21.0},{"not_picked":["Streamline","Amplify","Storm+1","Beam Cell"],"picked":"SKIP","floor":24.0},{"not_picked":["Gash+1","Force Field+1","Redo+1"],"picked":"Conserve Battery+1","floor":29.0},{"not_picked":["Amplify","Thunder Strike+1","Reboot"],"picked":"Core Surge+1","floor":33.0},{"not_picked":["Go for the Eyes+1","Leap+1"],"picked":"SKIP","floor":35.0},{"not_picked":["Heatsinks"],"picked":"Loop+1","floor":38.0},{"not_picked":["Steam","Gash+1"],"picked":"SKIP","floor":39.0},{"not_picked":["Beam Cell+1","Lockon+1"],"picked":"SKIP","floor":40.0},{"not_picked":["Compile Driver+1"],"picked":"Genetic Algorithm+1","floor":42.0},{"not_picked":["Redo+1","Static Discharge+1"],"picked":"SKIP","floor":42.0},{"not_picked":["Static Discharge+1"],"picked":"Redo+1","floor":42.0},{"not_picked":["Rebound+1"],"picked":"Capacitor+1","floor":46.0},{"not_picked":["Doom and Gloom+1","Gash+1"],"picked":"SKIP","floor":46.0},{"not_picked":["Leap"],"picked":"Coolheaded+1","floor":48.0},{"not_picked":["Self Repair"],"picked":"Seek","floor":48.0}],"player_experience":219746,"relics_obtained":[{"floor":7.0,"key":"Whetstone"},{"floor":9.0,"key":"Ornamental Fan"},{"floor":24.0,"key":"Bag of Marbles"},{"floor":24.0,"key":"Kunai"},{"floor":26.0,"key":"Blue Candle"},{"floor":29.0,"key":"Potion Belt"},{"floor":29.0,"key":"Molten Egg 2"},{"floor":30.0,"key":"DataDisk"},{"floor":38.0,"key":"Du-Vu Doll"},{"floor":40.0,"key":"Orichalcum"},{"floor":40.0,"key":"Prayer Wheel"},{"floor":43.0,"key":"Lantern"}],"event_choices":[{"cards_removed":["Strike_B"],"damage_healed":0.0,"max_hp_gain":0.0,"max_hp_loss":0.0,"gold_gain":0.0,"event_name":"Golden Wing","player_choice":"Card Removal","floor":2.0,"gold_loss":0.0,"damage_taken":7.0},{"damage_healed":0.0,"max_hp_gain":0.0,"max_hp_loss":0.0,"gold_gain":0.0,"event_name":"Scrap Ooze","player_choice":"Success","floor":4.0,"gold_loss":0.0,"damage_taken":3.0,"relics_obtained":["Dead Branch"]},{"damage_healed":0.0,"max_hp_gain":0.0,"max_hp_loss":0.0,"gold_gain":75.0,"event_name":"World of Goop","player_choice":"Gather Gold","floor":12.0,"gold_loss":0.0,"damage_taken":11.0},{"damage_healed":0.0,"max_hp_gain":0.0,"max_hp_loss":0.0,"gold_gain":0.0,"event_name":"Shining Light","player_choice":"Entered Light","floor":14.0,"gold_loss":0.0,"damage_taken":15.0,"cards_upgraded":["Chill","Strike_B"]},{"damage_healed":0.0,"max_hp_gain":0.0,"max_hp_loss":0.0,"gold_gain":0.0,"cards_transformed":["Defend_B","Defend_B"],"event_name":"Drug Dealer","player_choice":"Became Test Subject","floor":19.0,"gold_loss":0.0,"damage_taken":0.0,"cards_obtained":["Blizzard","Coolheaded"]},{"damage_healed":0.0,"max_hp_gain":0.0,"max_hp_loss":0.0,"gold_gain":0.0,"event_name":"Masked Bandits","player_choice":"Paid Fearfully","floor":27.0,"gold_loss":119.0,"damage_taken":0.0},{"cards_removed":["Consume"],"damage_healed":0.0,"max_hp_gain":0.0,"max_hp_loss":0.0,"gold_gain":0.0,"event_name":"Back to Basics","player_choice":"Elegance","floor":28.0,"gold_loss":0.0,"damage_taken":0.0},{"cards_removed":["Defend_B"],"damage_healed":0.0,"max_hp_gain":0.0,"max_hp_loss":0.0,"gold_gain":0.0,"event_name":"Falling","player_choice":"Removed Skill","floor":36.0,"gold_loss":0.0,"damage_taken":0.0},{"damage_healed":0.0,"max_hp_gain":0.0,"max_hp_loss":0.0,"gold_gain":0.0,"event_name":"Tomb of Lord Red Mask","player_choice":"Paid","floor":37.0,"gold_loss":139.0,"damage_taken":0.0,"relics_obtained":["Red Mask"]},{"damage_healed":0.0,"max_hp_gain":0.0,"max_hp_loss":0.0,"gold_gain":0.0,"event_name":"MindBloom","player_choice":"Fight","floor":38.0,"gold_loss":0.0,"damage_taken":0.0},{"damage_healed":0.0,"max_hp_gain":0.0,"max_hp_loss":0.0,"gold_gain":0.0,"event_name":"Winding Halls","player_choice":"Embrace Madness","floor":45.0,"gold_loss":0.0,"damage_taken":9.0,"cards_obtained":["Madness","Madness"]}],"is_beta":false,"boss_relics":[{"not_picked":["Ectoplasm","Coffee Dripper"],"picked":"Black Star"},{"not_picked":["Astrolabe","Lizard Tail"],"picked":"Busted Crown"}],"items_purged_floors":[],"is_endless":false,"potions_floor_spawned":[7,10,21,24,29,33,38,46,48],"ascension_level":6}