{"gold_per_floor":[119,119,119,135,154,154,167,203,203,236,236,277,74,99,99,228,228,241,262,187,187,202,202,341,341,341,341,440,460,323,356,356,507,507,555,555,555,359,400,400,470,470,522,576,634,340,395,395,395,395],"floor_reached":50,"playtime":4008,"items_purged":["Strike_R","Strike_R"],"score":934,"play_id":"c70e5c81-0b4c-4981-a273-81ff8aad1172","local_time":"20190506171716","is_ascension_mode":true,"campfire_choices":[{"data":"Bash","floor":6,"key":"SMITH"},{"data":"Fiend Fire","floor":15,"key":"SMITH"},{"data":"Exhume","floor":23,"key":"SMITH"},{"data":"Feel No Pain","floor":25,"key":"SMITH"},{"floor":27,"key":"REST"},{"data":"Barricade","floor":40,"key":"SMITH"},{"floor":42,"key":"REST"},{"floor":49,"key":"REST"}],"neow_cost":"NONE","seed_source_timestamp":1621407351135180,"circlet_count":0,"master_deck":["Defend_R","Defend_R","Defend_R","Defend_R+1","Bash+1","Whirlwind+1","Feel No Pain+1","Cleave","Battle Trance","Clothesline+1","Power Through","Fiend Fire+1","Corruption+1","Shockwave","Offering","ReplayTheSpireMod:LeadingStrike+1","Exhume+1","Sentinel","Perfected Strike","Armaments+1","Disarm","Life Link","Flex","True Grit","Barricade+1","Spot Weakness","Secret Weapon","Flash of Steel","Sword Boomerang+1","Thunderclap+1","Carnage"],"relics":["Black Blood","Golden Idol","Potion Belt","Centennial Puzzle","Bag of Preparation","Gremlin Horn","Oddly Smooth Stone","Happy Flower","Letter Opener","Dodecahedron","infinitespire:EvilPickle","Cursed Key","ClockworkSouvenir","Omamori","Magic Flower","Divine Protection","infinitespire:FocusingShard"],"potions_floor_usage":[10,10,16,16,16,33,33,41],"damage_taken":[{"damage":0,"enemies":"2 Louse","floor":1,"turns":2},{"damage":7,"enemies":"Jaw Worm","floor":4,"turns":2},{"damage":8,"enemies":"Small Slimes","floor":5,"turns":2},{"damage":13,"enemies":"2 Fungi Beasts","floor":7,"turns":3},{"damage":12,"enemies":"Gremlin Nob","floor":8,"turns":3},{"damage":20,"enemies":"Lagavulin","floor":10,"turns":7},{"damage":21,"enemies":"3 Sentries","floor":12,"turns":7},{"damage":11,"enemies":"Fading Forest","floor":16,"turns":11},{"damage":9,"enemies":"Chosen","floor":18,"turns":4},{"damage":20,"enemies":"Shell Parasite","floor":19,"turns":5},{"damage":5,"enemies":"Snecko","floor":22,"turns":4},{"damage":30,"enemies":"Gremlin Leader","floor":24,"turns":5},{"damage":6,"enemies":"Centurion and Healer","floor":29,"turns":5},{"damage":27,"enemies":"Book of Stabbing","floor":31,"turns":6},{"damage":23,"enemies":"Pondfish","floor":33,"turns":13},{"damage":16,"enemies":"Orb Walker","floor":35,"turns":4},{"damage":26,"enemies":"infinitespire:Three Voidlings","floor":37,"turns":2},{"damage":10,"enemies":"3 Shapes","floor":39,"turns":1},{"damage":21,"enemies":"Giant Head","floor":41,"turns":6},{"damage":6,"enemies":"Jaw Worm Horde","floor":44,"turns":2},{"damage":47,"enemies":"2 Orb Walkers","floor":45,"turns":4},{"damage":0,"enemies":"Reptomancer","floor":47,"turns":2},{"damage":57,"enemies":"Awakened One","floor":50,"turns":8}],"seed_played":"-6300453361275643553","potions_obtained":[{"floor":5,"key":"Adrenaline Potion"},{"floor":7,"key":"Languid Potion"},{"floor":8,"key":"SpeedPotion"},{"floor":12,"key":"Fire Potion"},{"floor":16,"key":"Swift Potion"},{"floor":18,"key":"Dexterity Potion"},{"floor":19,"key":"FearPotion"},{"floor":35,"key":"Cursed Concoction"},{"floor":39,"key":"Weak Potion"},{"floor":41,"key":"GamblersBrew"}],"is_trial":false,"path_per_floor":["M","?","?","M","M","R","M","E","T","E","?","E","$","T","R","B",null,"M","M","?","?","M","R","E","R","T","R","?","M","$","E","R","B",null,"M","?","?","$","M","R","E","R","T","M","?","$","E","?","R","B"],"character_chosen":"IRONCLAD","items_purchased":["Shockwave","AttackPotion","Disarm","Elixir","Life Link","Flex","ClockworkSouvenir","Divine Protection","Carnage"],"campfire_rested":3,"item_purchase_floors":[13,13,30,30,30,30,38,46,46],"current_hp_per_floor":[80,64,64,63,61,61,54,48,48,34,34,19,19,19,19,22,61,62,52,52,52,57,57,37,37,37,59,59,63,63,46,72,59,73,67,57,41,41,41,41,30,53,53,57,20,20,35,35,56,0],"gold":395,"neow_bonus":"TRANSFORM_CARD","is_prod":false,"is_daily":false,"chose_seed":false,"campfire_upgraded":5,"win_rate":0,"timestamp":1557177436,"path_taken":["M","?","?","M","M","R","M","E","T","E","?","E","$","?","R","BOSS","M","M","?","?","M","R","E","R","T","R","?","M","$","E","R","BOSS","M","?","?","$","M","R","E","R","T","M","?","$","E","?","R","BOSS"],"build_version":"2019-01-23","purchased_purges":2,"victory":false,"max_hp_per_floor":[80,80,74,74,74,74,74,74,74,74,74,74,74,74,74,74,74,74,74,74,74,74,74,74,74,74,74,74,74,74,74,77,77,77,77,77,77,77,77,77,77,77,77,77,77,77,77,73,73,73],"card_choices":[{"not_picked":["ReplayTheSpireMod:Muscle Training","Anger"],"picked":"Feel No Pain","floor":1},{"not_picked":["Rage","Headbutt"],"picked":"Cleave","floor":4},{"not_picked":["Life Link","Combust"],"picked":"Battle Trance","floor":5},{"not_picked":["Shockwave","Fire Breathing"],"picked":"Clothesline","floor":7},{"not_picked":["Abandon","Clash"],"picked":"Power Through","floor":8},{"not_picked":["ReplayReversal","Thunderclap"],"picked":"Fiend Fire","floor":10},{"not_picked":["Hemogenesis","Sentinel"],"picked":"Corruption","floor":12},{"not_picked":["Demon Form","Impervious"],"picked":"Offering","floor":16},{"not_picked":["Cleave","Body Slam"],"picked":"ReplayTheSpireMod:LeadingStrike+1","floor":18},{"not_picked":["Iron Wave","Seeing Red"],"picked":"Exhume","floor":19},{"not_picked":["Flex","Thunderclap+1"],"picked":"Sentinel","floor":22},{"not_picked":["Rupture+1","Clothesline+1"],"picked":"Perfected Strike","floor":24},{"not_picked":["Massacre","Perfected Strike"],"picked":"Armaments+1","floor":29},{"not_picked":["Replay:Undeath\u0027s Touch","Pommel Strike+1"],"picked":"True Grit","floor":31},{"not_picked":["Hemogenesis","Dark Embrace"],"picked":"Barricade","floor":33},{"not_picked":["Run Through","Havoc+1"],"picked":"Spot Weakness","floor":35},{"not_picked":["ReplayTheSpireMod:Uncanny Aura","Madness"],"picked":"Secret Weapon","floor":36},{"not_picked":["Enlightenment","Purity"],"picked":"Flash of Steel","floor":36},{"not_picked":["Anger+1","Flex+1"],"picked":"Sword Boomerang+1","floor":39},{"not_picked":["Cleave","ReplayTheSpireMod:Muscle Training+1"],"picked":"Thunderclap+1","floor":41},{"not_picked":["Wild Strike","Cleave+1","Intimidate"],"picked":"SKIP","floor":44},{"not_picked":["Pommel Strike","Iron Wave","Sword Boomerang"],"picked":"SKIP","floor":47}],"player_experience":275931,"relics_obtained":[{"floor":8,"key":"Potion Belt"},{"floor":9,"key":"Centennial Puzzle"},{"floor":10,"key":"Bag of Preparation"},{"floor":12,"key":"Gremlin Horn"},{"floor":14,"key":"Oddly Smooth Stone"},{"floor":24,"key":"Happy Flower"},{"floor":26,"key":"Letter Opener"},{"floor":31,"key":"Dodecahedron"},{"floor":41,"key":"Omamori"},{"floor":45,"key":"Magic Flower"},{"floor":47,"key":"infinitespire:FocusingShard"}],"event_choices":[{"damage_healed":0,"gold_gain":0,"player_choice":"Entered Light","damage_taken":16,"max_hp_gain":0,"max_hp_loss":0,"event_name":"Shining Light","floor":2,"gold_loss":0,"cards_upgraded":["Whirlwind","Defend_R"]},{"damage_healed":0,"gold_gain":0,"player_choice":"Lose Max HP","damage_taken":0,"relics_obtained":["Golden Idol"],"max_hp_gain":0,"max_hp_loss":6,"event_name":"Golden Idol","floor":3,"gold_loss":0},{"damage_healed":0,"gold_gain":0,"player_choice":"Grow","damage_taken":0,"max_hp_gain":0,"max_hp_loss":0,"event_name":"Living Wall","floor":11,"gold_loss":0,"cards_upgraded":["Clothesline"]},{"cards_removed":["Strike_R"],"damage_healed":0,"gold_gain":0,"player_choice":"Gave Gold","damage_taken":0,"max_hp_gain":0,"max_hp_loss":0,"event_name":"Beggar","floor":20,"gold_loss":75},{"cards_removed":["Strike_R"],"damage_healed":0,"gold_gain":0,"player_choice":"Elegance","damage_taken":0,"max_hp_gain":0,"max_hp_loss":0,"event_name":"Back to Basics","floor":21,"gold_loss":0},{"damage_healed":0,"gold_gain":99,"player_choice":"Stole From Cult","damage_taken":0,"max_hp_gain":0,"max_hp_loss":0,"event_name":"Nest","floor":28,"gold_loss":0},{"damage_healed":0,"gold_gain":0,"player_choice":"Memory 3","damage_taken":10,"max_hp_gain":0,"max_hp_loss":0,"event_name":"SensoryStone","floor":36,"gold_loss":0},{"damage_healed":0,"gold_gain":0,"player_choice":"Fight","damage_taken":0,"max_hp_gain":0,"max_hp_loss":0,"event_name":"Mysterious Sphere","floor":45,"gold_loss":0},{"damage_healed":0,"gold_gain":0,"player_choice":"Max HP","damage_taken":0,"max_hp_gain":0,"max_hp_loss":4,"event_name":"Winding Halls","floor":48,"gold_loss":0}],"is_beta":false,"boss_relics":[{"not_picked":["Ring of Chaos","Abe\u0027s Treasure"],"picked":"Black Blood"},{"not_picked":["Painkiller Herb","Eternal Feather"],"picked":"Cursed Key"}],"items_purged_floors":[13,30],"is_endless":false,"potions_floor_spawned":[5,7,8,12,16,18,19,35,39,41],"killed_by":"Awakened One","ascension_level":5}