{"gold_per_floor":[115,115,134,134,84,114,128,154,177,191,218,218,195,218,218,344,344,357,370,22,42,60,60,60,60],"floor_reached":25,"playtime":2056,"items_purged":["Defend_B"],"score":256,"play_id":"7fe72a69-a70e-47e8-93d8-327b42d9c015","local_time":"20190318012850","is_ascension_mode":true,"campfire_choices":[{"floor":15,"key":"REST"},{"data":"Zap","floor":23,"key":"SMITH"}],"neow_cost":"NONE","seed_source_timestamp":239945887250437,"circlet_count":0,"master_deck":["Strike_B","Strike_B+1","Strike_B","Defend_B","Defend_B","Defend_B","Zap+1","Dualcast","Cold Snap+1","Undo","Go for the Eyes","Barrage","Chill","Creative AI+1","Go for the Eyes","Injury","Steam","Electrodynamics","BootSequence","Sweeping Beam+1","Ball Lightning","Leap","Ball Lightning","Storm"],"relics":["Cracked Core","Bronze Scales","Happy Flower","Torii","Golden Idol","Runic Pyramid","ClockworkSouvenir"],"potions_floor_usage":[8,11,16,16],"damage_taken":[{"damage":11,"enemies":"Small Slimes","floor":1,"turns":4},{"damage":0,"enemies":"2 Louse","floor":3,"turns":2},{"damage":26,"enemies":"3 Sentries","floor":6,"turns":13},{"damage":0,"enemies":"Jaw Worm","floor":7,"turns":3},{"damage":11,"enemies":"Lagavulin","floor":8,"turns":5},{"damage":0,"enemies":"Blue Slaver","floor":10,"turns":3},{"damage":14,"enemies":"3 Sentries","floor":11,"turns":6},{"damage":0,"enemies":"3 Louse","floor":14,"turns":3},{"damage":1,"enemies":"Hexaghost","floor":16,"turns":9},{"damage":18,"enemies":"2 Thieves","floor":18,"turns":3},{"damage":7,"enemies":"Chosen","floor":19,"turns":5},{"damage":19,"enemies":"Snecko","floor":21,"turns":5},{"damage":8,"enemies":"3 Cultists","floor":22,"turns":4},{"damage":35,"enemies":"Slavers","floor":25,"turns":2}],"seed_played":"-6394754993679701452","potions_obtained":[{"floor":6,"key":"Block Potion"},{"floor":7,"key":"PowerPotion"},{"floor":8,"key":"Ancient Potion"},{"floor":11,"key":"EssenceOfSteel"},{"floor":14,"key":"SkillPotion"},{"floor":16,"key":"LiquidBronze"},{"floor":21,"key":"Swift Potion"}],"is_trial":false,"path_per_floor":["M","?","M","?","?","E","M","E","T","M","E","?","?","M","R","B",null,"M","M","$","M","M","R","?","E"],"character_chosen":"DEFECT","items_purchased":["ClockworkSouvenir","Ball Lightning","Leap"],"campfire_rested":1,"item_purchase_floors":[20,20,20],"current_hp_per_floor":[71,71,71,55,55,29,29,18,18,18,4,4,4,4,28,27,82,64,57,57,38,30,30,30,0],"gold":60,"neow_bonus":"TEN_PERCENT_HP_BONUS","is_prod":false,"is_daily":false,"chose_seed":false,"campfire_upgraded":1,"win_rate":0,"timestamp":1552886930,"path_taken":["M","?","M","?","?","E","?","E","T","M","E","?","?","M","R","BOSS","M","M","$","M","M","R","?","E"],"build_version":"2019-01-23","purchased_purges":1,"victory":false,"max_hp_per_floor":[82,82,82,82,82,82,82,82,82,82,82,82,82,82,82,82,82,82,82,82,82,82,82,82,82],"card_choices":[{"not_picked":["Sweeping Beam","Doom and Gloom"],"picked":"Cold Snap","floor":1},{"not_picked":["Double Energy","Turbo"],"picked":"Undo","floor":3},{"not_picked":["Genetic Algorithm","Hyperbeam"],"picked":"Go for the Eyes","floor":6},{"not_picked":["Rebound","Streamline"],"picked":"Barrage","floor":7},{"not_picked":["Steam","Rebound"],"picked":"Chill","floor":8},{"not_picked":["Rebound","Ball Lightning"],"picked":"Creative AI","floor":10},{"not_picked":["Melter","Streamline"],"picked":"Go for the Eyes","floor":11},{"not_picked":["Go for the Eyes","Turbo"],"picked":"Steam","floor":14},{"not_picked":["Machine Learning","Fission"],"picked":"Electrodynamics","floor":16},{"not_picked":["Cold Snap","Beam Cell"],"picked":"BootSequence","floor":18},{"not_picked":["Melter","Beam Cell"],"picked":"Sweeping Beam+1","floor":19},{"not_picked":["Barrage","Rebound"],"picked":"Ball Lightning","floor":21},{"not_picked":["Stack","Sweeping Beam"],"picked":"Storm","floor":22}],"player_experience":151573,"relics_obtained":[{"floor":6,"key":"Bronze Scales"},{"floor":8,"key":"Happy Flower"},{"floor":11,"key":"Torii"}],"event_choices":[{"damage_healed":0,"gold_gain":0,"player_choice":"Ignored","damage_taken":0,"max_hp_gain":0,"max_hp_loss":0,"event_name":"Liars Game","floor":2,"gold_loss":0},{"damage_healed":0,"gold_gain":0,"player_choice":"Entered Light","damage_taken":16,"max_hp_gain":0,"max_hp_loss":0,"event_name":"Shining Light","floor":4,"gold_loss":0,"cards_upgraded":["Cold Snap","Strike_B"]},{"cards_removed":["Strike_B"],"damage_healed":0,"gold_gain":0,"player_choice":"Card Removal","damage_taken":0,"max_hp_gain":0,"max_hp_loss":0,"event_name":"The Cleric","floor":5,"gold_loss":50},{"damage_healed":0,"gold_gain":0,"player_choice":"Take Wound","damage_taken":0,"relics_obtained":["Golden Idol"],"max_hp_gain":0,"max_hp_loss":0,"event_name":"Golden Idol","floor":12,"gold_loss":0,"cards_obtained":["Injury"]},{"damage_healed":0,"gold_gain":0,"player_choice":"Left Gold","damage_taken":0,"max_hp_gain":0,"max_hp_loss":0,"event_name":"World of Goop","floor":13,"gold_loss":23},{"damage_healed":0,"gold_gain":0,"player_choice":"Upgraded","damage_taken":0,"max_hp_gain":0,"max_hp_loss":0,"event_name":"Upgrade Shrine","floor":24,"gold_loss":0,"cards_upgraded":["Creative AI"]}],"is_beta":false,"boss_relics":[{"not_picked":["Black Star","FrozenCore"],"picked":"Runic Pyramid"}],"items_purged_floors":[20],"is_endless":false,"potions_floor_spawned":[6,7,8,11,14,16,21],"killed_by":"Slavers","ascension_level":3}