{"gold_per_floor":[118,132,132,207,207,207,218,218,218,253,1,1],"floor_reached":12,"playtime":388,"items_purged":[],"score":95,"play_id":"ff52abf2-7ef3-4a47-8b4b-b40178f27830","local_time":"20190719231935","is_ascension_mode":true,"campfire_choices":[{"data":"Bash","floor":6,"key":"SMITH"},{"data":"Clothesline","floor":8,"key":"SMITH"}],"neow_cost":"NONE","seed_source_timestamp":3040535763681508,"circlet_count":0,"master_deck":["Strike_R","Strike_R","Strike_R","Defend_R","Defend_R","Defend_R","Defend_R","Bash+1","Burning Pact","Sword Boomerang","Clothesline+1","Entrench+1","True Grit+1"],"relics":["Burning Blood","Toxic Egg 2","Pantograph","OrangePellets"],"potions_floor_usage":[12],"damage_taken":[{"damage":18,"enemies":"Jaw Worm","floor":1,"turns":4},{"damage":10,"enemies":"Small Slimes","floor":2,"turns":4},{"damage":6,"enemies":"Cultist","floor":7,"turns":3},{"damage":36,"enemies":"Lagavulin","floor":10,"turns":6},{"damage":26,"enemies":"3 Sentries","floor":12,"turns":4}],"seed_played":"6530023062334204543","potions_obtained":[{"floor":7,"key":"PowerPotion"}],"is_trial":false,"path_per_floor":["M","M","?","?","?","R","M","R","T","E","$","E"],"character_chosen":"IRONCLAD","items_purchased":["OrangePellets","True Grit+1"],"campfire_rested":0,"item_purchase_floors":[11,11],"current_hp_per_floor":[76,72,65,54,54,54,54,54,54,24,24,0],"gold":1,"neow_bonus":"TEN_PERCENT_HP_BONUS","is_prod":false,"is_daily":false,"chose_seed":false,"campfire_upgraded":2,"win_rate":0,"timestamp":1563592775,"path_taken":["M","M","?","?","?","R","?","R","T","E","$","E"],"build_version":"2019-07-17","purchased_purges":0,"victory":false,"max_hp_per_floor":[88,88,88,88,88,88,88,88,88,88,88,88],"card_choices":[{"not_picked":["Twin Strike","Clash"],"picked":"Burning Pact","floor":1},{"not_picked":["Infernal Blade","Hemokinesis"],"picked":"Sword Boomerang","floor":2},{"not_picked":["Pommel Strike","Dropkick"],"picked":"Clothesline","floor":7},{"not_picked":["Body Slam","Burning Pact+1"],"picked":"Entrench+1","floor":10}],"player_experience":345967,"relics_obtained":[{"floor":9,"key":"Toxic Egg 2"},{"floor":10,"key":"Pantograph"}],"event_choices":[{"cards_removed":["Strike_R"],"damage_healed":0,"gold_gain":0,"player_choice":"Card Removal","damage_taken":7,"max_hp_gain":0,"max_hp_loss":0,"event_name":"Golden Wing","floor":3,"gold_loss":0},{"damage_healed":0,"gold_gain":75,"player_choice":"Gather Gold","damage_taken":11,"max_hp_gain":0,"max_hp_loss":0,"event_name":"World of Goop","floor":4,"gold_loss":0},{"cards_removed":["Strike_R"],"damage_healed":0,"gold_gain":0,"player_choice":"Offered Basic","damage_taken":0,"max_hp_gain":0,"max_hp_loss":0,"event_name":"Bonfire Elementals","floor":5,"gold_loss":0}],"is_beta":false,"boss_relics":[],"items_purged_floors":[],"is_endless":false,"potions_floor_spawned":[7],"killed_by":"3 Sentries","ascension_level":5}