{"gold_per_floor":[119,119,134,149,159,193,193,206,206,268,279,295,295,325,325,425,425,435,231,231,231,249,279,299,299],"floor_reached":25,"playtime":1982,"items_purged":["Strike_G"],"score":282,"play_id":"a0c36a34-506a-468b-8392-68a7255744de","local_time":"20190328211316","is_ascension_mode":true,"campfire_choices":[{"data":"Noxious Fumes","floor":7,"key":"SMITH"},{"floor":13,"key":"REST"},{"floor":15,"key":"REST"}],"neow_cost":"NONE","seed_source_timestamp":1175082834276110,"circlet_count":0,"master_deck":["Defend_G","Defend_G","Defend_G","Defend_G","Defend_G+1","Strike_G","Strike_G","Strike_G","Survivor","Neutralize","Crippling Poison+1","Sucker Punch","Cloak And Dagger","Noxious Fumes+1","Dodge and Roll","Dash","Leg Sweep","Cloak And Dagger","Blur","PiercingWail","Die Die Die","Backflip","PiercingWail","Noxious Fumes","Necronomicurse","Blade Dance+1","Backstab","Dodge and Roll+1"],"relics":["Ring of the Snake","War Paint","Ornamental Fan","Tiny Chest","Pocketwatch","Snecko Eye","Necronomicon","Toxic Egg 2","Gambling Chip"],"potions_floor_usage":[6,16,16,22],"damage_taken":[{"damage":8,"enemies":"Jaw Worm","floor":1,"turns":6},{"damage":0,"enemies":"Cultist","floor":3,"turns":4},{"damage":7,"enemies":"2 Louse","floor":4,"turns":3},{"damage":4,"enemies":"Blue Slaver","floor":5,"turns":4},{"damage":29,"enemies":"3 Sentries","floor":6,"turns":9},{"damage":0,"enemies":"2 Fungi Beasts","floor":8,"turns":3},{"damage":13,"enemies":"Gremlin Nob","floor":10,"turns":5},{"damage":5,"enemies":"Exordium Thugs","floor":11,"turns":4},{"damage":6,"enemies":"Red Slaver","floor":12,"turns":5},{"damage":10,"enemies":"Lagavulin","floor":14,"turns":8},{"damage":26,"enemies":"Slime Boss","floor":16,"turns":13},{"damage":0,"enemies":"Shell Parasite","floor":18,"turns":6},{"damage":13,"enemies":"Spheric Guardian","floor":22,"turns":5},{"damage":17,"enemies":"Gremlin Leader","floor":23,"turns":8},{"damage":9,"enemies":"Centurion and Healer","floor":24,"turns":5},{"damage":27,"enemies":"Book of Stabbing","floor":25,"turns":7}],"seed_played":"-973391605799564376","potions_obtained":[{"floor":3,"key":"Dexterity Potion"},{"floor":5,"key":"FearPotion"},{"floor":8,"key":"SmokeBomb"},{"floor":10,"key":"LiquidBronze"},{"floor":18,"key":"SpeedPotion"},{"floor":22,"key":"Fruit Juice"},{"floor":24,"key":"SmokeBomb"}],"is_trial":false,"path_per_floor":["M","?","M","M","M","E","R","M","T","E","M","M","R","E","R","B",null,"M","$","?","T","M","E","M","E"],"character_chosen":"THE_SILENT","items_purchased":["PiercingWail","Noxious Fumes"],"campfire_rested":2,"item_purchase_floors":[19,19],"current_hp_per_floor":[69,69,69,62,58,29,29,29,29,16,11,5,28,18,41,15,77,77,77,61,61,53,36,27,0],"gold":299,"neow_bonus":"TEN_PERCENT_HP_BONUS","is_prod":false,"is_daily":false,"chose_seed":false,"campfire_upgraded":1,"win_rate":0,"timestamp":1553821996,"path_taken":["M","?","M","M","M","E","R","M","T","E","M","?","R","E","R","BOSS","M","$","?","?","M","E","M","E"],"build_version":"2019-01-23","purchased_purges":1,"victory":false,"max_hp_per_floor":[77,77,77,77,77,77,77,77,77,77,77,77,77,77,77,77,77,77,77,77,77,82,82,82,82],"card_choices":[{"not_picked":["Dodge and Roll","Dagger Throw"],"picked":"Crippling Poison","floor":1},{"not_picked":["Skewer","Blade Dance"],"picked":"Sucker Punch","floor":3},{"not_picked":["Acrobatics","Underhanded Strike"],"picked":"Cloak And Dagger","floor":4},{"not_picked":["Corpse Explosion","Endless Agony"],"picked":"Noxious Fumes","floor":5},{"not_picked":["Distraction","Bane"],"picked":"Dodge and Roll","floor":6},{"not_picked":["Slice","Escape Plan"],"picked":"Dash","floor":8},{"not_picked":["Deadly Poison","Dagger Throw"],"picked":"Leg Sweep","floor":10},{"not_picked":["Blade Dance","Quick Slash"],"picked":"Cloak And Dagger","floor":11},{"not_picked":["Blade Dance","Bane"],"picked":"Blur","floor":12},{"not_picked":["Noxious Fumes","Cloak And Dagger"],"picked":"PiercingWail","floor":14},{"not_picked":["Unload","Storm of Steel"],"picked":"Die Die Die","floor":16},{"not_picked":["Deadly Poison","Sucker Punch"],"picked":"Backflip","floor":18},{"not_picked":["Storm of Steel+1","Sucker Punch"],"picked":"Blade Dance+1","floor":22},{"not_picked":["Dagger Throw+1","Sucker Punch"],"picked":"Backstab","floor":23},{"not_picked":["Blade Dance+1","Terror+1"],"picked":"Dodge and Roll+1","floor":24}],"player_experience":177246,"relics_obtained":[{"floor":6,"key":"War Paint"},{"floor":9,"key":"Ornamental Fan"},{"floor":10,"key":"Tiny Chest"},{"floor":14,"key":"Pocketwatch"},{"floor":20,"key":"Necronomicon"},{"floor":21,"key":"Toxic Egg 2"},{"floor":23,"key":"Gambling Chip"}],"event_choices":[{"cards_removed":["Strike_G"],"damage_healed":0,"gold_gain":0,"player_choice":"Offered Basic","damage_taken":0,"max_hp_gain":0,"max_hp_loss":0,"event_name":"Bonfire Elementals","floor":2,"gold_loss":0},{"damage_healed":0,"gold_gain":0,"player_choice":"Obtained Book","damage_taken":16,"max_hp_gain":0,"max_hp_loss":0,"event_name":"Cursed Tome","floor":20,"gold_loss":0}],"is_beta":false,"boss_relics":[{"not_picked":["Pandora\u0027s Box","WristBlade"],"picked":"Snecko Eye"}],"items_purged_floors":[19],"is_endless":false,"potions_floor_spawned":[3,5,8,10,18,22,24],"killed_by":"Book of Stabbing","ascension_level":3}