{"gold_per_floor":[116,116,127,138,149,149,175,175,175,125,125],"floor_reached":11,"playtime":802,"items_purged":[],"score":80,"play_id":"a3947fc8-8f2c-45cb-8cbe-d39cd993665f","local_time":"20190314212838","is_ascension_mode":true,"campfire_choices":[{"data":"Neutralize","floor":6,"key":"SMITH"}],"neow_cost":"NONE","seed_source_timestamp":1439853743450796,"circlet_count":0,"master_deck":["Defend_G","Defend_G","Defend_G","Defend_G","Defend_G","Strike_G+1","Strike_G+1","Strike_G","Strike_G","Survivor","Neutralize+1","Backstab","Infinite Blades","Dagger Throw","Acrobatics","PiercingWail","PiercingWail"],"relics":["Ring of the Snake","Bottled Flame","Sundial"],"potions_floor_usage":[7],"damage_taken":[{"damage":0,"enemies":"2 Louse","floor":1,"turns":2},{"damage":0,"enemies":"Small Slimes","floor":3,"turns":2},{"damage":0,"enemies":"Cultist","floor":4,"turns":2},{"damage":0,"enemies":"3 Louse","floor":5,"turns":2},{"damage":31,"enemies":"Lagavulin","floor":7,"turns":9},{"damage":25,"enemies":"Gremlin Nob","floor":11,"turns":4}],"seed_played":"7611361173382689092","potions_obtained":[{"floor":1,"key":"SkillPotion"},{"floor":7,"key":"Ancient Potion"}],"is_trial":false,"path_per_floor":["M","?","M","M","M","R","E","?","T","?","E"],"character_chosen":"THE_SILENT","items_purchased":[],"campfire_rested":0,"item_purchase_floors":[],"current_hp_per_floor":[70,56,56,56,56,56,25,25,25,25,0],"gold":125,"neow_bonus":"ONE_RANDOM_RARE_CARD","is_prod":false,"is_daily":false,"chose_seed":false,"campfire_upgraded":1,"win_rate":0,"timestamp":1552613318,"path_taken":["M","?","M","M","M","R","E","?","T","?","E"],"build_version":"2019-01-23","purchased_purges":0,"victory":false,"max_hp_per_floor":[70,70,70,70,70,70,70,70,70,70,70],"card_choices":[{"not_picked":["Acrobatics","Cloak And Dagger"],"picked":"Backstab","floor":1},{"not_picked":["Deflect","Dodge and Roll"],"picked":"Infinite Blades","floor":3},{"not_picked":["Setup","Underhanded Strike"],"picked":"Dagger Throw","floor":4},{"not_picked":["Catalyst","Finisher"],"picked":"Acrobatics","floor":5},{"not_picked":["Dagger Throw","Envenom"],"picked":"PiercingWail","floor":7}],"player_experience":143801,"relics_obtained":[{"floor":7,"key":"Bottled Flame"},{"floor":9,"key":"Sundial"}],"event_choices":[{"damage_healed":0,"gold_gain":0,"player_choice":"Entered Light","damage_taken":14,"max_hp_gain":0,"max_hp_loss":0,"event_name":"Shining Light","floor":2,"gold_loss":0,"cards_upgraded":["Strike_G","Strike_G"]},{"damage_healed":0,"gold_gain":0,"cards_transformed":["Grand Finale"],"player_choice":"Change","damage_taken":0,"max_hp_gain":0,"max_hp_loss":0,"event_name":"Living Wall","floor":8,"gold_loss":0,"cards_obtained":["PiercingWail"]},{"cards_removed":["Strike_G"],"damage_healed":0,"gold_gain":0,"player_choice":"Card Removal","damage_taken":0,"max_hp_gain":0,"max_hp_loss":0,"event_name":"The Cleric","floor":10,"gold_loss":50}],"is_beta":false,"boss_relics":[],"items_purged_floors":[],"is_endless":false,"potions_floor_spawned":[1,7],"killed_by":"Gremlin Nob","ascension_level":2}