{"gold_per_floor":[363,21,33,33,33,33,66,66,66,96,96,96,107,127,127,227,227,244,244,263,278,278],"floor_reached":22,"playtime":1152,"items_purged":["Strike_G"],"score":252,"play_id":"5ad5fb8b-3b4a-497f-81f3-d144d66dfa80","local_time":"20190517001026","is_ascension_mode":true,"campfire_choices":[{"floor":6,"key":"REST"},{"floor":8,"key":"REST"},{"floor":11,"key":"DIG"},{"data":"Deadly Poison","floor":15,"key":"SMITH"}],"neow_cost":"PERCENT_DAMAGE","seed_source_timestamp":2513045635485243,"circlet_count":0,"master_deck":["Defend_G+1","Defend_G","Defend_G","Defend_G","Defend_G","Strike_G","Strike_G","Strike_G+1","Survivor","Neutralize+1","Deadly Poison+1","Backflip","Infinite Blades","Acrobatics","Dash","Cloak And Dagger","Dagger Spray","Dodge and Roll","Night Terror","Noxious Fumes","PiercingWail"],"relics":["Ring of the Snake","Regal Pillow","Shovel","Calipers","Meat on the Bone","PreservedInsect","Mercury Hourglass","Runic Pyramid"],"potions_floor_usage":[16,20],"damage_taken":[{"damage":10,"enemies":"Cultist","floor":1,"turns":4},{"damage":1,"enemies":"2 Louse","floor":3,"turns":4},{"damage":37,"enemies":"3 Sentries","floor":7,"turns":12},{"damage":24,"enemies":"Gremlin Nob","floor":10,"turns":5},{"damage":3,"enemies":"Jaw Worm","floor":13,"turns":2},{"damage":4,"enemies":"Red Slaver","floor":14,"turns":3},{"damage":23,"enemies":"Hexaghost","floor":16,"turns":10},{"damage":3,"enemies":"Chosen","floor":18,"turns":5},{"damage":22,"enemies":"Shell Parasite","floor":20,"turns":6},{"damage":9,"enemies":"Cultist and Chosen","floor":21,"turns":6},{"damage":43,"enemies":"Shelled Parasite and Fungi","floor":22,"turns":4}],"seed_played":"-3121936309846324474","potions_obtained":[{"floor":1,"key":"Ancient Potion"},{"floor":13,"key":"Block Potion"},{"floor":14,"key":"FearPotion"},{"floor":16,"key":"GhostInAJar"},{"floor":21,"key":"PowerPotion"}],"is_trial":false,"path_per_floor":["M","$","M","?","?","R","E","R","T","E","R","?","M","M","R","B",null,"M","?","M","M","M"],"character_chosen":"THE_SILENT","items_purchased":["Backflip","Regal Pillow","Infinite Blades"],"campfire_rested":2,"item_purchase_floors":[2,2,2],"current_hp_per_floor":[35,35,34,16,16,52,15,51,51,39,39,25,34,42,42,31,60,57,57,47,38,0],"gold":278,"neow_bonus":"TWO_FIFTY_GOLD","is_prod":false,"is_daily":false,"chose_seed":false,"campfire_upgraded":1,"win_rate":0,"timestamp":1558066226,"path_taken":["M","$","M","?","?","R","E","R","T","E","R","?","?","M","R","BOSS","M","?","M","M","?"],"build_version":"2019-01-23","purchased_purges":1,"victory":false,"max_hp_per_floor":[70,70,70,70,70,70,70,70,70,70,70,70,70,70,70,70,70,70,70,70,70,70],"card_choices":[{"not_picked":["Escape Plan","Prepared"],"picked":"Deadly Poison","floor":1},{"not_picked":["Prepared","Underhanded Strike"],"picked":"Acrobatics","floor":3},{"not_picked":["Endless Agony","Dodge and Roll"],"picked":"Dash","floor":7},{"not_picked":["Flying Knee","Phantasmal Killer"],"picked":"Cloak And Dagger","floor":10},{"not_picked":["Quick Slash","Outmaneuver"],"picked":"Dagger Spray","floor":13},{"not_picked":["Quick Slash","Slice"],"picked":"Dodge and Roll","floor":14},{"not_picked":["Bullet Time","Venomology"],"picked":"Night Terror","floor":16},{"not_picked":["Sucker Punch","Slice"],"picked":"Noxious Fumes","floor":18},{"not_picked":["Sucker Punch+1","Bane","Quick Slash"],"picked":"SKIP","floor":20},{"not_picked":["Well Laid Plans","Flying Knee"],"picked":"PiercingWail","floor":21}],"player_experience":298918,"relics_obtained":[{"floor":7,"key":"Calipers"},{"floor":9,"key":"Meat on the Bone"},{"floor":10,"key":"PreservedInsect"},{"floor":11,"key":"Mercury Hourglass"}],"event_choices":[{"damage_healed":0,"gold_gain":0,"player_choice":"Success","damage_taken":18,"relics_obtained":["Shovel"],"max_hp_gain":0,"max_hp_loss":0,"event_name":"Scrap Ooze","floor":4,"gold_loss":0},{"damage_healed":0,"gold_gain":0,"player_choice":"Grow","damage_taken":0,"max_hp_gain":0,"max_hp_loss":0,"event_name":"Living Wall","floor":5,"gold_loss":0,"cards_upgraded":["Neutralize"]},{"damage_healed":0,"gold_gain":0,"player_choice":"Entered Light","damage_taken":14,"max_hp_gain":0,"max_hp_loss":0,"event_name":"Shining Light","floor":12,"gold_loss":0,"cards_upgraded":["Defend_G","Strike_G"]},{"cards_removed":["Strike_G"],"damage_healed":0,"gold_gain":0,"player_choice":"Offered Basic","damage_taken":0,"max_hp_gain":0,"max_hp_loss":0,"event_name":"Bonfire Elementals","floor":19,"gold_loss":0}],"is_beta":false,"boss_relics":[{"not_picked":["White Beast Statue","Calling Bell"],"picked":"Runic Pyramid"}],"items_purged_floors":[2],"is_endless":false,"potions_floor_spawned":[1,13,14,16,21],"killed_by":"Shelled Parasite and Fungi","ascension_level":6}