{"gold_per_floor":[116,127,127,127,26,26,44,73,73,73],"floor_reached":10,"playtime":430,"items_purged":[],"score":76,"play_id":"b69f6af7-fb71-48a6-b129-f89dd757e525","local_time":"20190318000931","is_ascension_mode":true,"campfire_choices":[{"data":"Zap","floor":6,"key":"SMITH"}],"neow_cost":"NONE","seed_source_timestamp":236812391254321,"circlet_count":0,"master_deck":["Strike_B","Strike_B","Strike_B+1","Strike_B","Defend_B","Defend_B","Defend_B","Defend_B","Zap+1","Dualcast","Sweeping Beam+1","Leap","Defragment","Rebound","Ball Lightning","Skim"],"relics":["Cracked Core","Dream Catcher","GremlinMask","Calipers","Turnip"],"potions_floor_usage":[10],"damage_taken":[{"damage":10,"enemies":"Small Slimes","floor":1,"turns":3},{"damage":6,"enemies":"Cultist","floor":2,"turns":3},{"damage":7,"enemies":"2 Louse","floor":7,"turns":2},{"damage":25,"enemies":"Lagavulin","floor":8,"turns":5},{"damage":13,"enemies":"Blue Slaver","floor":10,"turns":1}],"seed_played":"-6484169562424447623","potions_obtained":[{"floor":8,"key":"PowerPotion"}],"is_trial":false,"path_per_floor":["M","M","?","?","$","R","M","E","T","M"],"character_chosen":"DEFECT","items_purchased":["Defragment","Rebound"],"campfire_rested":0,"item_purchase_floors":[5,5],"current_hp_per_floor":[65,59,44,44,44,44,37,12,12,0],"gold":73,"neow_bonus":"RANDOM_COMMON_RELIC","is_prod":false,"is_daily":false,"chose_seed":false,"campfire_upgraded":1,"win_rate":0,"timestamp":1552882171,"path_taken":["M","M","?","?","$","R","M","E","T","?"],"build_version":"2019-01-23","purchased_purges":0,"victory":false,"max_hp_per_floor":[75,75,75,75,75,75,75,75,75,75],"card_choices":[{"not_picked":["Streamline","Gash"],"picked":"Sweeping Beam","floor":1},{"not_picked":["Loop","Scrape"],"picked":"Leap","floor":2},{"not_picked":["Compile Driver","Gash"],"picked":"Ball Lightning","floor":7},{"not_picked":["Beam Cell","Static Discharge"],"picked":"Skim","floor":8}],"player_experience":149015,"relics_obtained":[{"floor":8,"key":"Calipers"},{"floor":9,"key":"Turnip"}],"event_choices":[{"damage_healed":0,"gold_gain":0,"player_choice":"Entered Light","damage_taken":15,"max_hp_gain":0,"max_hp_loss":0,"event_name":"Shining Light","floor":3,"gold_loss":0,"cards_upgraded":["Strike_B","Sweeping Beam"]},{"damage_healed":0,"gold_gain":0,"player_choice":"Trade","damage_taken":0,"relics_obtained":["GremlinMask"],"max_hp_gain":0,"max_hp_loss":0,"event_name":"FaceTrader","floor":4,"gold_loss":0}],"is_beta":false,"boss_relics":[],"items_purged_floors":[],"is_endless":false,"potions_floor_spawned":[8],"killed_by":"Blue Slaver","ascension_level":3}