{"path_per_floor":["M","M","?","M","M","E","M","M","T","M","M","E","M","M","R","B",null,"M","?","M","M","?","R","M","M","T"],"character_chosen":"IRONCLAD","items_purchased":[],"gold_per_floor":[217,229,229,246,263,295,307,323,323,342,356,383,395,408,408,508,508,519,519,534,549,549,549,565,585,585],"floor_reached":27,"campfire_rested":0,"playtime":1745,"current_hp_per_floor":[80,80,73,78,80,80,83,86,86,89,91,86,95,101,101,63,104,90,90,81,69,69,69,57,46,46],"items_purged":[],"gold":585,"play_id":"d6d5ffe9-53f2-4e2b-b05a-be05d215ab6e","is_prod":false,"is_daily":false,"campfire_rituals":0,"campfire_upgraded":2,"is_hardmode":false,"path_taken":["M","M","?","?","M","E","M","M","T","M","M","E","M","M","R","BOSS","M","?","M","M","?","R","M","M","T","E"],"build_version":"2018-01-11-PROD2","purchased_purges":0,"victory":false,"master_deck":["Strike_R","Strike_R","Strike_R","Strike_R","Strike_R","Defend_R","Defend_R","Defend_R","Defend_R","Bash","Headbutt","Shrug It Off","Iron Wave","Shrug It Off","Feed","Battle Trance","Evolve","Blood for Blood","Demon Form","Thunderclap","Iron Wave","Feed","Headbutt","Battle Trance"],"max_hp_per_floor":[80,80,80,80,80,80,83,86,86,89,92,95,98,101,101,104,104,107,107,107,110,110,110,113,113,113],"relics":["Burning Blood","Bronze Scales","Pen Nib","Charon\u0027s Ashes","Bag of Marbles","Black Star","Toxic Egg"],"campfire_meditates":0,"card_choices":[{"not_picked":["Fire Breathing","Entrench"],"picked":"Headbutt"},{"not_picked":["Pommel Strike","Pummel"],"picked":"Shrug It Off"},{"not_picked":["Dark Embrace","Clash"],"picked":"Iron Wave"},{"not_picked":["Wild Strike","True Grit"],"picked":"Shrug It Off"},{"not_picked":["Cleave","Entrench"],"picked":"Feed"},{"not_picked":["Pommel Strike","True Grit"],"picked":"Battle Trance"},{"not_picked":["Heavy Blade","Infernal Blade"],"picked":"Evolve"},{"not_picked":["Iron Wave","Warcry"],"picked":"Blood for Blood"},{"not_picked":["Exhume","Fiend Fire"],"picked":"Demon Form"},{"not_picked":["Headbutt","Clash"],"picked":"Thunderclap"},{"not_picked":["Pommel Strike","Fire Breathing"],"picked":"Iron Wave"},{"not_picked":["Warcry","Second Wind"],"picked":"Feed"},{"not_picked":["Perfected Strike","Sword Boomerang"],"picked":"Headbutt"},{"not_picked":["Havoc","Twin Strike"],"picked":"Battle Trance"}],"player_experience":206764,"potions_floor_usage":[6,12,16,18,20,25],"damage_taken":[{"damage":0,"enemies":"2 Louse","floor":1,"turns":3},{"damage":6,"enemies":"Jaw Worm","floor":2,"turns":3},{"damage":1,"enemies":"Cultist","floor":4,"turns":3},{"damage":0,"enemies":"Red Slaver","floor":5,"turns":4},{"damage":6,"enemies":"3 Sentries","floor":6,"turns":8},{"damage":0,"enemies":"2 Fungi Beasts","floor":7,"turns":3},{"damage":4,"enemies":"Exordium Wildlife","floor":8,"turns":3},{"damage":2,"enemies":"Exordium Thugs","floor":10,"turns":4},{"damage":7,"enemies":"3 Louse","floor":11,"turns":2},{"damage":14,"enemies":"Gremlin Nob","floor":12,"turns":3},{"damage":0,"enemies":"Red Slaver","floor":13,"turns":3},{"damage":2,"enemies":"Looter","floor":14,"turns":2},{"damage":47,"enemies":"The Guardian","floor":16,"turns":12},{"damage":23,"enemies":"2 Thieves","floor":18,"turns":5},{"damage":15,"enemies":"Shell Parasite","floor":20,"turns":9},{"damage":21,"enemies":"Snake Plant","floor":21,"turns":3},{"damage":21,"enemies":"3 Cultists","floor":24,"turns":5},{"damage":29,"enemies":"Chosen and Byrds","floor":25,"turns":6},{"damage":48,"enemies":"Gremlin Leader","floor":27,"turns":6}],"event_choices":[{"event_name":"Scrap Ooze","player_choice":"success","floor":3,"damage_taken":7},{"event_name":"Back to Basics","player_choice":"Simplicity","floor":19,"damage_taken":0},{"event_name":"Upgrade Shrine","player_choice":"Upgraded","floor":22,"damage_taken":0}],"boss_relics":[{"not_picked":["Question Card","Tiny House"],"picked":"Black Star"}],"potions_floor_spawned":[1,2,11,13,14,16,24],"seed_played":"-8540073128269222197","killed_by":"Gremlin Leader","is_trial":false}