{"gold_per_floor":[116,116,135,154,40,70,70,102,152,52,52,63,76,87,87,185,185,169,169,169,269,279,279,279,313,388,388,418,418,750,765,765,870,870,881,443,459,473,473,505,505,520,520,520,520,520,555,571,571,571],"floor_reached":51,"playtime":3476,"items_purged":["Strike_R","Strike_R","Strike_R"],"score":943,"play_id":"3a01b969-2c5d-4b35-8959-58cdacc4bfa3","local_time":"20190427034916","is_ascension_mode":true,"campfire_choices":[{"data":"Armaments","floor":7,"key":"SMITH"},{"data":"True Grit","floor":11,"key":"SMITH"},{"data":"Body Slam","floor":15,"key":"SMITH"},{"floor":23,"key":"DIG"},{"floor":27,"key":"REST"},{"floor":29,"key":"REST"},{"data":"Juggernaut","floor":32,"key":"SMITH"},{"floor":41,"key":"DIG"},{"floor":44,"key":"DIG"},{"floor":49,"key":"REST"}],"neow_cost":"NONE","seed_source_timestamp":795852345971415,"circlet_count":0,"master_deck":["Strike_R","Defend_R","Defend_R","Defend_R+1","Defend_R","Bash","Metallicize+1","True Grit+1","Armaments+1","Uppercut","Anger","Pommel Strike","Thunderclap","Flame Barrier","Body Slam+1","Juggernaut+1","Clothesline","Sentinel+1","Sword Boomerang","Offering+1","Metallicize","Reaper","Spot Weakness","Shockwave+1","Havoc","Madness","Madness","Fiend Fire","Violence","Spot Weakness"],"relics":["Burning Blood","Meat on the Bone","Bag of Marbles","Shovel","Juzu Bracelet","Black Star","Calipers","Pear","Thread and Needle","Omamori","Charon\u0027s Ashes","FossilizedHelix","Ornamental Fan","Pen Nib","Old Coin","Fusion Hammer","Sundial","Ancient Tea Set","Mercury Hourglass","War Paint","Kunai","Mummified Hand","Blood Vial","Bottled Flame"],"potions_floor_usage":[8,18,21,25,28,33,33],"damage_taken":[{"damage":19,"enemies":"Small Slimes","floor":1,"turns":4},{"damage":14,"enemies":"2 Louse","floor":3,"turns":3},{"damage":5,"enemies":"Cultist","floor":4,"turns":4},{"damage":39,"enemies":"Lagavulin","floor":6,"turns":9},{"damage":12,"enemies":"Gremlin Nob","floor":8,"turns":4},{"damage":14,"enemies":"Blue Slaver","floor":12,"turns":3},{"damage":11,"enemies":"Looter","floor":13,"turns":3},{"damage":0,"enemies":"2 Fungi Beasts","floor":14,"turns":4},{"damage":24,"enemies":"The Guardian","floor":16,"turns":13},{"damage":20,"enemies":"2 Thieves","floor":18,"turns":4},{"damage":38,"enemies":"Colosseum Slavers","floor":21,"turns":5},{"damage":26,"enemies":"Colosseum Nobs","floor":21,"turns":6},{"damage":27,"enemies":"Spheric Guardian","floor":22,"turns":6},{"damage":37,"enemies":"Book of Stabbing","floor":25,"turns":7},{"damage":51,"enemies":"Gremlin Leader","floor":28,"turns":8},{"damage":13,"enemies":"Book of Stabbing","floor":30,"turns":5},{"damage":21,"enemies":"3 Cultists","floor":31,"turns":5},{"damage":17,"enemies":"Champ","floor":33,"turns":11},{"damage":0,"enemies":"Orb Walker","floor":35,"turns":4},{"damage":14,"enemies":"3 Shapes","floor":37,"turns":3},{"damage":38,"enemies":"Sphere and 2 Shapes","floor":38,"turns":5},{"damage":19,"enemies":"Nemesis","floor":40,"turns":7},{"damage":3,"enemies":"Jaw Worm Horde","floor":42,"turns":3},{"damage":1,"enemies":"Reptomancer","floor":47,"turns":3},{"damage":51,"enemies":"3 Darklings","floor":48,"turns":4},{"damage":45,"enemies":"Donu and Deca","floor":50,"turns":8}],"seed_played":"8959426534992688872","potions_obtained":[{"floor":4,"key":"Energy Potion"},{"floor":6,"key":"Poison Potion"},{"floor":8,"key":"Swift Potion"},{"floor":12,"key":"Explosive Potion"},{"floor":21,"key":"LiquidBronze"},{"floor":22,"key":"PowerPotion"},{"floor":30,"key":"Fire Potion"},{"floor":37,"key":"Swift Potion"},{"floor":40,"key":"Swift Potion"}],"is_trial":false,"path_per_floor":["M","?","M","M","$","E","R","E","T","$","R","M","M","M","R","B",null,"M","$","?","?","M","R","?","E","T","R","E","R","E","M","R","B",null,"M","$","M","M","?","E","R","M","T","R","?","?","E","M","R","B",null],"character_chosen":"IRONCLAD","items_purchased":["Uppercut","Spot Weakness","Sundial"],"campfire_rested":3,"item_purchase_floors":[5,36,36],"current_hp_per_floor":[75,57,61,62,62,41,41,47,47,47,47,51,58,64,64,58,88,74,74,74,56,47,47,47,28,28,57,24,53,58,55,55,56,98,98,98,98,66,54,59,59,62,62,62,62,62,81,64,93,59],"gold":571,"neow_bonus":"TEN_PERCENT_HP_BONUS","is_prod":false,"is_daily":false,"chose_seed":false,"campfire_upgraded":4,"win_rate":0,"timestamp":1556351356,"path_taken":["M","?","M","M","$","E","R","E","T","$","R","M","M","M","R","BOSS","M","$","?","?","M","R","?","E","T","R","E","R","E","M","R","BOSS","M","$","M","M","?","E","R","M","T","R","?","?","E","M","R","BOSS"],"build_version":"2019-01-23","purchased_purges":3,"victory":true,"max_hp_per_floor":[88,88,88,88,88,88,88,88,88,88,88,88,88,88,88,88,88,88,88,88,98,98,98,98,98,98,98,98,98,98,98,98,98,98,98,98,98,98,98,98,98,98,98,98,98,98,98,98,98,98],"card_choices":[{"not_picked":["Iron Wave","Body Slam"],"picked":"Metallicize","floor":1},{"not_picked":["Dropkick","Burning Pact"],"picked":"True Grit","floor":3},{"not_picked":["Carnage","Entrench"],"picked":"Armaments","floor":4},{"not_picked":["Infernal Blade","Havoc"],"picked":"Anger","floor":6},{"not_picked":["Seeing Red","Searing Blow"],"picked":"Pommel Strike","floor":8},{"not_picked":["Fire Breathing","Armaments"],"picked":"Thunderclap","floor":12},{"not_picked":["Exhume","Armaments"],"picked":"Flame Barrier","floor":13},{"not_picked":["Flex","Armaments"],"picked":"Body Slam","floor":14},{"not_picked":["Barricade","Dark Embrace"],"picked":"Juggernaut","floor":16},{"not_picked":["Combust+1","Power Through"],"picked":"Clothesline","floor":18},{"not_picked":["Pommel Strike+1","Body Slam"],"picked":"Sentinel+1","floor":21},{"not_picked":["Wild Strike","Iron Wave","Evolve"],"picked":"SKIP","floor":22},{"not_picked":["Iron Wave","Cleave+1"],"picked":"Sword Boomerang","floor":25},{"not_picked":["Cleave","Heavy Blade+1"],"picked":"Offering","floor":28},{"not_picked":["Second Wind","Cleave"],"picked":"Metallicize","floor":30},{"not_picked":["Twin Strike","Dropkick","Thunderclap+1"],"picked":"SKIP","floor":31},{"not_picked":["Berserk","Exhume"],"picked":"Reaper","floor":33},{"not_picked":["Armaments","Flex","Rage"],"picked":"SKIP","floor":35},{"not_picked":["Warcry","Rupture"],"picked":"Shockwave+1","floor":37},{"not_picked":["Anger+1","Flex"],"picked":"Havoc","floor":38},{"not_picked":["Sword Boomerang+1","Dual Wield+1"],"picked":"Fiend Fire","floor":40},{"not_picked":["Sword Boomerang","Second Wind"],"picked":"Shrug It Off+1","floor":42},{"not_picked":["Secret Weapon","Mind Blast"],"picked":"Violence","floor":46},{"not_picked":["Clash","Whirlwind"],"picked":"Spot Weakness","floor":47},{"not_picked":["Flex","Warcry","Heavy Blade"],"picked":"SKIP","floor":48}],"player_experience":228274,"relics_obtained":[{"floor":6,"key":"Bag of Marbles"},{"floor":8,"key":"Shovel"},{"floor":9,"key":"Juzu Bracelet"},{"floor":21,"key":"Calipers"},{"floor":21,"key":"Pear"},{"floor":23,"key":"Thread and Needle"},{"floor":25,"key":"Omamori"},{"floor":25,"key":"Charon\u0027s Ashes"},{"floor":28,"key":"FossilizedHelix"},{"floor":28,"key":"Ornamental Fan"},{"floor":30,"key":"Pen Nib"},{"floor":30,"key":"Old Coin"},{"floor":40,"key":"Ancient Tea Set"},{"floor":40,"key":"Mercury Hourglass"},{"floor":41,"key":"War Paint"},{"floor":43,"key":"Kunai"},{"floor":44,"key":"Mummified Hand"},{"floor":47,"key":"Blood Vial"},{"floor":47,"key":"Bottled Flame"}],"event_choices":[{"damage_healed":0,"gold_gain":0,"player_choice":"Success","damage_taken":18,"relics_obtained":["Meat on the Bone"],"max_hp_gain":0,"max_hp_loss":0,"event_name":"Scrap Ooze","floor":2,"gold_loss":0},{"damage_healed":0,"gold_gain":0,"player_choice":"Forge","damage_taken":0,"max_hp_gain":0,"max_hp_loss":0,"event_name":"Accursed Blacksmith","floor":20,"gold_loss":0,"cards_upgraded":["Metallicize"]},{"damage_healed":0,"gold_gain":0,"player_choice":"Fight","damage_taken":0,"max_hp_gain":0,"max_hp_loss":0,"event_name":"Colosseum","floor":21,"gold_loss":0},{"damage_healed":0,"gold_gain":0,"player_choice":"Fought Nobs","damage_taken":0,"max_hp_gain":0,"max_hp_loss":0,"event_name":"Colosseum","floor":21,"gold_loss":0},{"cards_removed":["Strike_R"],"damage_healed":0,"gold_gain":0,"player_choice":"Elegance","damage_taken":0,"max_hp_gain":0,"max_hp_loss":0,"event_name":"Back to Basics","floor":24,"gold_loss":0},{"damage_healed":0,"gold_gain":0,"player_choice":"Embrace Madness","damage_taken":12,"max_hp_gain":0,"max_hp_loss":0,"event_name":"Winding Halls","floor":39,"gold_loss":0,"cards_obtained":["Madness","Madness"]},{"cards_removed":["Shrug It Off"],"damage_healed":0,"gold_gain":0,"player_choice":"Removed Skill","damage_taken":0,"max_hp_gain":0,"max_hp_loss":0,"event_name":"Falling","floor":45,"gold_loss":0},{"damage_healed":0,"gold_gain":0,"player_choice":"Memory 1","damage_taken":0,"max_hp_gain":0,"max_hp_loss":0,"event_name":"SensoryStone","floor":46,"gold_loss":0}],"is_beta":false,"boss_relics":[{"not_picked":["Mark of Pain","Runic Pyramid"],"picked":"Black Star"},{"not_picked":["White Beast Statue","Orrery"],"picked":"Fusion Hammer"}],"items_purged_floors":[5,10,36],"is_endless":false,"potions_floor_spawned":[4,6,8,12,21,22,30,37,40],"ascension_level":4}