{"gold_per_floor":[119,131,131,142,159,191,8,22,46,56,56,90,90,121,121,216,216,228,228,239,258,270,282,282,310,310,341,356,356,388,303,303,408,408,426,426,444,444,50,82,82,114,114,124,124,135,150,177,177,177],"floor_reached":51,"playtime":7188,"items_purged":[],"score":844,"play_id":"6d65facc-4294-4e72-b327-5829ffc7ec4b","local_time":"20190306005214","is_ascension_mode":false,"campfire_choices":[{"floor":13,"key":"REST"},{"floor":15,"key":"REST"},{"data":"Deflect","floor":24,"key":"SMITH"},{"floor":29,"key":"REST"},{"data":"Infinite Blades","floor":32,"key":"SMITH"},{"data":"After Image","floor":41,"key":"SMITH"},{"data":"Sucker Punch","floor":45,"key":"SMITH"},{"data":"A Thousand Cuts","floor":49,"key":"SMITH"}],"neow_cost":"NONE","seed_source_timestamp":671625449972432,"circlet_count":0,"master_deck":["Defend_G","Defend_G","Defend_G","Strike_G","Strike_G","Strike_G","Survivor","Neutralize+1","Finisher","Sucker Punch+1","Dash","Well Laid Plans","Cloak And Dagger","Bouncing Flask","Caltrops","Leg Sweep","Infinite Blades+1","Well Laid Plans","Dash","Deflect","Glass Knife","Bouncing Flask+1","Predator","Deflect+1","Cloak And Dagger","Deflect+1","Corpse Explosion","Dagger Spray+1","After Image+1","Endless Agony+1","Tactician+1","Phantasmal Killer+1","Catalyst","Discovery","Flash of Steel","A Thousand Cuts+1","Noxious Fumes+1"],"relics":["Ring of the Snake","Question Card","Ancient Tea Set","Boot","Oddly Smooth Stone","Dream Catcher","Orichalcum","Busted Crown","PreservedInsect","Gremlin Horn","Bird Faced Urn","Shuriken","Pen Nib","Astrolabe","Lantern","Mercury Hourglass","Happy Flower","Juzu Bracelet","Bottled Lightning","Bottled Flame"],"potions_floor_usage":[6,12,16,20,22,27,33,44,50],"damage_taken":[{"damage":0,"enemies":"Jaw Worm","floor":1,"turns":5},{"damage":0,"enemies":"Cultist","floor":2,"turns":4},{"damage":0,"enemies":"Small Slimes","floor":4,"turns":3},{"damage":10,"enemies":"Exordium Wildlife","floor":5,"turns":3},{"damage":13,"enemies":"Gremlin Nob","floor":6,"turns":6},{"damage":5,"enemies":"Exordium Thugs","floor":8,"turns":5},{"damage":2,"enemies":"2 Fungi Beasts","floor":10,"turns":4},{"damage":5,"enemies":"3 Sentries","floor":12,"turns":10},{"damage":1,"enemies":"Lagavulin","floor":14,"turns":6},{"damage":19,"enemies":"Slime Boss","floor":16,"turns":12},{"damage":8,"enemies":"Shell Parasite","floor":18,"turns":6},{"damage":0,"enemies":"Spheric Guardian","floor":20,"turns":5},{"damage":1,"enemies":"Centurion and Healer","floor":21,"turns":8},{"damage":0,"enemies":"Snecko","floor":22,"turns":4},{"damage":9,"enemies":"Shelled Parasite and Fungi","floor":23,"turns":5},{"damage":21,"enemies":"Slavers","floor":25,"turns":6},{"damage":10,"enemies":"Gremlin Leader","floor":27,"turns":6},{"damage":0,"enemies":"Centurion and Healer","floor":28,"turns":5},{"damage":13,"enemies":"Slavers","floor":30,"turns":3},{"damage":15,"enemies":"Automaton","floor":33,"turns":7},{"damage":17,"enemies":"3 Shapes","floor":35,"turns":3},{"damage":16,"enemies":"3 Darklings","floor":37,"turns":3},{"damage":0,"enemies":"Giant Head","floor":40,"turns":6},{"damage":2,"enemies":"Nemesis","floor":42,"turns":5},{"damage":4,"enemies":"Transient","floor":44,"turns":5},{"damage":12,"enemies":"Sphere and 2 Shapes","floor":46,"turns":4},{"damage":7,"enemies":"Spire Growth","floor":47,"turns":4},{"damage":0,"enemies":"Giant Head","floor":48,"turns":6},{"damage":32,"enemies":"Donu and Deca","floor":50,"turns":8}],"seed_played":"1397731646428540505","potions_obtained":[{"floor":1,"key":"GhostInAJar"},{"floor":2,"key":"Dexterity Potion"},{"floor":12,"key":"AttackPotion"},{"floor":14,"key":"GamblersBrew"},{"floor":16,"key":"AttackPotion"},{"floor":20,"key":"Block Potion"},{"floor":23,"key":"Regen Potion"},{"floor":27,"key":"Weak Potion"},{"floor":30,"key":"Energy Potion"},{"floor":40,"key":"PowerPotion"},{"floor":42,"key":"Weak Potion"},{"floor":44,"key":"GhostInAJar"}],"is_trial":false,"path_per_floor":["M","M","?","M","M","E","$","M","T","M","$","E","R","E","R","B",null,"M","?","M","M","M","M","R","E","T","E","M","R","E","?","R","B",null,"M","?","M","?","$","E","R","E","T","M","R","M","M","E","R","B",null],"character_chosen":"THE_SILENT","items_purchased":["Boot","Bouncing Flask","Lantern","Mercury Hourglass"],"campfire_rested":3,"item_purchase_floors":[7,7,39,39],"current_hp_per_floor":[70,70,58,58,48,35,35,30,30,28,28,23,44,43,64,45,70,62,62,62,61,61,52,52,31,31,33,41,62,57,57,57,50,70,53,48,34,61,61,61,61,59,59,59,59,49,48,58,58,39],"gold":177,"neow_bonus":"REMOVE_CARD","is_prod":false,"is_daily":false,"chose_seed":false,"campfire_upgraded":5,"win_rate":0.0,"timestamp":1551851534,"path_taken":["M","M","?","M","M","E","$","M","T","M","$","E","R","E","R","BOSS","M","?","?","M","M","M","R","E","T","E","M","R","E","?","R","BOSS","M","?","M","?","?","E","R","E","T","M","R","M","M","E","R","BOSS"],"build_version":"2019-01-23","purchased_purges":0,"victory":true,"max_hp_per_floor":[70,70,70,70,70,70,70,70,70,70,70,70,70,70,70,70,70,70,70,70,70,70,70,70,70,70,70,70,70,70,70,70,70,70,70,70,70,61,61,61,61,61,61,61,61,61,61,61,61,61],"card_choices":[{"not_picked":["Masterful Stab","Dagger Throw"],"picked":"Finisher","floor":1},{"not_picked":["Heel Hook","Outmaneuver"],"picked":"Sucker Punch","floor":2},{"not_picked":["Outmaneuver","Poisoned Stab","PiercingWail"],"picked":"Dash","floor":4},{"not_picked":["Calculated Gamble","Dash","Venomology"],"picked":"Well Laid Plans","floor":5},{"not_picked":["Dodge and Roll","Predator","Outmaneuver"],"picked":"Cloak And Dagger","floor":6},{"not_picked":["Prepared","Accuracy","Deadly Poison"],"picked":"Caltrops","floor":8},{"not_picked":["Crippling Poison","Dagger Spray","Skewer"],"picked":"Leg Sweep","floor":10},{"not_picked":["Escape Plan","Deflect","PiercingWail"],"picked":"Infinite Blades","floor":12},{"not_picked":["Dagger Spray","Sucker Punch","Finisher"],"picked":"Well Laid Plans","floor":13},{"not_picked":["Outmaneuver","Underhanded Strike","Night Terror"],"picked":"Dash","floor":14},{"not_picked":["Prepared","Bane","Eviscerate"],"picked":"Deflect","floor":15},{"not_picked":["Die Die Die","Wraith Form v2","Unload"],"picked":"Glass Knife","floor":16},{"not_picked":["Outmaneuver","Reflex"],"picked":"SKIP","floor":18},{"not_picked":["Poisoned Stab"],"picked":"Bouncing Flask+1","floor":20},{"not_picked":["Prepared","Riddle With Holes"],"picked":"SKIP","floor":21},{"not_picked":["Poisoned Stab+1"],"picked":"Predator","floor":22},{"not_picked":["Blade Dance"],"picked":"Deflect","floor":23},{"not_picked":["Poisoned Stab"],"picked":"Cloak And Dagger","floor":25},{"not_picked":["Slice"],"picked":"Deflect+1","floor":27},{"not_picked":["Cloak And Dagger"],"picked":"Corpse Explosion","floor":28},{"not_picked":["Blade Dance"],"picked":"Dagger Spray+1","floor":29},{"not_picked":["Masterful Stab","Blade Dance"],"picked":"SKIP","floor":30},{"not_picked":["A Thousand Cuts"],"picked":"After Image","floor":33},{"not_picked":["Riddle With Holes"],"picked":"Catalyst","floor":35},{"not_picked":["Good Instincts"],"picked":"Discovery","floor":36},{"not_picked":["Good Instincts"],"picked":"Flash of Steel","floor":36},{"not_picked":["Dash","Poisoned Stab+1"],"picked":"SKIP","floor":37},{"not_picked":["Slice+1","Underhanded Strike"],"picked":"SKIP","floor":40},{"not_picked":["Bane+1"],"picked":"A Thousand Cuts","floor":42},{"not_picked":["Dagger Spray+1","Flying Knee+1"],"picked":"SKIP","floor":44},{"not_picked":["Masterful Stab","Underhanded Strike"],"picked":"SKIP","floor":46},{"not_picked":["Heel Hook","Tactician+1"],"picked":"SKIP","floor":47},{"not_picked":["Dagger Throw"],"picked":"Noxious Fumes+1","floor":48}],"player_experience":58138,"relics_obtained":[{"floor":6,"key":"Ancient Tea Set"},{"floor":9,"key":"Oddly Smooth Stone"},{"floor":12,"key":"Dream Catcher"},{"floor":14,"key":"Orichalcum"},{"floor":25,"key":"PreservedInsect"},{"floor":26,"key":"Gremlin Horn"},{"floor":27,"key":"Bird Faced Urn"},{"floor":30,"key":"Shuriken"},{"floor":40,"key":"Happy Flower"},{"floor":42,"key":"Juzu Bracelet"},{"floor":43,"key":"Bottled Lightning"},{"floor":48,"key":"Bottled Flame"}],"event_choices":[{"damage_healed":0,"gold_gain":0,"player_choice":"Success","damage_taken":12,"relics_obtained":["Question Card"],"max_hp_gain":0,"max_hp_loss":0,"event_name":"Scrap Ooze","floor":3,"gold_loss":0},{"damage_healed":0,"gold_gain":0,"player_choice":"Forge","damage_taken":0,"max_hp_gain":0,"max_hp_loss":0,"event_name":"Accursed Blacksmith","floor":19,"gold_loss":0,"cards_upgraded":["Neutralize"]},{"damage_healed":0,"gold_gain":0,"player_choice":"Obtained Relic","damage_taken":0,"relics_obtained":["Pen Nib"],"max_hp_gain":0,"max_hp_loss":0,"event_name":"Addict","floor":31,"gold_loss":85},{"damage_healed":0,"gold_gain":0,"player_choice":"Memory 2","damage_taken":5,"max_hp_gain":0,"max_hp_loss":0,"event_name":"SensoryStone","floor":36,"gold_loss":0},{"damage_healed":61,"gold_gain":0,"player_choice":"Heal","damage_taken":0,"max_hp_gain":0,"max_hp_loss":9,"event_name":"The Moai Head","floor":38,"gold_loss":0}],"is_beta":false,"boss_relics":[{"not_picked":["Tiny House","Empty Cage"],"picked":"Busted Crown"},{"not_picked":["Calling Bell","Runic Dome"],"picked":"Astrolabe"}],"items_purged_floors":[],"is_endless":false,"potions_floor_spawned":[1,2,12,14,16,20,23,27,30,40,42,44,48],"ascension_level":0}