{"gold_per_floor":[116,135,85,85,96,96,111,144,144,144,157,157,173,187,187,187],"floor_reached":16,"playtime":1524,"items_purged":[],"score":130,"play_id":"8aae28fd-5abb-49f7-9e5e-7f10b65e4ded","local_time":"20190619034840","is_ascension_mode":true,"campfire_choices":[{"data":"Bash","floor":6,"key":"SMITH"},{"data":"Pommel Strike","floor":10,"key":"SMITH"},{"data":"Shockwave","floor":12,"key":"SMITH"},{"data":"True Grit","floor":15,"key":"SMITH"}],"neow_cost":"NONE","seed_source_timestamp":377170350595213,"circlet_count":0,"master_deck":["Strike_R","Strike_R","Strike_R","Strike_R","Defend_R","Defend_R","Defend_R","Defend_R","Bash+1","Double Tap","Spot Weakness","Pommel Strike+1","Thunderclap","Shockwave+1","Feel No Pain","True Grit+1","Battle Trance"],"relics":["Burning Blood","Turnip","Mercury Hourglass"],"potions_floor_usage":[16,16,16],"damage_taken":[{"damage":10,"enemies":"Small Slimes","floor":1,"turns":3},{"damage":3,"enemies":"2 Louse","floor":2,"turns":3},{"damage":1,"enemies":"Cultist","floor":5,"turns":3},{"damage":14,"enemies":"Blue Slaver","floor":7,"turns":4},{"damage":30,"enemies":"Lagavulin","floor":8,"turns":5},{"damage":12,"enemies":"2 Fungi Beasts","floor":11,"turns":3},{"damage":12,"enemies":"Large Slime","floor":13,"turns":6},{"damage":7,"enemies":"3 Louse","floor":14,"turns":3},{"damage":45,"enemies":"Slime Boss","floor":16,"turns":9}],"seed_played":"-5876711620903087451","potions_obtained":[{"floor":2,"key":"Explosive Potion"},{"floor":11,"key":"SkillPotion"},{"floor":13,"key":"SpeedPotion"}],"is_trial":false,"path_per_floor":["M","M","?","?","M","R","M","E","T","R","M","R","M","M","R","B"],"character_chosen":"IRONCLAD","items_purchased":[],"campfire_rested":0,"item_purchase_floors":[],"current_hp_per_floor":[76,79,79,84,85,85,77,53,53,53,47,47,41,40,40,0],"gold":187,"neow_bonus":"ONE_RANDOM_RARE_CARD","is_prod":false,"is_daily":false,"chose_seed":false,"campfire_upgraded":4,"win_rate":0,"timestamp":1560930520,"path_taken":["M","M","?","?","M","R","M","E","T","R","M","R","M","M","R","BOSS"],"build_version":"2019-01-23","purchased_purges":0,"victory":false,"max_hp_per_floor":[80,80,80,85,85,85,85,85,85,85,85,85,85,85,85,85],"card_choices":[{"not_picked":["Armaments","Shrug It Off"],"picked":"Spot Weakness","floor":1},{"not_picked":["Armaments","Carnage"],"picked":"Pommel Strike","floor":2},{"not_picked":["Second Wind","Headbutt"],"picked":"Thunderclap","floor":5},{"not_picked":["Shrug It Off","Twin Strike"],"picked":"Shockwave","floor":7},{"not_picked":["Flex","Shrug It Off"],"picked":"Feel No Pain","floor":8},{"not_picked":["Clash","Flex","Perfected Strike"],"picked":"SKIP","floor":11},{"not_picked":["Rupture","Sword Boomerang"],"picked":"True Grit","floor":13},{"not_picked":["Havoc","Armaments"],"picked":"Battle Trance","floor":14}],"player_experience":327416,"relics_obtained":[{"floor":8,"key":"Turnip"},{"floor":9,"key":"Mercury Hourglass"}],"event_choices":[{"cards_removed":["Strike_R"],"damage_healed":0,"gold_gain":0,"player_choice":"Card Removal","damage_taken":0,"max_hp_gain":0,"max_hp_loss":0,"event_name":"The Cleric","floor":3,"gold_loss":50},{"damage_healed":0,"gold_gain":0,"player_choice":"Donut","damage_taken":0,"max_hp_gain":5,"max_hp_loss":0,"event_name":"Big Fish","floor":4,"gold_loss":0}],"is_beta":false,"boss_relics":[],"items_purged_floors":[],"is_endless":false,"potions_floor_spawned":[2,11,13],"killed_by":"Slime Boss","ascension_level":5}