{"gold_per_floor":[109,124,138,88,101,135,135,169,169,169,169,196,196,206,206,311,311,311,261,261,261,0,0],"floor_reached":23,"playtime":1354,"items_purged":[],"score":266,"play_id":"0aa29625-352e-4cfc-ab33-fa1af42ef1b0","local_time":"20190328203349","is_ascension_mode":true,"campfire_choices":[{"floor":7,"key":"REST"},{"data":"Anger","floor":10,"key":"SMITH"},{"data":"Bash","floor":13,"key":"SMITH"},{"data":"Clothesline","floor":15,"key":"SMITH"}],"neow_cost":"NONE","seed_source_timestamp":1173343141770131,"circlet_count":0,"master_deck":["Strike_R","Strike_R","Strike_R","Strike_R","Defend_R","Defend_R","Defend_R","Defend_R","Bash+1","Anger+1","Headbutt","Juggernaut","Iron Wave","Uppercut","Shockwave","Clothesline+1","Spot Weakness","Immolate","True Grit","Shrug It Off","Rampage+1"],"relics":["Burning Blood","Smiling Mask","Pear","Ornamental Fan","Odd Mushroom","Ectoplasm","Kunai"],"potions_floor_usage":[8,16],"damage_taken":[{"damage":7,"enemies":"2 Louse","floor":1,"turns":3},{"damage":0,"enemies":"Small Slimes","floor":2,"turns":3},{"damage":4,"enemies":"Jaw Worm","floor":3,"turns":3},{"damage":32,"enemies":"Lots of Slimes","floor":5,"turns":5},{"damage":25,"enemies":"Lagavulin","floor":6,"turns":7},{"damage":11,"enemies":"Gremlin Nob","floor":8,"turns":4},{"damage":23,"enemies":"The Mushroom Lair","floor":12,"turns":5},{"damage":10,"enemies":"Red Slaver","floor":14,"turns":2},{"damage":47,"enemies":"The Guardian","floor":16,"turns":11},{"damage":7,"enemies":"Chosen","floor":18,"turns":5},{"damage":31,"enemies":"3 Byrds","floor":20,"turns":5},{"damage":34,"enemies":"Sentry and Sphere","floor":21,"turns":6},{"damage":51,"enemies":"Book of Stabbing","floor":23,"turns":6}],"seed_played":"8818665399254691449","potions_obtained":[{"floor":1,"key":"Dexterity Potion"},{"floor":5,"key":"FearPotion"},{"floor":6,"key":"Block Potion"},{"floor":16,"key":"Weak Potion"}],"is_trial":false,"path_per_floor":["M","M","M","?","M","E","R","E","T","R","?","?","R","M","R","B",null,"M","?","M","M","$","E"],"character_chosen":"IRONCLAD","items_purchased":["Kunai"],"campfire_rested":1,"item_purchase_floors":[22],"current_hp_per_floor":[87,88,88,88,62,43,69,74,74,74,74,57,57,53,53,12,98,97,97,72,44,44,0],"gold":0,"neow_bonus":"TEN_PERCENT_HP_BONUS","is_prod":false,"is_daily":false,"chose_seed":false,"campfire_upgraded":3,"win_rate":0,"timestamp":1553819629,"path_taken":["M","M","M","?","M","E","R","E","T","R","?","?","R","M","R","BOSS","M","?","M","?","$","E"],"build_version":"2019-01-23","purchased_purges":0,"victory":false,"max_hp_per_floor":[88,88,88,88,88,88,88,98,98,98,98,98,98,98,98,98,98,98,98,98,98,98,98],"card_choices":[{"not_picked":["Body Slam","Sword Boomerang"],"picked":"Anger","floor":1},{"not_picked":["Twin Strike","Sword Boomerang"],"picked":"Headbutt","floor":2},{"not_picked":["Sword Boomerang","True Grit"],"picked":"Juggernaut","floor":3},{"not_picked":["Second Wind","Rupture"],"picked":"Iron Wave","floor":5},{"not_picked":["Bludgeon","Clash"],"picked":"Uppercut","floor":6},{"not_picked":["Anger","Iron Wave"],"picked":"Shockwave","floor":8},{"not_picked":["Infernal Blade","Flex"],"picked":"Clothesline","floor":12},{"not_picked":["Reckless Charge","Warcry"],"picked":"Spot Weakness","floor":14},{"not_picked":["Exhume","Fiend Fire"],"picked":"Immolate","floor":16},{"not_picked":["Clothesline","Armaments"],"picked":"True Grit","floor":18},{"not_picked":["Headbutt","Wild Strike"],"picked":"Shrug It Off","floor":20},{"not_picked":["Cleave","Intimidate"],"picked":"Rampage+1","floor":21}],"player_experience":175535,"relics_obtained":[{"floor":6,"key":"Smiling Mask"},{"floor":8,"key":"Pear"},{"floor":9,"key":"Ornamental Fan"},{"floor":12,"key":"Odd Mushroom"}],"event_choices":[{"cards_removed":["Strike_R"],"damage_healed":0,"gold_gain":0,"player_choice":"Card Removal","damage_taken":0,"max_hp_gain":0,"max_hp_loss":0,"event_name":"The Cleric","floor":4,"gold_loss":50},{"damage_healed":0,"gold_gain":0,"player_choice":"Ignored","damage_taken":0,"max_hp_gain":0,"max_hp_loss":0,"event_name":"Liars Game","floor":11,"gold_loss":0},{"damage_healed":0,"gold_gain":0,"player_choice":"Fought Mushrooms","damage_taken":0,"max_hp_gain":0,"max_hp_loss":0,"event_name":"Mushrooms","floor":12,"gold_loss":0},{"damage_healed":0,"gold_gain":100,"player_choice":"Bet on Murderer","damage_taken":0,"max_hp_gain":0,"max_hp_loss":0,"event_name":"The Joust","floor":19,"gold_loss":50}],"is_beta":false,"boss_relics":[{"not_picked":["Empty Cage","Calling Bell"],"picked":"Ectoplasm"}],"items_purged_floors":[],"is_endless":false,"potions_floor_spawned":[1,5,6,16],"killed_by":"Book of Stabbing","ascension_level":4}