{"gold_per_floor":[112,167,242,255,274,299,299,299,299,73,73,137,155,165,165,265,265,284,45,45,59,78,104,123,123,149,163,198,208,108,120,120,215,215,228,239,255,272,289,324,343,343,343,343],"floor_reached":44,"playtime":4893,"items_purged":["Defend_G","Defend_G"],"score":511,"play_id":"93abae63-5235-46f5-9b7e-ade350c34162","local_time":"20190303211613","is_ascension_mode":false,"campfire_choices":[{"floor":7,"key":"REST"},{"data":"Backflip","floor":11,"key":"SMITH"},{"floor":15,"key":"REST"},{"floor":25,"key":"REST"},{"floor":32,"key":"REST"},{"floor":42,"key":"REST"}],"neow_cost":"NONE","seed_source_timestamp":488210548759201,"circlet_count":0,"master_deck":["Defend_G","Defend_G","Defend_G","Strike_G","Strike_G","Strike_G","Strike_G","Survivor","Neutralize+1","Crippling Poison","Dash","Flying Knee","Bouncing Flask","Leg Sweep","Outmaneuver","Backflip+1","A Thousand Cuts","Leg Sweep","PiercingWail","Deflect","PiercingWail","Die Die Die+1","Poisoned Stab+1","Caltrops","Blade Dance","Crippling Poison","All Out Attack+1","Infinite Blades","Deflect+1","Quick Slash+1","Deflect+1","Flying Knee+1","Prepared+1","Well Laid Plans","Riddle With Holes+1","Dagger Spray+1","Choke+1","Glass Knife+1","Heel Hook+1","Blur","Tactician+1","Blur+1","Backstab+1","Skewer+1","Noxious Fumes+1","Acrobatics+1","Shame"],"relics":["Ring of the Serpent","Centennial Puzzle","Dream Catcher","Molten Egg 2","Mummified Hand","Thread and Needle","Shuriken","Bag of Marbles","Orichalcum","Cursed Key","Bottled Flame","Question Card"],"potions_floor_usage":[33,39,40,40],"damage_taken":[{"damage":1,"enemies":"Cultist","floor":1,"turns":4},{"damage":0,"enemies":"2 Louse","floor":4,"turns":3},{"damage":10,"enemies":"Small Slimes","floor":5,"turns":3},{"damage":17,"enemies":"Gremlin Nob","floor":6,"turns":6},{"damage":15,"enemies":"Gremlin Nob","floor":12,"turns":5},{"damage":3,"enemies":"Looter","floor":13,"turns":3},{"damage":3,"enemies":"Large Slime","floor":14,"turns":5},{"damage":7,"enemies":"Hexaghost","floor":16,"turns":14},{"damage":0,"enemies":"3 Byrds","floor":18,"turns":4},{"damage":8,"enemies":"Shell Parasite","floor":21,"turns":5},{"damage":0,"enemies":"Snecko","floor":22,"turns":6},{"damage":10,"enemies":"Gremlin Leader","floor":23,"turns":6},{"damage":11,"enemies":"Snake Plant","floor":24,"turns":4},{"damage":5,"enemies":"Centurion and Healer","floor":27,"turns":7},{"damage":12,"enemies":"Slavers","floor":28,"turns":3},{"damage":6,"enemies":"Snecko","floor":29,"turns":5},{"damage":0,"enemies":"3 Cultists","floor":31,"turns":4},{"damage":32,"enemies":"Automaton","floor":33,"turns":7},{"damage":16,"enemies":"3 Shapes","floor":35,"turns":4},{"damage":8,"enemies":"3 Darklings","floor":36,"turns":3},{"damage":2,"enemies":"Jaw Worm Horde","floor":37,"turns":3},{"damage":3,"enemies":"Spire Growth","floor":38,"turns":4},{"damage":16,"enemies":"4 Shapes","floor":39,"turns":3},{"damage":12,"enemies":"Giant Head","floor":40,"turns":8},{"damage":11,"enemies":"Sphere and 2 Shapes","floor":41,"turns":3},{"damage":25,"enemies":"Transient","floor":44,"turns":3}],"seed_played":"1551767548275057963","potions_obtained":[{"floor":5,"key":"GhostInAJar"},{"floor":6,"key":"GamblersBrew"},{"floor":12,"key":"Explosive Potion"},{"floor":23,"key":"PowerPotion"},{"floor":33,"key":"SpeedPotion"}],"is_trial":false,"path_per_floor":["M","T","?","M","M","E","R","?","T","$","R","?","M","M","R","B",null,"M","$","?","M","M","E","M","R","T","M","E","M","$","M","R","B",null,"M","M","M","M","M","E","M","R","T","M"],"character_chosen":"THE_SILENT","items_purchased":["Outmaneuver","Backflip","A Thousand Cuts","Caltrops","Blade Dance","Crippling Poison"],"campfire_rested":5,"item_purchase_floors":[10,10,10,19,19,19],"current_hp_per_floor":[69,69,62,62,52,35,56,49,49,49,49,34,31,28,49,42,70,70,70,70,62,62,52,41,62,62,57,45,39,39,39,60,28,70,54,46,44,41,25,13,2,23,23,0],"gold":343,"neow_bonus":"UPGRADE_CARD","is_prod":false,"is_daily":false,"chose_seed":false,"campfire_upgraded":1,"win_rate":0.0,"timestamp":1551665773,"path_taken":["M","?","?","M","?","E","R","?","T","$","R","?","M","M","R","BOSS","M","$","?","M","M","E","M","R","T","M","E","M","$","?","R","BOSS","M","M","M","?","M","E","M","R","T","?"],"build_version":"2019-01-23","purchased_purges":2,"victory":false,"max_hp_per_floor":[70,70,70,70,70,70,70,70,70,70,70,70,70,70,70,70,70,70,70,70,70,70,70,70,70,70,70,70,70,70,70,70,70,70,70,70,70,70,70,70,70,70,70,70],"card_choices":[{"not_picked":["Sucker Punch","Dagger Spray"],"picked":"Crippling Poison","floor":1},{"not_picked":["Quick Slash","Prepared"],"picked":"Dash","floor":4},{"not_picked":["Blade Dance","Escape Plan"],"picked":"Flying Knee","floor":5},{"not_picked":["Slice","Poisoned Stab"],"picked":"Bouncing Flask","floor":6},{"not_picked":["Crippling Poison","Dagger Throw"],"picked":"Leg Sweep","floor":7},{"not_picked":["Skewer+1","Deadly Poison"],"picked":"Leg Sweep","floor":12},{"not_picked":["Riddle With Holes+1","Malaise"],"picked":"PiercingWail","floor":13},{"not_picked":["Reflex","Blur"],"picked":"Deflect","floor":14},{"not_picked":["Dagger Spray+1","Underhanded Strike+1"],"picked":"PiercingWail","floor":15},{"not_picked":["After Image","Wraith Form v2"],"picked":"Die Die Die+1","floor":16},{"not_picked":["Backflip","Noxious Fumes"],"picked":"Poisoned Stab+1","floor":18},{"not_picked":["Caltrops+1","Sucker Punch+1"],"picked":"Infinite Blades","floor":21},{"not_picked":["Dagger Spray+1","Dagger Throw+1"],"picked":"Deflect+1","floor":22},{"not_picked":["Expertise","Poisoned Stab+1"],"picked":"Quick Slash+1","floor":23},{"not_picked":["Slice+1","Endless Agony+1"],"picked":"Deflect+1","floor":24},{"not_picked":["Underhanded Strike+1","Acrobatics"],"picked":"Flying Knee+1","floor":25},{"not_picked":["Blade Dance+1","Eviscerate+1"],"picked":"Prepared+1","floor":27},{"not_picked":["Deadly Poison","Quick Slash+1"],"picked":"Well Laid Plans","floor":28},{"not_picked":["Caltrops","Blade Dance"],"picked":"Riddle With Holes+1","floor":29},{"not_picked":["PiercingWail","Distraction+1"],"picked":"Dagger Spray+1","floor":31},{"not_picked":["Riddle With Holes+1","Acrobatics"],"picked":"Choke+1","floor":32},{"not_picked":["Corpse Explosion","Doppelganger"],"picked":"Glass Knife+1","floor":33},{"not_picked":["Underhanded Strike+1","Dash+1"],"picked":"Heel Hook+1","floor":35},{"not_picked":["Poisoned Stab+1","All Out Attack+1"],"picked":"Blur","floor":36},{"not_picked":["Calculated Gamble","Slice+1"],"picked":"Tactician+1","floor":37},{"not_picked":["Slice+1","Catalyst"],"picked":"Blur+1","floor":38},{"not_picked":["Acrobatics","PiercingWail"],"picked":"Backstab+1","floor":39},{"not_picked":["Flying Knee+1","Slice+1"],"picked":"Skewer+1","floor":40},{"not_picked":["Blade Dance","Escape Plan"],"picked":"Noxious Fumes+1","floor":41},{"not_picked":["Quick Slash+1","Glass Knife+1"],"picked":"Acrobatics+1","floor":42}],"player_experience":14795,"relics_obtained":[{"floor":2,"key":"Centennial Puzzle"},{"floor":6,"key":"Dream Catcher"},{"floor":9,"key":"Mummified Hand"},{"floor":12,"key":"Thread and Needle"},{"floor":23,"key":"Shuriken"},{"floor":26,"key":"Bag of Marbles"},{"floor":28,"key":"Orichalcum"},{"floor":40,"key":"Bottled Flame"},{"floor":43,"key":"Question Card"}],"event_choices":[{"damage_healed":0,"gold_gain":75,"player_choice":"Touch","damage_taken":7,"max_hp_gain":0,"max_hp_loss":0,"event_name":"FaceTrader","floor":3,"gold_loss":0},{"damage_healed":0,"gold_gain":0,"player_choice":"Success","damage_taken":7,"relics_obtained":["Molten Egg 2"],"max_hp_gain":0,"max_hp_loss":0,"event_name":"Scrap Ooze","floor":8,"gold_loss":0},{"damage_healed":0,"gold_gain":30,"player_choice":"Searched \u00273\u0027 times","damage_taken":0,"max_hp_gain":0,"max_hp_loss":0,"event_name":"Dead Adventurer","floor":12,"gold_loss":0},{"damage_healed":0,"gold_gain":0,"cards_transformed":["Strike_G"],"player_choice":"Transformed","damage_taken":0,"max_hp_gain":0,"max_hp_loss":0,"event_name":"Transmorgrifier","floor":20,"gold_loss":0,"cards_obtained":["All Out Attack"]}],"is_beta":false,"boss_relics":[{"not_picked":["Sozu","Coffee Dripper"],"picked":"Ring of the Serpent"},{"not_picked":["Calling Bell","Busted Crown"],"picked":"Cursed Key"}],"items_purged_floors":[19,30],"is_endless":false,"potions_floor_spawned":[5,6,12,16,18,23,24,28,33,35,38],"killed_by":"Transient","ascension_level":0}