{"gold_per_floor":[111,122,222,240,252,252,279,118,118,178,195,225,225,236,236,335,335,352,352,252,352,352,378,378,398,398,398],"floor_reached":27,"playtime":2009,"items_purged":["Strike_R","Defend_R"],"score":289,"play_id":"2dc5c91d-9568-44e8-b91b-d158a393b772","local_time":"20190321034632","is_ascension_mode":true,"campfire_choices":[{"data":"Uppercut","floor":6,"key":"SMITH"},{"floor":15,"key":"REST"},{"floor":24,"key":"REST"}],"neow_cost":"NONE","seed_source_timestamp":507455311565921,"circlet_count":0,"master_deck":["Strike_R","Strike_R","Strike_R","Defend_R","Defend_R","Defend_R","Bash","Uppercut+1","Whirlwind","Disarm","Anger","Headbutt","True Grit","Feel No Pain","True Grit","Dark Embrace+1","Shrug It Off","Shrug It Off","Impervious","Metallicize+1","Flex+1","Seeing Red+1","Spot Weakness+1"],"relics":["Burning Blood","Bronze Scales","Vajra","Frozen Egg 2","Omamori","Sozu","Torii","Toxic Egg 2","Shovel","Red Skull"],"potions_floor_usage":[10,12,12,16,16],"damage_taken":[{"damage":0,"enemies":"Small Slimes","floor":1,"turns":3},{"damage":4,"enemies":"Cultist","floor":2,"turns":3},{"damage":12,"enemies":"Jaw Worm","floor":4,"turns":3},{"damage":24,"enemies":"Looter","floor":5,"turns":4},{"damage":21,"enemies":"Lagavulin","floor":7,"turns":6},{"damage":15,"enemies":"3 Sentries","floor":10,"turns":4},{"damage":13,"enemies":"2 Fungi Beasts","floor":11,"turns":3},{"damage":27,"enemies":"Gremlin Nob","floor":12,"turns":4},{"damage":10,"enemies":"Exordium Thugs","floor":14,"turns":5},{"damage":33,"enemies":"Slime Boss","floor":16,"turns":10},{"damage":0,"enemies":"3 Byrds","floor":18,"turns":3},{"damage":11,"enemies":"Colosseum Slavers","floor":21,"turns":5},{"damage":30,"enemies":"Colosseum Nobs","floor":21,"turns":6},{"damage":34,"enemies":"Book of Stabbing","floor":23,"turns":5},{"damage":18,"enemies":"2 Thieves","floor":25,"turns":4},{"damage":34,"enemies":"Slavers","floor":27,"turns":2}],"seed_played":"-8477926805028588075","potions_obtained":[{"floor":1,"key":"Regen Potion"},{"floor":4,"key":"Fire Potion"},{"floor":7,"key":"SteroidPotion"},{"floor":10,"key":"LiquidBronze"},{"floor":14,"key":"EssenceOfSteel"}],"is_trial":false,"path_per_floor":["M","M","?","M","M","R","E","$","T","?","M","E","?","M","R","B",null,"M","?","$","?","?","E","R","M","T","E"],"character_chosen":"IRONCLAD","items_purchased":["True Grit","Feel No Pain"],"campfire_rested":2,"item_purchase_floors":[8,8],"current_hp_per_floor":[88,88,88,82,64,64,49,49,49,40,33,24,17,13,39,12,88,88,71,71,42,42,14,41,29,29,0],"gold":398,"neow_bonus":"TEN_PERCENT_HP_BONUS","is_prod":false,"is_daily":false,"chose_seed":false,"campfire_upgraded":1,"win_rate":0,"timestamp":1553154392,"path_taken":["M","M","?","?","M","R","E","$","T","?","M","E","?","M","R","BOSS","M","?","$","?","?","E","R","M","T","E"],"build_version":"2019-01-23","purchased_purges":2,"victory":false,"max_hp_per_floor":[88,88,88,88,88,88,88,88,88,88,88,88,88,88,88,88,88,88,93,93,93,93,93,93,93,93,93],"card_choices":[{"not_picked":["Blood for Blood","Flex"],"picked":"Uppercut","floor":1},{"not_picked":["Heavy Blade","Sword Boomerang"],"picked":"Whirlwind","floor":2},{"not_picked":["Uppercut","Rampage"],"picked":"Disarm","floor":4},{"not_picked":["Clothesline","Entrench"],"picked":"Anger","floor":5},{"not_picked":["Power Through","Dropkick"],"picked":"Headbutt","floor":7},{"not_picked":["Searing Blow","Wild Strike"],"picked":"True Grit","floor":10},{"not_picked":["Rage","Clothesline"],"picked":"Dark Embrace+1","floor":11},{"not_picked":["True Grit","Seeing Red"],"picked":"Shrug It Off","floor":12},{"not_picked":["Flex","Disarm"],"picked":"Shrug It Off","floor":14},{"not_picked":["Feed","Fiend Fire"],"picked":"Impervious","floor":16},{"not_picked":["Rage","Flex"],"picked":"Metallicize+1","floor":18},{"not_picked":["Warcry","Twin Strike+1"],"picked":"Flex+1","floor":21},{"not_picked":["Combust+1","Dual Wield+1"],"picked":"Seeing Red+1","floor":23},{"not_picked":["Sever Soul","Rage+1"],"picked":"Spot Weakness+1","floor":25}],"player_experience":154246,"relics_obtained":[{"floor":7,"key":"Bronze Scales"},{"floor":9,"key":"Vajra"},{"floor":12,"key":"Omamori"},{"floor":21,"key":"Torii"},{"floor":21,"key":"Toxic Egg 2"},{"floor":23,"key":"Shovel"},{"floor":26,"key":"Red Skull"}],"event_choices":[{"damage_healed":0,"gold_gain":100,"player_choice":"Gold","damage_taken":0,"max_hp_gain":0,"max_hp_loss":0,"event_name":"Wheel of Change","floor":3,"gold_loss":0},{"damage_healed":0,"gold_gain":0,"player_choice":"Searched \u00272\u0027 times","damage_taken":0,"relics_obtained":["Frozen Egg 2"],"max_hp_gain":0,"max_hp_loss":0,"event_name":"Dead Adventurer","floor":10,"gold_loss":0},{"cards_removed":["Strike_R"],"damage_healed":0,"gold_gain":0,"player_choice":"Card Removal","damage_taken":7,"max_hp_gain":0,"max_hp_loss":0,"event_name":"Golden Wing","floor":13,"gold_loss":0},{"damage_healed":0,"gold_gain":0,"player_choice":"Shed Blood","damage_taken":22,"max_hp_gain":5,"max_hp_loss":0,"event_name":"Forgotten Altar","floor":19,"gold_loss":0},{"damage_healed":0,"gold_gain":0,"player_choice":"Fight","damage_taken":0,"max_hp_gain":0,"max_hp_loss":0,"event_name":"Colosseum","floor":21,"gold_loss":0},{"damage_healed":0,"gold_gain":0,"player_choice":"Fought Nobs","damage_taken":0,"max_hp_gain":0,"max_hp_loss":0,"event_name":"Colosseum","floor":21,"gold_loss":0},{"damage_healed":0,"gold_gain":0,"player_choice":"Got Potions","damage_taken":0,"max_hp_gain":0,"max_hp_loss":0,"event_name":"Lab","floor":22,"gold_loss":0}],"is_beta":false,"boss_relics":[{"not_picked":["Black Blood","Tiny House"],"picked":"Sozu"}],"items_purged_floors":[8,20],"is_endless":false,"potions_floor_spawned":[1,4,7,10,14,21,21,25],"killed_by":"Slavers","ascension_level":4}