{"gold_per_floor":[114,114,131,142,155,155,184,184,231,243,257,322,1,28,28,127,127,143,156,36,52,70,100,100,62,62,87,87,122,136,136,136,233,233,243,262,279,279,56,56,87,87,139,139,150,180,56,56,56,56],"floor_reached":51,"playtime":5423,"items_purged":["Strike_R","Defend_R"],"score":755,"play_id":"a8b3ab4f-10b9-4ceb-89da-55b7741df24b","local_time":"20190305041522","is_ascension_mode":false,"campfire_choices":[{"floor":6,"key":"REST"},{"floor":8,"key":"REST"},{"floor":15,"key":"REST"},{"floor":24,"key":"REST"},{"floor":32,"key":"REST"},{"floor":40,"key":"REST"},{"floor":42,"key":"REST"},{"data":"Heavy Blade","floor":44,"key":"SMITH"},{"floor":49,"key":"DIG"}],"neow_cost":"NONE","seed_source_timestamp":599180887134042,"circlet_count":0,"master_deck":["Strike_R","Strike_R","Strike_R","Defend_R","Defend_R+1","Defend_R","Bash+1","Battle Trance","Spot Weakness","Bloodletting","Feel No Pain","Uppercut","True Grit+1","Shrug It Off+1","Double Tap","Heavy Blade+1","Sword Boomerang+1","Shrug It Off","Impervious","Evolve+1","Shrug It Off","Flame Barrier","Inflame","Headbutt","Clothesline","Metallicize+1","Disarm","RitualDagger","Fiend Fire","Shockwave","Immolate","Armaments+1","True Grit+1","Inflame","Heavy Blade","Impervious","True Grit"],"relics":["Burning Blood","Mummified Hand","War Paint","Tiny Chest","TheAbacus","Whetstone","Runic Dome","Orichalcum","Question Card","Happy Flower","Oddly Smooth Stone","Busted Crown","Dodecahedron","Bag of Preparation","Omamori","Shovel","Ancient Tea Set","Anchor"],"potions_floor_usage":[7,12,13,16,23,23,29,33,41],"damage_taken":[{"damage":14,"enemies":"Jaw Worm","floor":1,"turns":4},{"damage":4,"enemies":"Cultist","floor":3,"turns":4},{"damage":8,"enemies":"Small Slimes","floor":4,"turns":4},{"damage":34,"enemies":"Exordium Thugs","floor":5,"turns":6},{"damage":58,"enemies":"Gremlin Nob","floor":7,"turns":6},{"damage":12,"enemies":"Exordium Wildlife","floor":10,"turns":4},{"damage":0,"enemies":"3 Louse","floor":11,"turns":6},{"damage":23,"enemies":"3 Sentries","floor":12,"turns":8},{"damage":61,"enemies":"Slime Boss","floor":16,"turns":9},{"damage":17,"enemies":"3 Byrds","floor":18,"turns":6},{"damage":2,"enemies":"Chosen","floor":19,"turns":4},{"damage":17,"enemies":"Centurion and Healer","floor":21,"turns":7},{"damage":24,"enemies":"Sentry and Sphere","floor":22,"turns":7},{"damage":31,"enemies":"Slavers","floor":23,"turns":4},{"damage":13,"enemies":"Gremlin Leader","floor":29,"turns":6},{"damage":0,"enemies":"Chosen and Byrds","floor":30,"turns":7},{"damage":58,"enemies":"Collector","floor":33,"turns":14},{"damage":27,"enemies":"3 Darklings","floor":35,"turns":4},{"damage":0,"enemies":"Orb Walker","floor":36,"turns":3},{"damage":7,"enemies":"Sphere and 2 Shapes","floor":37,"turns":5},{"damage":34,"enemies":"Nemesis","floor":41,"turns":5},{"damage":18,"enemies":"3 Darklings","floor":45,"turns":5},{"damage":21,"enemies":"Giant Head","floor":46,"turns":7},{"damage":43,"enemies":"Awakened One","floor":50,"turns":11}],"seed_played":"-8486127307967924607","potions_obtained":[{"floor":4,"key":"Regen Potion"},{"floor":5,"key":"Energy Potion"},{"floor":12,"key":"FearPotion"},{"floor":16,"key":"Energy Potion"},{"floor":18,"key":"Block Potion"},{"floor":22,"key":"Explosive Potion"},{"floor":23,"key":"Energy Potion"},{"floor":41,"key":"Dexterity Potion"},{"floor":46,"key":"SpeedPotion"}],"is_trial":false,"path_per_floor":["M","?","M","M","M","R","E","R","T","M","M","E","$","T","R","B",null,"M","M","$","M","M","E","R","$","T","T","?","E","M","?","R","B",null,"M","M","M","T","$","R","E","R","T","R","M","E","$","T","R","B",null],"character_chosen":"IRONCLAD","items_purchased":["Shrug It Off","TheAbacus","Fruit Juice","Flame Barrier","Inflame","Disarm","Inflame","Regen Potion","True Grit"],"campfire_rested":7,"item_purchase_floors":[13,13,13,20,20,25,39,39,47],"current_hp_per_floor":[72,72,74,72,44,68,31,55,55,49,55,38,43,43,68,13,85,74,78,78,67,49,24,49,49,49,49,43,36,42,42,67,15,85,64,70,69,69,69,85,57,82,82,82,70,55,55,55,55,18],"gold":56,"neow_bonus":"THREE_CARDS","is_prod":false,"is_daily":false,"chose_seed":false,"campfire_upgraded":1,"win_rate":0.0,"timestamp":1551777322,"path_taken":["M","?","M","M","?","R","E","R","T","M","?","E","?","?","R","BOSS","M","M","?","?","M","E","R","$","T","?","?","E","M","?","R","BOSS","M","M","M","?","$","R","E","R","T","R","M","E","$","?","R","BOSS"],"build_version":"2019-01-23","purchased_purges":2,"victory":true,"max_hp_per_floor":[80,80,80,80,80,80,80,80,80,80,80,80,85,85,85,85,85,85,85,85,85,85,85,85,85,85,85,85,85,85,85,85,85,85,85,85,85,85,85,85,85,85,85,85,85,85,85,85,85,85],"card_choices":[{"not_picked":["Disarm","Thunderclap"],"picked":"Battle Trance","floor":0},{"not_picked":["Anger","Pommel Strike"],"picked":"Spot Weakness","floor":1},{"not_picked":["Bloodletting","Heavy Blade"],"picked":"Feel No Pain","floor":3},{"not_picked":["Heavy Blade","True Grit"],"picked":"Uppercut","floor":4},{"not_picked":["Pommel Strike","Twin Strike"],"picked":"True Grit","floor":5},{"not_picked":["Combust","Fire Breathing"],"picked":"Shrug It Off","floor":7},{"not_picked":["Body Slam","Flex"],"picked":"Double Tap","floor":10},{"not_picked":["Reckless Charge","Flex"],"picked":"Heavy Blade","floor":11},{"not_picked":["Body Slam","Second Wind"],"picked":"Sword Boomerang","floor":12},{"not_picked":["Juggernaut","Bludgeon"],"picked":"Impervious","floor":16},{"not_picked":["Anger","Rage+1"],"picked":"Evolve+1","floor":18},{"not_picked":["Wild Strike","Headbutt"],"picked":"Shrug It Off","floor":19},{"not_picked":["Havoc","Body Slam"],"picked":"Headbutt","floor":21},{"not_picked":["Thunderclap","Fire Breathing"],"picked":"Clothesline","floor":22},{"not_picked":["Second Wind","Flex"],"picked":"Metallicize+1","floor":23},{"not_picked":["Searing Blow+1","Flex","Rage+1"],"picked":"Fiend Fire","floor":29},{"not_picked":["Combust","Sword Boomerang","Feel No Pain+1"],"picked":"Shockwave","floor":30},{"not_picked":["Fiend Fire","Impervious","Exhume"],"picked":"Immolate","floor":33},{"not_picked":["Dual Wield"],"picked":"Armaments+1","floor":35},{"not_picked":["Thunderclap+1","Flex"],"picked":"SKIP","floor":36},{"not_picked":["Dropkick"],"picked":"True Grit+1","floor":37},{"not_picked":["Havoc"],"picked":"Heavy Blade","floor":41},{"not_picked":["Twin Strike","Havoc"],"picked":"SKIP","floor":45},{"not_picked":["Carnage+1"],"picked":"Impervious","floor":46}],"player_experience":45865,"relics_obtained":[{"floor":7,"key":"Mummified Hand"},{"floor":9,"key":"War Paint"},{"floor":12,"key":"Tiny Chest"},{"floor":14,"key":"Whetstone"},{"floor":23,"key":"Orichalcum"},{"floor":26,"key":"Question Card"},{"floor":27,"key":"Happy Flower"},{"floor":29,"key":"Oddly Smooth Stone"},{"floor":38,"key":"Dodecahedron"},{"floor":41,"key":"Bag of Preparation"},{"floor":43,"key":"Omamori"},{"floor":46,"key":"Shovel"},{"floor":48,"key":"Ancient Tea Set"},{"floor":49,"key":"Anchor"}],"event_choices":[{"damage_healed":0,"gold_gain":0,"cards_transformed":["Strike_R"],"player_choice":"Transformed","damage_taken":0,"max_hp_gain":0,"max_hp_loss":0,"event_name":"Transmorgrifier","floor":2,"gold_loss":0,"cards_obtained":["Bloodletting"]},{"damage_healed":0,"gold_gain":0,"player_choice":"Joined the Cult","damage_taken":6,"max_hp_gain":0,"max_hp_loss":0,"event_name":"Nest","floor":28,"gold_loss":0,"cards_obtained":["RitualDagger"]},{"damage_healed":0,"gold_gain":0,"player_choice":"Upgraded","damage_taken":0,"max_hp_gain":0,"max_hp_loss":0,"event_name":"Upgrade Shrine","floor":31,"gold_loss":0,"cards_upgraded":["True Grit"]}],"is_beta":false,"boss_relics":[{"not_picked":["Orrery","Empty Cage"],"picked":"Runic Dome"},{"not_picked":["Snecko Eye","Mark of Pain"],"picked":"Busted Crown"}],"items_purged_floors":[39,47],"is_endless":false,"potions_floor_spawned":[4,5,12,16,18,22,23,41,46],"ascension_level":0}