{"gold_per_floor":[115,134,151,168,182,208,208,51,51,51,62,78,109,119,119,224,224,235,201,116,132,231,231,250,261,261,261,277,277,311,329,329,425,425,439,23,40,56,70,98,198,198,198,198,227,227,237,265,265,265],"floor_reached":51,"playtime":3720,"items_purged":[],"score":748,"play_id":"ca8d8f55-1153-4193-adec-d776bed0fea3","local_time":"20190912043033","is_ascension_mode":false,"campfire_choices":[{"floor":7,"key":"REST"},{"floor":10,"key":"REST"},{"floor":15,"key":"REST"},{"floor":23,"key":"REST"},{"floor":29,"key":"REST"},{"floor":32,"key":"REST"},{"floor":42,"key":"REST"},{"floor":44,"key":"REST"},{"floor":46,"key":"REST"},{"floor":49,"key":"REST"}],"neow_cost":"NONE","seed_source_timestamp":70924001675100,"circlet_count":0,"master_deck":["Strike_G","Strike_G","Strike_G","Strike_G","Strike_G","Defend_G","Defend_G","Defend_G","Defend_G+1","Defend_G","Survivor+1","Neutralize","Quick Slash","Poisoned Stab","Bane","Noxious Fumes","Night Terror+1","Noxious Fumes","Catalyst+1","Expertise+1","Burst+1","Quick Slash","Corpse Explosion+1","Flechettes","Leg Sweep+1","PiercingWail+1","Deflect+1","Backflip+1","Dagger Spray+1","Slice+1","Leg Sweep+1","Malaise+1","Slice+1","Caltrops","Dash","Dagger Spray","PiercingWail+1","Predator","Bane+1","Dash+1","Malaise+1","Dodge and Roll+1"],"relics":["Ring of the Snake","Pantograph","Snake Skull","Toxic Egg 2","Dodecahedron","Fusion Hammer","Bag of Preparation","Centennial Puzzle","Potion Belt","Cursed Key","Ninja Scroll","War Paint","Incense Burner","Sundial","Paper Crane"],"potions_floor_usage":[16,16,33,40,45,45,47,47],"damage_taken":[{"damage":0,"enemies":"2 Louse","floor":1,"turns":5},{"damage":0,"enemies":"Jaw Worm","floor":2,"turns":5},{"damage":0,"enemies":"Cultist","floor":3,"turns":3},{"damage":7,"enemies":"Looter","floor":4,"turns":3},{"damage":16,"enemies":"3 Louse","floor":5,"turns":3},{"damage":24,"enemies":"Gremlin Nob","floor":6,"turns":5},{"damage":16,"enemies":"Red Slaver","floor":11,"turns":5},{"damage":4,"enemies":"2 Fungi Beasts","floor":12,"turns":3},{"damage":28,"enemies":"3 Sentries","floor":13,"turns":6},{"damage":27,"enemies":"3 Louse","floor":14,"turns":3},{"damage":32,"enemies":"Slime Boss","floor":16,"turns":8},{"damage":17,"enemies":"Spheric Guardian","floor":18,"turns":4},{"damage":9,"enemies":"2 Thieves","floor":21,"turns":3},{"damage":22,"enemies":"Shelled Parasite and Fungi","floor":24,"turns":6},{"damage":0,"enemies":"Centurion and Healer","floor":25,"turns":5},{"damage":22,"enemies":"Cultist and Chosen","floor":28,"turns":7},{"damage":11,"enemies":"Slavers","floor":30,"turns":3},{"damage":14,"enemies":"3 Cultists","floor":31,"turns":4},{"damage":31,"enemies":"Automaton","floor":33,"turns":9},{"damage":15,"enemies":"Orb Walker","floor":35,"turns":3},{"damage":12,"enemies":"3 Shapes","floor":37,"turns":3},{"damage":28,"enemies":"Jaw Worm Horde","floor":38,"turns":3},{"damage":0,"enemies":"Maw","floor":39,"turns":7},{"damage":24,"enemies":"Reptomancer","floor":40,"turns":7},{"damage":0,"enemies":"Mind Bloom Boss Battle","floor":41,"turns":7},{"damage":38,"enemies":"Giant Head","floor":45,"turns":8},{"damage":3,"enemies":"Transient","floor":47,"turns":5},{"damage":37,"enemies":"Nemesis","floor":48,"turns":7},{"damage":31,"enemies":"Time Eater","floor":50,"turns":15}],"seed_played":"2149440111414492957","potions_obtained":[{"floor":2,"key":"EssenceOfSteel"},{"floor":3,"key":"Explosive Potion"},{"floor":6,"key":"Energy Potion"},{"floor":11,"key":"AttackPotion"},{"floor":16,"key":"Regen Potion"},{"floor":24,"key":"Strength Potion"},{"floor":28,"key":"Dexterity Potion"},{"floor":31,"key":"Poison Potion"},{"floor":38,"key":"FairyPotion"},{"floor":40,"key":"AttackPotion"},{"floor":41,"key":"PowerPotion"}],"is_trial":false,"path_per_floor":["M","M","M","M","M","E","R","$","T","R","M","M","E","M","R","B",null,"M","$","?","M","?","R","M","M","T","?","M","R","E","M","R","B",null,"M","$","M","M","M","E","?","R","T","R","E","R","M","E","R","B",null],"character_chosen":"THE_SILENT","items_purchased":["Snake Skull","Leg Sweep+1","Caltrops","Dash","Ninja Scroll"],"campfire_rested":10,"item_purchase_floors":[8,19,36,36,36],"current_hp_per_floor":[77,77,77,70,54,30,53,53,53,76,60,56,28,1,24,17,77,60,60,60,51,51,74,52,52,52,52,30,53,42,28,51,45,77,62,62,50,22,22,16,41,64,64,77,39,62,59,22,45,39],"gold":265,"neow_bonus":"TEN_PERCENT_HP_BONUS","is_prod":false,"is_daily":false,"chose_seed":false,"campfire_upgraded":0,"win_rate":0.0,"timestamp":1568277033,"path_taken":["M","M","M","M","M","E","R","$","T","R","M","M","E","M","R","BOSS","M","$","?","M","?","R","M","M","T","?","M","R","E","?","R","BOSS","M","$","M","M","M","E","?","R","T","R","E","R","M","E","R","BOSS"],"build_version":"2019-07-17","purchased_purges":0,"victory":true,"max_hp_per_floor":[77,77,77,77,77,77,77,77,77,77,77,77,77,77,77,77,77,77,77,77,77,77,77,77,77,77,77,77,77,77,77,77,77,77,77,77,77,77,77,77,77,77,77,77,77,77,77,77,77,77],"card_choices":[{"not_picked":["Underhanded Strike","Deflect"],"picked":"Quick Slash","floor":1},{"not_picked":["Flying Knee","Eviscerate"],"picked":"Poisoned Stab","floor":2},{"not_picked":["Poisoned Stab","Terror"],"picked":"Bane","floor":3},{"not_picked":["Dagger Throw","Calculated Gamble"],"picked":"Noxious Fumes","floor":4},{"not_picked":["Acrobatics","PiercingWail"],"picked":"Night Terror","floor":5},{"not_picked":["Acrobatics","Flying Knee"],"picked":"Noxious Fumes","floor":6},{"not_picked":["Flechettes","Distraction+1"],"picked":"Catalyst+1","floor":11},{"not_picked":["Flying Knee","Reflex+1"],"picked":"Expertise+1","floor":12},{"not_picked":["Endless Agony","Outmaneuver+1"],"picked":"Burst+1","floor":13},{"not_picked":["Terror+1","Deadly Poison+1"],"picked":"Quick Slash","floor":14},{"not_picked":["Phantasmal Killer+1","Wraith Form v2"],"picked":"Corpse Explosion+1","floor":16},{"not_picked":["Endless Agony+1","Tactician+1"],"picked":"Flechettes","floor":18},{"not_picked":["Underhanded Strike","Masterful Stab"],"picked":"PiercingWail+1","floor":21},{"not_picked":["Masterful Stab","Distraction+1"],"picked":"Deflect+1","floor":24},{"not_picked":["Leg Sweep+1","Deadly Poison+1"],"picked":"Backflip+1","floor":25},{"not_picked":["Skewer","Wraith Form v2"],"picked":"Dagger Spray+1","floor":28},{"not_picked":["All Out Attack","Acrobatics+1"],"picked":"Slice+1","floor":30},{"not_picked":["Noxious Fumes+1","Slice+1"],"picked":"Leg Sweep+1","floor":31},{"not_picked":["Unload","Corpse Explosion+1"],"picked":"Malaise+1","floor":33},{"not_picked":["Underhanded Strike+1","Poisoned Stab"],"picked":"Slice+1","floor":35},{"not_picked":["Deflect+1","Slice"],"picked":"Dagger Spray","floor":37},{"not_picked":["Crippling Poison+1","Tactician+1"],"picked":"PiercingWail+1","floor":38},{"not_picked":["Underhanded Strike","Masterful Stab","Tactician+1"],"picked":"SKIP","floor":39},{"not_picked":["Blade Dance+1","Endless Agony+1"],"picked":"Predator","floor":40},{"not_picked":["Sucker Punch","PiercingWail+1"],"picked":"Bane+1","floor":41},{"not_picked":["Outmaneuver+1","Underhanded Strike"],"picked":"Dash+1","floor":45},{"not_picked":["Deadly Poison+1","Deflect+1"],"picked":"Malaise+1","floor":47},{"not_picked":["Deadly Poison+1","Tactician+1"],"picked":"Dodge and Roll+1","floor":48}],"player_experience":84991,"relics_obtained":[{"floor":6,"key":"Pantograph"},{"floor":9,"key":"Toxic Egg 2"},{"floor":13,"key":"Dodecahedron"},{"floor":26,"key":"Centennial Puzzle"},{"floor":30,"key":"Potion Belt"},{"floor":40,"key":"War Paint"},{"floor":41,"key":"Incense Burner"},{"floor":45,"key":"Sundial"},{"floor":48,"key":"Paper Crane"}],"event_choices":[{"damage_healed":0,"gold_gain":0,"player_choice":"Obtained Relic","damage_taken":0,"relics_obtained":["Bag of Preparation"],"max_hp_gain":0,"max_hp_loss":0,"event_name":"Addict","floor":20,"gold_loss":85},{"damage_healed":0,"gold_gain":99,"player_choice":"Stole From Cult","damage_taken":0,"max_hp_gain":0,"max_hp_loss":0,"event_name":"Nest","floor":22,"gold_loss":0},{"damage_healed":0,"gold_gain":0,"player_choice":"Upgraded","damage_taken":0,"max_hp_gain":0,"max_hp_loss":0,"event_name":"Upgrade Shrine","floor":27,"gold_loss":0,"cards_upgraded":["Survivor"]},{"damage_healed":0,"gold_gain":0,"player_choice":"Fight","damage_taken":0,"max_hp_gain":0,"max_hp_loss":0,"event_name":"MindBloom","floor":41,"gold_loss":0}],"is_beta":false,"boss_relics":[{"not_picked":["Ectoplasm","Orrery"],"picked":"Fusion Hammer"},{"not_picked":["Eternal Feather","Calling Bell"],"picked":"Cursed Key"}],"items_purged_floors":[],"is_endless":false,"potions_floor_spawned":[2,3,6,11,16,24,28,31,38,40,41],"ascension_level":0}