{"gold_per_floor":[112,130,130,142,26,55,74,74,101,101],"floor_reached":10,"playtime":395,"items_purged":["Strike_B"],"score":88,"play_id":"36a0c3bc-abac-456a-84a5-c8d2ce551cbc","local_time":"20190810040651","is_ascension_mode":true,"campfire_choices":[{"data":"Zap","floor":8,"key":"SMITH"}],"neow_cost":"NONE","seed_source_timestamp":4872143459523646,"circlet_count":0,"master_deck":["Strike_B","Strike_B","Defend_B","Defend_B","Defend_B","Defend_B","Zap+1","Dualcast","Trip","Conserve Battery","Coolheaded","Conserve Battery","Static Discharge","Creative AI","Ball Lightning"],"relics":["Cracked Core","Blood Vial","Potion Belt"],"potions_floor_usage":[6,10],"damage_taken":[{"damage":7,"enemies":"Jaw Worm","floor":1,"turns":3},{"damage":0,"enemies":"Small Slimes","floor":2,"turns":3},{"damage":0,"enemies":"2 Louse","floor":4,"turns":3},{"damage":25,"enemies":"3 Sentries","floor":6,"turns":8},{"damage":5,"enemies":"2 Fungi Beasts","floor":7,"turns":4},{"damage":29,"enemies":"Gremlin Nob","floor":10,"turns":3}],"seed_played":"7020536608693938172","potions_obtained":[{"floor":4,"key":"Block Potion"},{"floor":6,"key":"Weak Potion"}],"is_trial":false,"path_per_floor":["M","M","?","M","$","E","M","R","T","E"],"character_chosen":"DEFECT","items_purchased":["Static Discharge"],"campfire_rested":0,"item_purchase_floors":[5],"current_hp_per_floor":[61,61,54,54,54,29,26,26,26,0],"gold":101,"neow_bonus":"RANDOM_COLORLESS","is_prod":false,"is_daily":false,"chose_seed":false,"campfire_upgraded":1,"win_rate":0,"timestamp":1565424411,"path_taken":["M","M","?","M","$","E","M","R","T","E"],"build_version":"2019-07-17","purchased_purges":1,"victory":false,"max_hp_per_floor":[75,75,75,75,75,75,75,75,75,75],"card_choices":[{"not_picked":["Coolheaded","Scrape"],"picked":"Conserve Battery","floor":1},{"not_picked":["Double Energy","Barrage"],"picked":"Coolheaded","floor":2},{"not_picked":["Recycle","White Noise"],"picked":"Conserve Battery","floor":4},{"not_picked":["Conserve Battery","Rainbow"],"picked":"Creative AI","floor":6},{"not_picked":["Streamline","Auto Shields"],"picked":"Ball Lightning","floor":7}],"player_experience":364456,"relics_obtained":[{"floor":6,"key":"Blood Vial"},{"floor":9,"key":"Potion Belt"}],"event_choices":[{"cards_removed":["Strike_B"],"damage_healed":0,"gold_gain":0,"player_choice":"Card Removal","damage_taken":7,"max_hp_gain":0,"max_hp_loss":0,"event_name":"Golden Wing","floor":3,"gold_loss":0}],"is_beta":false,"boss_relics":[],"items_purged_floors":[5],"is_endless":false,"potions_floor_spawned":[4,6],"killed_by":"Gremlin Nob","ascension_level":6}