{"gold_per_floor":[118,131,147,166,7,34,34,44,101,101,101,147,174,189,189,289,289,244,244,244,159,9,9,9,9,9,9,9,9,9,9,9,9,9,9,0,0,0,0,0,0,0,0,0,0,0,0,0,0,0,0,0,0,0,0],"floor_reached":55,"playtime":5919,"items_purged":[],"score":947,"play_id":"79d13700-7ca8-4994-b38e-6084f20d0600","local_time":"20190314013923","is_ascension_mode":true,"campfire_choices":[{"data":"True Grit","floor":7.0,"key":"SMITH"},{"floor":10.0,"key":"REST"},{"floor":15.0,"key":"REST"},{"floor":29.0,"key":"REST"},{"data":"Armaments","floor":32.0,"key":"SMITH"},{"floor":44,"key":"RECALL"},{"floor":49,"key":"REST"},{"data":"Inflame","floor":52,"key":"SMITH"}],"neow_cost":"NONE","seed_source_timestamp":0,"circlet_count":0,"master_deck":["Strike_R+1","Strike_R+1","Strike_R+1","Strike_R+1","Defend_R+1","Defend_R+1","Defend_R+1","Defend_R+1","Bash","Uppercut","Cleave","Anger","True Grit+1","Immolate","Sword Boomerang","Shockwave","Flame Barrier","Impervious","Impervious","Battle Trance","Evolve","Armaments+1","Armaments+1","Shockwave+1","Double Tap","Intimidate","Power Through+1","Offering","Sadistic Nature","Thinking Ahead","Dark Shackles","Inflame+1","Body Slam+1","Whirlwind+1","Shrug It Off","Clothesline+1","Entrench+1"],"special_seed":0,"relics":["Burning Blood","Dodecahedron","Tiny Chest","Juzu Bracelet","Bag of Preparation","Omamori","Ectoplasm","Dream Catcher","Bronze Scales","Bottled Flame","Oddly Smooth Stone","Bottled Tornado","Mark of Pain","Red Mask","Bird Faced Urn","Orichalcum","Bag of Marbles","Kunai","Pear","Red Skull"],"potions_floor_usage":[50,55,55,55],"damage_taken":[{"damage":18.0,"enemies":"Cultist","floor":1.0,"turns":6.0},{"damage":5.0,"enemies":"Small Slimes","floor":2.0,"turns":4.0},{"damage":3.0,"enemies":"Jaw Worm","floor":3.0,"turns":5.0},{"damage":9.0,"enemies":"Looter","floor":4.0,"turns":3.0},{"damage":25.0,"enemies":"Lagavulin","floor":6.0,"turns":5.0},{"damage":11.0,"enemies":"Exordium Wildlife","floor":8.0,"turns":3.0},{"damage":26.0,"enemies":"3 Sentries","floor":13.0,"turns":5.0},{"damage":4.0,"enemies":"Large Slime","floor":14.0,"turns":4.0},{"damage":19.0,"enemies":"Slime Boss","floor":16.0,"turns":10.0},{"damage":19.0,"enemies":"2 Thieves","floor":18.0,"turns":3.0},{"damage":4.0,"enemies":"Chosen","floor":19.0,"turns":4.0},{"damage":14.0,"enemies":"Gremlin Leader","floor":23.0,"turns":7.0},{"damage":21.0,"enemies":"Snecko","floor":25.0,"turns":5.0},{"damage":10.0,"enemies":"Snake Plant","floor":27.0,"turns":4.0},{"damage":32.0,"enemies":"Slavers","floor":28.0,"turns":6.0},{"damage":5.0,"enemies":"Shelled Parasite and Fungi","floor":30.0,"turns":5.0},{"damage":11.0,"enemies":"Gremlin Leader","floor":31.0,"turns":6.0},{"damage":48.0,"enemies":"Automaton","floor":33.0,"turns":13.0},{"damage":24.0,"enemies":"3 Darklings","floor":35.0,"turns":3.0},{"damage":26.0,"enemies":"Mind Bloom Boss Battle","floor":38.0,"turns":7.0},{"damage":3.0,"enemies":"Orb Walker","floor":39.0,"turns":4.0},{"damage":14.0,"enemies":"Giant Head","floor":40.0,"turns":8.0},{"damage":7.0,"enemies":"Maw","floor":41.0,"turns":7.0},{"damage":0,"enemies":"Writhing Mass","floor":42,"turns":3},{"damage":10,"enemies":"Spire Growth","floor":45,"turns":3},{"damage":19,"enemies":"Reptomancer","floor":46,"turns":6},{"damage":37,"enemies":"Giant Head","floor":48,"turns":7},{"damage":29,"enemies":"Awakened One","floor":50,"turns":14},{"damage":41,"enemies":"Shield and Spear","floor":54,"turns":8},{"damage":90,"enemies":"The Heart","floor":55,"turns":9}],"seed_played":"4591404954586090844","potions_obtained":[{"floor":1.0,"key":"Strength Potion"},{"floor":2.0,"key":"SteroidPotion"},{"floor":4.0,"key":"Explosive Potion"},{"floor":13.0,"key":"SmokeBomb"},{"floor":14.0,"key":"BloodPotion"},{"floor":18.0,"key":"Weak Potion"},{"floor":25.0,"key":"FairyPotion"},{"floor":31.0,"key":"PowerPotion"},{"floor":38.0,"key":"BloodPotion"},{"floor":39.0,"key":"Fire Potion"},{"floor":45,"key":"Strength Potion"},{"floor":48,"key":"Ancient Potion"},{"floor":54,"key":"AttackPotion"}],"is_trial":false,"path_per_floor":["M","M","M","M","$","E","R","M","T","R","?","T","E","M","R","B",null,"M","M","?","?","$","E","?","M","T","M","E","R","M","E","R","B",null,"M","?","?","?","M","E","M","M","T","R","M","E","$","E","R","B",null,"R","$","E","B"],"character_chosen":"IRONCLAD","items_purchased":["Immolate","Bronze Scales"],"campfire_rested":4,"item_purchase_floors":[5,22],"current_hp_per_floor":[68,69,72,69,69,50,50,45,45,69,57,57,37,39,63,50,80,67,69,69,69,69,61,61,46,46,50,24,48,49,44,44,14,80,62,62,52,32,49,47,52,62,62,62,64,55,55,40,67,50,90,90,90,59,0],"gold":0,"neow_bonus":"REMOVE_CARD","is_prod":false,"is_daily":false,"chose_seed":false,"campfire_upgraded":3,"win_rate":0,"timestamp":1552541963,"path_taken":["M","M","?","M","$","E","R","M","T","R","?","?","E","M","R","BOSS","M","M","?","?","?","E","?","M","T","M","E","R","M","E","R","BOSS","M","?","?","?","M","E","M","M","T","R","M","E","?","E","R","BOSS","R","$","E","BOSS"],"build_version":"2019-01-23","purchased_purges":0,"victory":false,"max_hp_per_floor":[80,80,80,80,80,80,80,80,80,80,80,80,80,80,80,80,80,80,80,80,80,80,80,80,80,80,80,80,80,80,80,80,80,80,80,80,80,80,80,80,80,80,80,80,80,80,80,90,90,90,90,90,90,90,90],"card_choices":[{"not_picked":["Thunderclap","Hemokinesis"],"picked":"Uppercut","floor":1.0},{"not_picked":["Flex","Clash"],"picked":"Cleave","floor":2.0},{"not_picked":["Evolve","Wild Strike"],"picked":"Anger","floor":3.0},{"not_picked":["Iron Wave","Headbutt"],"picked":"True Grit","floor":4.0},{"not_picked":["Headbutt","Infernal Blade"],"picked":"Sword Boomerang","floor":6.0},{"not_picked":["Sword Boomerang","Power Through"],"picked":"Shockwave","floor":8.0},{"not_picked":["Rupture","Combust"],"picked":"Flame Barrier","floor":13.0},{"not_picked":["Havoc","Hemokinesis"],"picked":"Impervious","floor":14.0},{"not_picked":["Immolate","Brutality"],"picked":"Impervious","floor":16.0},{"not_picked":["True Grit","Fire Breathing"],"picked":"Battle Trance","floor":18.0},{"not_picked":["Havoc","Twin Strike"],"picked":"Evolve","floor":19.0},{"not_picked":["Rupture","Corruption"],"picked":"Armaments","floor":23.0},{"not_picked":["Headbutt","Blood for Blood+1"],"picked":"Armaments+1","floor":25.0},{"not_picked":["Entrench","Clash","Rampage"],"picked":"SKIP","floor":27.0},{"not_picked":["Ghostly Armor","Infernal Blade+1"],"picked":"Shockwave+1","floor":28.0},{"not_picked":["Sword Boomerang","Perfected Strike+1"],"picked":"Double Tap","floor":29.0},{"not_picked":["Body Slam","Warcry"],"picked":"Intimidate","floor":30.0},{"not_picked":["Wild Strike","Hemokinesis+1"],"picked":"Power Through+1","floor":31.0},{"not_picked":["Impervious","Limit Break"],"picked":"Offering","floor":33.0},{"not_picked":["Iron Wave+1","Anger+1","Clothesline"],"picked":"SKIP","floor":35.0},{"not_picked":["PanicButton","Secret Weapon"],"picked":"Sadistic Nature","floor":37.0},{"not_picked":["Good Instincts","Madness"],"picked":"Thinking Ahead","floor":37.0},{"not_picked":["Impatience","Sadistic Nature"],"picked":"Dark Shackles","floor":37.0},{"not_picked":["Rupture+1","Pommel Strike"],"picked":"Inflame","floor":38.0},{"not_picked":["Pommel Strike","Thunderclap","Bloodletting"],"picked":"SKIP","floor":39.0},{"not_picked":["Warcry+1","Iron Wave+1"],"picked":"Body Slam+1","floor":40.0},{"not_picked":["Flex+1","Intimidate"],"picked":"Whirlwind+1","floor":41},{"not_picked":["Dual Wield","Infernal Blade+1"],"picked":"Shrug It Off","floor":42},{"not_picked":["Iron Wave","Searing Blow+1","Headbutt"],"picked":"SKIP","floor":45},{"not_picked":["Clash","Sword Boomerang","Rampage"],"picked":"SKIP","floor":46},{"not_picked":["Brutality","Iron Wave"],"picked":"Clothesline+1","floor":48},{"not_picked":["Combust+1","Exhume"],"picked":"Entrench+1","floor":54}],"player_experience":137882,"relics_obtained":[{"floor":6.0,"key":"Dodecahedron"},{"floor":9.0,"key":"Tiny Chest"},{"floor":12.0,"key":"Bag of Preparation"},{"floor":13.0,"key":"Omamori"},{"floor":23.0,"key":"Bottled Flame"},{"floor":28.0,"key":"Oddly Smooth Stone"},{"floor":31.0,"key":"Bottled Tornado"},{"floor":38.0,"key":"Bird Faced Urn"},{"floor":40.0,"key":"Orichalcum"},{"floor":43,"key":"Bag of Marbles"},{"floor":46,"key":"Kunai"},{"floor":48,"key":"Pear"},{"floor":54,"key":"Red Skull"}],"event_choices":[{"damage_healed":0.0,"max_hp_gain":0.0,"max_hp_loss":0.0,"gold_gain":0.0,"event_name":"Scrap Ooze","player_choice":"Success","floor":11.0,"gold_loss":0.0,"damage_taken":12.0,"relics_obtained":["Juzu Bracelet"]},{"damage_healed":0.0,"max_hp_gain":0.0,"max_hp_loss":0.0,"gold_gain":0.0,"event_name":"Back to Basics","player_choice":"Simplicity","floor":20.0,"gold_loss":0.0,"damage_taken":0.0,"cards_upgraded":["Strike_R","Strike_R","Strike_R","Strike_R","Defend_R","Defend_R","Defend_R","Defend_R"]},{"damage_healed":0.0,"max_hp_gain":0.0,"max_hp_loss":0.0,"gold_gain":0.0,"event_name":"Addict","player_choice":"Obtained Relic","floor":21.0,"gold_loss":85.0,"damage_taken":0.0,"relics_obtained":["Dream Catcher"]},{"damage_healed":0.0,"max_hp_gain":0.0,"max_hp_loss":0.0,"gold_gain":0.0,"event_name":"Beggar","player_choice":"Ignored","floor":24.0,"gold_loss":0.0,"damage_taken":0.0},{"damage_healed":0.0,"max_hp_gain":0.0,"max_hp_loss":0.0,"gold_gain":0.0,"event_name":"Tomb of Lord Red Mask","player_choice":"Paid","floor":36.0,"gold_loss":9.0,"damage_taken":0.0,"relics_obtained":["Red Mask"]},{"damage_healed":0.0,"max_hp_gain":0.0,"max_hp_loss":0.0,"gold_gain":0.0,"event_name":"SensoryStone","player_choice":"Memory 3","floor":37.0,"gold_loss":0.0,"damage_taken":10.0},{"damage_healed":0.0,"max_hp_gain":0.0,"max_hp_loss":0.0,"gold_gain":0.0,"event_name":"MindBloom","player_choice":"Fight","floor":38.0,"gold_loss":0.0,"damage_taken":0.0}],"is_beta":false,"boss_relics":[{"not_picked":["Calling Bell","Eternal Feather"],"picked":"Ectoplasm"},{"not_picked":["Fusion Hammer","Runic Dome"],"picked":"Mark of Pain"}],"items_purged_floors":[],"is_endless":false,"potions_floor_spawned":[1,2,4,13,14,18,25,31,38,39,45,48,54],"killed_by":"The Heart","ascension_level":3}