{"gold_per_floor":[112,112,112,123,142,142,168,168,219,252,252,266,266,286,286,286],"floor_reached":16,"playtime":700,"items_purged":[],"score":138,"play_id":"eb1b53e9-463a-4eae-b318-532edf7ffec5","local_time":"20190705234110","is_ascension_mode":true,"campfire_choices":[{"data":"Flame Barrier","floor":6,"key":"SMITH"},{"data":"Uppercut","floor":8,"key":"SMITH"},{"floor":11,"key":"REST"},{"data":"Armaments","floor":13,"key":"SMITH"},{"data":"Rampage","floor":15,"key":"SMITH"}],"neow_cost":"NONE","seed_source_timestamp":1831931393701520,"circlet_count":0,"master_deck":["Strike_R","Strike_R","Strike_R","Strike_R","Strike_R","Defend_R","Defend_R","Defend_R","Defend_R","Bash+1","Rampage+1","Sword Boomerang","Flame Barrier+1","Uppercut+1","Fiend Fire","Armaments+1","Dual Wield"],"relics":["Burning Blood","Anchor","Juzu Bracelet","Mercury Hourglass","Potion Belt","PreservedInsect"],"potions_floor_usage":[5,16],"damage_taken":[{"damage":14,"enemies":"Jaw Worm","floor":1,"turns":4},{"damage":2,"enemies":"Small Slimes","floor":4,"turns":3},{"damage":1,"enemies":"Cultist","floor":5,"turns":3},{"damage":39,"enemies":"Gremlin Nob","floor":7,"turns":5},{"damage":15,"enemies":"3 Sentries","floor":10,"turns":5},{"damage":13,"enemies":"Large Slime","floor":12,"turns":5},{"damage":0,"enemies":"Exordium Wildlife","floor":14,"turns":2},{"damage":44,"enemies":"Hexaghost","floor":16,"turns":9}],"seed_played":"914021082157042192","potions_obtained":[{"floor":5,"key":"Fruit Juice"},{"floor":10,"key":"AttackPotion"},{"floor":14,"key":"EssenceOfSteel"}],"is_trial":false,"path_per_floor":["M","?","?","M","M","R","E","R","T","E","R","M","R","M","R","B"],"character_chosen":"IRONCLAD","items_purchased":[],"campfire_rested":1,"item_purchase_floors":[],"current_hp_per_floor":[72,72,47,51,61,61,28,28,28,19,44,37,37,43,43,0],"gold":286,"neow_bonus":"RANDOM_COMMON_RELIC","is_prod":false,"is_daily":false,"chose_seed":false,"campfire_upgraded":4,"win_rate":0,"timestamp":1562384470,"path_taken":["M","?","?","M","M","R","E","R","T","E","R","M","R","M","R","BOSS"],"build_version":"2019-07-05","purchased_purges":0,"victory":false,"max_hp_per_floor":[80,80,80,80,85,85,85,85,85,85,85,85,85,85,85,85],"card_choices":[{"not_picked":["Twin Strike","Pommel Strike"],"picked":"Rampage","floor":1},{"not_picked":["Headbutt","Wild Strike"],"picked":"Sword Boomerang","floor":4},{"not_picked":["Armaments","Dual Wield"],"picked":"Flame Barrier","floor":5},{"not_picked":["Metallicize","Clothesline"],"picked":"Uppercut","floor":7},{"not_picked":["Burning Pact","Fire Breathing"],"picked":"Fiend Fire","floor":10},{"not_picked":["Whirlwind","Twin Strike"],"picked":"Armaments","floor":12},{"not_picked":["Power Through","Blood for Blood"],"picked":"Dual Wield","floor":14}],"player_experience":340070,"relics_obtained":[{"floor":7,"key":"Mercury Hourglass"},{"floor":9,"key":"Potion Belt"},{"floor":10,"key":"PreservedInsect"}],"event_choices":[{"damage_healed":0,"gold_gain":0,"player_choice":"Grow","damage_taken":0,"max_hp_gain":0,"max_hp_loss":0,"event_name":"Living Wall","floor":2,"gold_loss":0,"cards_upgraded":["Bash"]},{"damage_healed":0,"gold_gain":0,"player_choice":"Success","damage_taken":25,"relics_obtained":["Juzu Bracelet"],"max_hp_gain":0,"max_hp_loss":0,"event_name":"Scrap Ooze","floor":3,"gold_loss":0}],"is_beta":false,"boss_relics":[],"items_purged_floors":[],"is_endless":false,"potions_floor_spawned":[5,10,14],"killed_by":"Hexaghost","ascension_level":5}