{"path_per_floor":["M","?","M","$","M","E","?","$","T","R","?","R","M","E","R","B",null,"M","M","M","M","M","E","R","M","T","?","R","M","E","M","R","B",null,"M","M","M","M","M","E","R","M","T","M","R","E","R","M","R","B"],"character_chosen":"IRONCLAD","items_purchased":[],"gold_per_floor":[119,119,138,138,157,189,189,189,237,237,293,293,305,336,336,435,435,449,459,470,488,505,534,534,553,553,478,478,490,522,536,536,634,634,647,662,673,689,699,733,733,747,747,764,764,795,795,815,815,815],"floor_reached":51,"campfire_rested":5,"playtime":3113,"current_hp_per_floor":[80,80,80,80,80,52,36,36,36,36,12,36,26,13,37,14,80,79,80,80,44,46,45,69,75,75,75,75,73,26,25,49,38,80,80,78,80,71,79,61,61,60,60,54,54,53,53,51,75,59],"items_purged":[],"gold":815,"play_id":"95f19df7-39f2-4b05-987a-214e69ba5d76","is_prod":false,"is_daily":false,"campfire_rituals":0,"campfire_upgraded":5,"is_hardmode":false,"path_taken":["M","?","?","$","M","E","?","$","T","R","?","R","?","E","R","BOSS","M","M","M","M","M","E","R","M","T","?","R","M","E","M","R","BOSS","M","M","M","M","M","E","R","M","T","M","R","E","R","M","R","BOSS"],"build_version":"2018-01-11-PROD2","purchased_purges":0,"victory":true,"master_deck":["Strike_R","Strike_R","Strike_R","Strike_R","Defend_R","Defend_R","Defend_R","Bash","Cleave","Flame Barrier","Blood for Blood","Limit Break","Clothesline","Heavy Blade","Infernal Blade","Armaments","Perfected Strike","Whirlwind","Bludgeon","Demon Form","Inflame","Evolve","Shrug It Off","Heavy Blade","Heavy Blade","Pummel"],"max_hp_per_floor":[80,80,80,80,80,80,80,80,80,80,80,80,80,80,80,80,80,80,80,80,80,80,80,80,80,80,80,80,80,80,80,80,80,80,80,80,80,80,80,80,80,80,80,80,80,80,80,80,80,80],"relics":["Burning Blood","NeowsBlessing","Gremlin Horn","Orichalcum","Blood Vial","Toxic Egg","Snecko Eye","Pen Nib","Frozen Eye","Bronze Scales","Velvet Choker","War Paint","Whetstone","Omamori"],"campfire_meditates":0,"card_choices":[{"not_picked":["Evolve","Shrug It Off"],"picked":"Cleave"},{"not_picked":["Ghostly Armor","Inflame"],"picked":"Blood for Blood"},{"not_picked":["Brutality","Berserk"],"picked":"Limit Break"},{"not_picked":["Infernal Blade","Seeing Red"],"picked":"Clothesline"},{"not_picked":["Perfected Strike","Pommel Strike"],"picked":"Heavy Blade"},{"not_picked":["Thunderclap","Reckless Charge"],"picked":"Infernal Blade"},{"not_picked":["Clothesline","Sword Boomerang"],"picked":"Armaments"},{"not_picked":["Burning Pact","Reckless Charge"],"picked":"Perfected Strike"},{"not_picked":["Armaments","Clothesline"],"picked":"Whirlwind"},{"not_picked":["True Grit","Pommel Strike"],"picked":"Bludgeon"},{"not_picked":["Dark Embrace","Barricade"],"picked":"Demon Form"},{"not_picked":["Pommel Strike","Wild Strike"],"picked":"Inflame"},{"not_picked":["Rampage","Wild Strike"],"picked":"Evolve"},{"not_picked":["Pommel Strike","Ghostly Armor"],"picked":"Shrug It Off"},{"not_picked":["Headbutt","Havoc"],"picked":"Heavy Blade"},{"not_picked":["Body Slam","Dropkick"],"picked":"Heavy Blade"},{"not_picked":["Dual Wield","Corruption"],"picked":"Pummel"}],"player_experience":198189,"potions_floor_usage":[16,20,23,29,30,30,33,33,50,50],"damage_taken":[{"damage":0,"enemies":"Blue Slaver","floor":1,"turns":1},{"damage":0,"enemies":"Jaw Worm","floor":3,"turns":1},{"damage":0,"enemies":"Small Slimes","floor":5,"turns":1},{"damage":34,"enemies":"Gremlin Nob","floor":6,"turns":5},{"damage":30,"enemies":"Gremlin Nob","floor":11,"turns":5},{"damage":18,"enemies":"Exordium Thugs","floor":13,"turns":4},{"damage":21,"enemies":"3 Sentries","floor":14,"turns":5},{"damage":31,"enemies":"Slime Boss","floor":16,"turns":9},{"damage":7,"enemies":"Shell Parasite","floor":18,"turns":4},{"damage":4,"enemies":"3 Byrds","floor":19,"turns":3},{"damage":6,"enemies":"3 Cultists","floor":20,"turns":3},{"damage":42,"enemies":"Slaver and Parasite","floor":21,"turns":7},{"damage":6,"enemies":"Centurion and Healer","floor":22,"turns":5},{"damage":9,"enemies":"Book of Stabbing","floor":23,"turns":5},{"damage":2,"enemies":"Snecko","floor":25,"turns":4},{"damage":10,"enemies":"Sentry and Sphere","floor":29,"turns":4},{"damage":55,"enemies":"Gremlin Leader","floor":30,"turns":8},{"damage":9,"enemies":"Snake Plant","floor":31,"turns":3},{"damage":19,"enemies":"Champ","floor":33,"turns":5},{"damage":3,"enemies":"3 Shapes","floor":35,"turns":3},{"damage":8,"enemies":"3 Darklings","floor":36,"turns":4},{"damage":0,"enemies":"Sphere and 2 Shapes","floor":37,"turns":2},{"damage":15,"enemies":"4 Shapes","floor":38,"turns":4},{"damage":0,"enemies":"3 Darklings","floor":39,"turns":3},{"damage":25,"enemies":"Nemesis","floor":40,"turns":4},{"damage":9,"enemies":"Sphere and 2 Shapes","floor":42,"turns":3},{"damage":14,"enemies":"4 Shapes","floor":44,"turns":1},{"damage":9,"enemies":"Giant Head","floor":46,"turns":6},{"damage":10,"enemies":"Maw","floor":48,"turns":5},{"damage":24,"enemies":"Donu and Deca","floor":50,"turns":5}],"event_choices":[{"event_name":"Living Wall","player_choice":"Change","floor":2,"damage_taken":0},{"event_name":"Shining Light","player_choice":"Entered Light","floor":7,"damage_taken":0},{"event_name":"Dead Adventurer","player_choice":"Searched \u00272\u0027 times","floor":11,"damage_taken":0},{"event_name":"Beggar","player_choice":"Gave Gold","floor":27,"damage_taken":0}],"boss_relics":[{"not_picked":["Ectoplasm","Calling Bell"],"picked":"Snecko Eye"},{"not_picked":["Tiny House","Mark of Pain"],"picked":"Velvet Choker"}],"potions_floor_spawned":[3,11,14,16,21,22,23,25,30,31,36,40,42,44,46],"seed_played":"-6370958602674142106","is_trial":false}