{"gold_per_floor":[116,76,76,76,76,76,103,103,103,103,119,219,233,31,31,133,133,144,144,59,59,76,76,86,86,86,86,118,138,163,163],"floor_reached":31,"playtime":1451,"items_purged":["Strike_G"],"score":294,"play_id":"d3c21efb-3e1f-4498-875d-4638e7c5d7c1","local_time":"20190907230210","is_ascension_mode":false,"campfire_choices":[{"data":"Neutralize","floor":6,"key":"SMITH"},{"floor":8,"key":"REST"},{"floor":15,"key":"REST"},{"floor":23,"key":"REST"},{"floor":25,"key":"REST"},{"floor":27,"key":"REST"}],"neow_cost":"NONE","seed_source_timestamp":1328993104403100,"circlet_count":0,"master_deck":["Strike_G+1","Strike_G+1","Strike_G+1","Strike_G","Defend_G","Defend_G","Defend_G","Defend_G","Defend_G","Survivor","Neutralize+1","Bouncing Flask","Sucker Punch","Dagger Throw","Deflect","Infinite Blades","Quick Slash+1","Die Die Die","Prepared","Noxious Fumes+1","Flying Knee+1","Backflip","Footwork+1","Noxious Fumes+1"],"relics":["Ring of the Snake","Ornamental Fan","PreservedInsect","Bottled Flame","Fusion Hammer","Frozen Egg 2","Whetstone","Centennial Puzzle","Smiling Mask"],"potions_floor_usage":[31,31,31],"damage_taken":[{"damage":0,"enemies":"Small Slimes","floor":1,"turns":3},{"damage":46,"enemies":"3 Sentries","floor":7,"turns":14},{"damage":0,"enemies":"Cultist","floor":11,"turns":3},{"damage":0,"enemies":"2 Louse","floor":13,"turns":3},{"damage":20,"enemies":"The Guardian","floor":16,"turns":12},{"damage":10,"enemies":"3 Byrds","floor":18,"turns":5},{"damage":11,"enemies":"Shell Parasite","floor":22,"turns":5},{"damage":29,"enemies":"Snecko","floor":24,"turns":7},{"damage":31,"enemies":"Slavers","floor":28,"turns":4},{"damage":18,"enemies":"Snake Plant","floor":29,"turns":5},{"damage":27,"enemies":"Gremlin Leader","floor":30,"turns":7},{"damage":11,"enemies":"Cultist and Chosen","floor":31,"turns":4}],"seed_played":"766511772490100171","potions_obtained":[{"floor":1,"key":"Energy Potion"},{"floor":11,"key":"Energy Potion"},{"floor":13,"key":"SpeedPotion"},{"floor":24,"key":"GhostInAJar"},{"floor":28,"key":"Block Potion"}],"is_trial":false,"path_per_floor":["M","?","?","$","?","R","E","R","T","?","M","?","M","$","R","B",null,"M","?","?","$","M","R","M","R","T","R","E","M","E","M"],"character_chosen":"THE_SILENT","items_purchased":["Infinite Blades","Quick Slash"],"campfire_rested":5,"item_purchase_floors":[14,14],"current_hp_per_floor":[77,77,82,82,70,70,24,48,48,32,32,32,32,32,56,36,82,72,56,56,56,45,71,42,68,68,87,56,38,11,0],"gold":163,"neow_bonus":"TEN_PERCENT_HP_BONUS","is_prod":false,"is_daily":false,"chose_seed":false,"campfire_upgraded":1,"win_rate":0.0,"timestamp":1567911730,"path_taken":["M","?","?","$","?","R","E","R","T","?","M","?","M","$","R","BOSS","M","?","?","$","M","R","M","R","T","R","E","?","E","M"],"build_version":"2019-07-17","purchased_purges":1,"victory":false,"max_hp_per_floor":[77,77,82,82,82,82,82,82,82,82,82,82,82,82,82,82,82,82,87,87,87,87,87,87,87,87,87,87,87,87,87],"card_choices":[{"not_picked":["Slice","Predator"],"picked":"Bouncing Flask","floor":1},{"not_picked":["Blade Dance","Deflect"],"picked":"Sucker Punch","floor":7},{"not_picked":["Distraction","Tactician"],"picked":"Dagger Throw","floor":11},{"not_picked":["Endless Agony","Adrenaline"],"picked":"Deflect","floor":13},{"not_picked":["Tools of the Trade","Phantasmal Killer"],"picked":"Die Die Die","floor":16},{"not_picked":["Bane+1","PiercingWail"],"picked":"Prepared","floor":18},{"not_picked":["Bane","Quick Slash+1"],"picked":"Noxious Fumes+1","floor":22},{"not_picked":["Bullet Time","PiercingWail"],"picked":"Flying Knee+1","floor":24},{"not_picked":["Dagger Spray+1","Flying Knee"],"picked":"Backflip","floor":28},{"not_picked":["Poisoned Stab+1","Outmaneuver"],"picked":"Footwork+1","floor":29},{"not_picked":["Tools of the Trade+1","Underhanded Strike"],"picked":"Noxious Fumes+1","floor":30}],"player_experience":64736,"relics_obtained":[{"floor":7,"key":"PreservedInsect"},{"floor":9,"key":"Bottled Flame"},{"floor":26,"key":"Whetstone"},{"floor":28,"key":"Centennial Puzzle"},{"floor":30,"key":"Smiling Mask"}],"event_choices":[{"damage_healed":0,"gold_gain":0,"player_choice":"Left Gold","damage_taken":0,"max_hp_gain":0,"max_hp_loss":0,"event_name":"World of Goop","floor":2,"gold_loss":40},{"damage_healed":0,"gold_gain":0,"player_choice":"Donut","damage_taken":0,"max_hp_gain":5,"max_hp_loss":0,"event_name":"Big Fish","floor":3,"gold_loss":0},{"damage_healed":0,"gold_gain":0,"player_choice":"Success","damage_taken":12,"relics_obtained":["Ornamental Fan"],"max_hp_gain":0,"max_hp_loss":0,"event_name":"Scrap Ooze","floor":5,"gold_loss":0},{"damage_healed":0,"gold_gain":0,"player_choice":"Entered Light","damage_taken":16,"max_hp_gain":0,"max_hp_loss":0,"event_name":"Shining Light","floor":10,"gold_loss":0,"cards_upgraded":["Strike_G","Strike_G"]},{"damage_healed":0,"gold_gain":100,"player_choice":"Pray","damage_taken":0,"max_hp_gain":0,"max_hp_loss":0,"event_name":"Golden Shrine","floor":12,"gold_loss":0},{"damage_healed":0,"gold_gain":0,"player_choice":"Shed Blood","damage_taken":21,"max_hp_gain":5,"max_hp_loss":0,"event_name":"Forgotten Altar","floor":19,"gold_loss":0},{"damage_healed":0,"gold_gain":0,"player_choice":"Obtained Relic","damage_taken":0,"relics_obtained":["Frozen Egg 2"],"max_hp_gain":0,"max_hp_loss":0,"event_name":"Addict","floor":20,"gold_loss":85}],"is_beta":false,"boss_relics":[{"not_picked":["Cursed Key","Coffee Dripper"],"picked":"Fusion Hammer"}],"items_purged_floors":[14],"is_endless":false,"potions_floor_spawned":[1,11,13,24,28],"killed_by":"Cultist and Chosen","ascension_level":0}