{"path_per_floor":["M","M","$","M","M","E","R","E","T","?","R","M","E","M","R","B",null,"M","$","M","?","M","E","$","R","T","M","R","E","M","M","R","B",null,"M","?","$","?","$","R","M","M","T","?","R","M","M","M","R","B"],"character_chosen":"IRONCLAD","items_purchased":["Oddly Smooth Stone","War Paint","Impervious"],"gold_per_floor":[112,130,130,144,162,195,195,225,225,225,225,239,270,289,289,388,388,401,326,345,345,364,394,87,87,165,176,176,207,223,242,242,340,340,355,355,255,255,102,102,118,129,129,0,0,18,34,44,44,44],"floor_reached":51,"campfire_rested":1,"playtime":4681,"current_hp_per_floor":[80,63,63,59,59,41,41,13,13,13,37,39,41,21,21,16,80,79,79,80,80,74,43,43,43,43,47,47,50,44,47,47,80,80,80,80,80,70,70,70,73,63,63,63,63,67,80,80,80,38],"items_purged":["Strike_R","Writhe"],"gold":44,"play_id":"d461243f-724a-4a34-8ad7-5b7c27a8d5bb","is_prod":false,"is_daily":false,"campfire_rituals":0,"campfire_upgraded":8,"is_hardmode":false,"path_taken":["M","M","$","M","M","E","R","E","T","?","R","M","E","M","R","BOSS","M","$","M","?","M","E","$","R","T","?","R","E","M","M","R","BOSS","M","?","$","?","$","R","M","M","T","?","R","M","M","M","R","BOSS"],"build_version":"2018-01-04-PROD1","purchased_purges":2,"victory":true,"master_deck":["Strike_R","Strike_R","Strike_R","Strike_R","Defend_R","Defend_R","Defend_R","Defend_R","Body Slam","Battle Trance","Iron Wave","Berserk","Battle Trance","Body Slam","Pommel Strike","Shrug It Off","Berserk","Fire Breathing","Iron Wave","Barricade","Battle Trance","Inflame","Offering","Seeing Red","Shrug It Off","Inflame","Flame Barrier","Madness","Madness","Impervious","Iron Wave","Fire Breathing","Iron Wave"],"max_hp_per_floor":[80,80,80,80,80,80,80,80,80,80,80,80,80,80,80,80,80,80,80,80,80,80,80,80,80,80,80,80,80,80,80,80,80,80,80,80,80,80,80,80,80,80,80,80,80,80,80,80,80,80],"relics":["Burning Blood","Bronze Scales","Dream Catcher","Bird Faced Urn","Pantograph","Sozu","Ginger","Mummified Hand","Oddly Smooth Stone","War Paint","Self Forming Clay","Toxic Egg","Orrery","Sundial","Red Mask"],"campfire_meditates":0,"card_choices":[{"not_picked":["Shrug It Off","Cleave"],"picked":"Body Slam"},{"not_picked":["Flex","Perfected Strike"],"picked":"Battle Trance"},{"not_picked":["Rage","Pummel"],"picked":"Iron Wave"},{"not_picked":["Inflame","Perfected Strike"],"picked":"Berserk"},{"not_picked":["Warcry","Rage"],"picked":"Battle Trance"},{"not_picked":["Inflame","Headbutt"],"picked":"Body Slam"},{"not_picked":["Dropkick","Body Slam"],"picked":"Pommel Strike"},{"not_picked":["Sword Boomerang","Perfected Strike"],"picked":"Shrug It Off"},{"not_picked":["Impervious","Reaper"],"picked":"Berserk"},{"not_picked":["Headbutt","Anger"],"picked":"Fire Breathing"},{"not_picked":["Blood for Blood","Clothesline"],"picked":"Iron Wave"},{"not_picked":["Metallicize","Dual Wield"],"picked":"Barricade"},{"not_picked":["Sword Boomerang","Armaments"],"picked":"Battle Trance"},{"not_picked":["Pummel","Pommel Strike"],"picked":"Inflame"},{"not_picked":["Barricade","Dark Embrace"],"picked":"Offering"},{"not_picked":["Perfected Strike","True Grit"],"picked":"Seeing Red"},{"not_picked":["Corruption","Headbutt"],"picked":"Shrug It Off"},{"not_picked":["Flex","Brutality"],"picked":"Inflame"},{"not_picked":["Dual Wield","Sword Boomerang"],"picked":"Flame Barrier"},{"not_picked":["Perfected Strike","Dual Wield"],"picked":"Iron Wave"},{"not_picked":["Headbutt","Clash"],"picked":"Fire Breathing"},{"not_picked":["Berserk","Clothesline"],"picked":"Iron Wave"}],"player_experience":10085,"potions_floor_usage":[8,13,13],"damage_taken":[{"damage":4,"enemies":"2 Louse","floor":1,"turns":3},{"damage":23,"enemies":"Blue Slaver","floor":2,"turns":5},{"damage":10,"enemies":"Small Slimes","floor":4,"turns":5},{"damage":6,"enemies":"3 Louse","floor":5,"turns":3},{"damage":24,"enemies":"Gremlin Nob","floor":6,"turns":5},{"damage":34,"enemies":"3 Sentries","floor":8,"turns":6},{"damage":6,"enemies":"Red Slaver","floor":12,"turns":4},{"damage":6,"enemies":"Lagavulin","floor":13,"turns":6},{"damage":28,"enemies":"Gremlin Gang","floor":14,"turns":3},{"damage":38,"enemies":"Hexaghost","floor":16,"turns":9},{"damage":7,"enemies":"Shell Parasite","floor":18,"turns":5},{"damage":1,"enemies":"Chosen","floor":20,"turns":6},{"damage":14,"enemies":"3 Cultists","floor":22,"turns":6},{"damage":43,"enemies":"Gremlin Leader","floor":23,"turns":9},{"damage":8,"enemies":"Centurion and Healer","floor":27,"turns":6},{"damage":9,"enemies":"Slavers","floor":29,"turns":5},{"damage":20,"enemies":"Sentry and Sphere","floor":30,"turns":4},{"damage":9,"enemies":"Snake Plant","floor":31,"turns":4},{"damage":1,"enemies":"Automaton","floor":33,"turns":9},{"damage":8,"enemies":"Orb Walker","floor":35,"turns":4},{"damage":15,"enemies":"3 Shapes","floor":41,"turns":61},{"damage":25,"enemies":"Sphere and 2 Shapes","floor":42,"turns":5},{"damage":14,"enemies":"Maw","floor":46,"turns":6},{"damage":4,"enemies":"4 Shapes","floor":47,"turns":6},{"damage":4,"enemies":"Sphere and 2 Shapes","floor":48,"turns":4},{"damage":60,"enemies":"Awakened One","floor":50,"turns":13}],"event_choices":[{"event_name":"Purifier","player_choice":"One Purge","floor":10,"damage_taken":0},{"event_name":"The Mausoleum","player_choice":"Yes","floor":21,"damage_taken":0},{"event_name":"The Woman in Blue","player_choice":"Bought 0 Potions","floor":36,"damage_taken":0},{"event_name":"Winding Halls","player_choice":"Embrace Madness","floor":38,"damage_taken":0},{"event_name":"Tomb of Lord Red Mask","player_choice":"Paid","floor":44,"damage_taken":0}],"boss_relics":[{"not_picked":["Runic Pyramid","Question Card"],"picked":"Sozu"},{"not_picked":["White Beast Statue","Velvet Choker"],"picked":"Orrery"}],"potions_floor_spawned":[6,8,12,20,23,29,31,47,48],"seed_played":"9183990531440159543","is_trial":false}