{"path_per_floor":["M","M","M","M","M","M","R","E","T","?","M","E","M","M","R","B",null,"M","M","M","M","?","R"],"character_chosen":"IRONCLAD","items_purchased":[],"gold_per_floor":[363,377,388,402,420,439,439,467,467,467,479,505,523,541,541,637,637,650,666,682,702,702,702],"floor_reached":24,"campfire_rested":1,"playtime":1335,"current_hp_per_floor":[80,70,66,70,65,60,60,30,30,30,36,34,35,36,59,40,77,58,29,32,30,15,15],"items_purged":[],"gold":702,"play_id":"18b882a0-ba6a-4fa0-8563-9d3da3213d9e","is_prod":false,"is_daily":false,"campfire_rituals":0,"campfire_upgraded":2,"is_hardmode":false,"path_taken":["M","M","M","M","M","M","R","E","T","?","M","E","M","M","R","BOSS","M","M","M","M","?","R","?"],"build_version":"2018-01-11-PROD2","purchased_purges":0,"victory":false,"master_deck":["Strike_R","Strike_R","Strike_R","Strike_R","Strike_R","Defend_R","Defend_R","Defend_R","Defend_R","Bash","Headbutt","Flex","Heavy Blade","Thunderclap","Headbutt","Battle Trance","Limit Break","Bloodletting","Cleave","Inflame"],"max_hp_per_floor":[80,80,80,80,80,80,80,80,80,77,77,77,77,77,77,77,77,77,77,77,77,82,82],"relics":["Burning Blood","Charon\u0027s Ashes","Shuriken","Smiling Mask","Philosopher\u0027s Stone"],"campfire_meditates":0,"card_choices":[{"not_picked":["Sentinel","Armaments"],"picked":"Headbutt"},{"not_picked":["Perfected Strike","Exhume"],"picked":"Flex"},{"not_picked":["Body Slam","Sword Boomerang"],"picked":"Heavy Blade"},{"not_picked":["Hemokinesis","Clash"],"picked":"Thunderclap"},{"not_picked":["Shockwave","Perfected Strike"],"picked":"Headbutt"},{"not_picked":["Combust","Headbutt"],"picked":"Battle Trance"},{"not_picked":["Bludgeon","Demon Form"],"picked":"Limit Break"},{"not_picked":["Headbutt","Clash"],"picked":"Bloodletting"},{"not_picked":["Clash","Wild Strike"],"picked":"Cleave"},{"not_picked":["Intimidate","Shrug It Off"],"picked":"Inflame"}],"player_experience":196046,"potions_floor_usage":[6,11,12,18,19,24],"damage_taken":[{"damage":0,"enemies":"Small Slimes","floor":1,"turns":3},{"damage":16,"enemies":"Blue Slaver","floor":2,"turns":4},{"damage":10,"enemies":"Cultist","floor":3,"turns":4},{"damage":2,"enemies":"Large Slime","floor":4,"turns":6},{"damage":11,"enemies":"Red Slaver","floor":5,"turns":3},{"damage":11,"enemies":"Lots of Slimes","floor":6,"turns":3},{"damage":36,"enemies":"Lagavulin","floor":8,"turns":4},{"damage":0,"enemies":"3 Louse","floor":11,"turns":2},{"damage":8,"enemies":"3 Sentries","floor":12,"turns":4},{"damage":5,"enemies":"Gremlin Gang","floor":13,"turns":3},{"damage":5,"enemies":"2 Fungi Beasts","floor":14,"turns":3},{"damage":25,"enemies":"Slime Boss","floor":16,"turns":7},{"damage":25,"enemies":"Shell Parasite","floor":18,"turns":4},{"damage":35,"enemies":"2 Thieves","floor":19,"turns":4},{"damage":3,"enemies":"Centurion and Healer","floor":20,"turns":3},{"damage":8,"enemies":"3 Cultists","floor":21,"turns":4},{"damage":33,"enemies":"Snecko","floor":24,"turns":3}],"event_choices":[{"event_name":"Wheel of Change","player_choice":"Card Removal","floor":10,"damage_taken":0},{"event_name":"Forgotten Altar","player_choice":"Shed Blood","floor":22,"damage_taken":0}],"boss_relics":[{"not_picked":["Eternal Feather","Runic Cube"],"picked":"Philosopher\u0027s Stone"}],"potions_floor_spawned":[2,6,8,11,16,18],"seed_played":"9138668424273576784","killed_by":"Snecko","is_trial":false}