{"gold_per_floor":[114,114,114,128,145,178,178,29,53,53,83,53,53,64,64,163,163,147,147,268,285,324,324],"floor_reached":23,"playtime":1393,"items_purged":["Strike_G"],"score":209,"play_id":"e6430eab-aab1-4964-9529-4b5b3397a6d2","local_time":"20190430202026","is_ascension_mode":true,"campfire_choices":[{"data":"Dagger Spray","floor":7,"key":"SMITH"},{"floor":10,"key":"REST"}],"neow_cost":"NONE","seed_source_timestamp":1116616777321990,"circlet_count":0,"master_deck":["Defend_G","Defend_G","Defend_G","Defend_G","Defend_G","Strike_G","Strike_G","Strike_G","Survivor","Neutralize+1","Dramatic Entrance","Bouncing Flask","Finisher","Dagger Spray+1","Acrobatics","Caltrops+1","Well Laid Plans","Endless Agony+1","Wraith Form v2","Calculated Gamble+1","Dagger Throw","Toxin Wave"],"relics":["Ring of the Snake","Bag of Preparation","Juzu Bracelet","Centennial Puzzle","Black Star","Girya"],"potions_floor_usage":[11,16,23,23,23,23],"damage_taken":[{"damage":8,"enemies":"Jaw Worm","floor":1,"turns":4},{"damage":0,"enemies":"Small Slimes","floor":4,"turns":2},{"damage":0,"enemies":"2 Louse","floor":5,"turns":2},{"damage":33,"enemies":"3 Sentries","floor":6,"turns":8},{"damage":16,"enemies":"Lagavulin","floor":11,"turns":6},{"damage":9,"enemies":"2 Fungi Beasts","floor":14,"turns":1},{"damage":19,"enemies":"The Guardian","floor":16,"turns":8},{"damage":14,"enemies":"2 Thieves","floor":18,"turns":4},{"damage":0,"enemies":"Spheric Guardian","floor":20,"turns":1},{"damage":14,"enemies":"Snake Plant","floor":21,"turns":5},{"damage":14,"enemies":"Replay:Snechameleon","floor":23,"turns":5}],"seed_played":"928748727888297752","potions_obtained":[{"floor":1,"key":"Strength Potion"},{"floor":6,"key":"Adrenaline Potion"},{"floor":16,"key":"Block Potion"},{"floor":18,"key":"EntropicBrew"},{"floor":20,"key":"FearPotion"}],"is_trial":false,"path_per_floor":["M","?","?","M","M","E","R","$","T","R","E","?","?","M","R","B",null,"M","?","M","M","?","E"],"character_chosen":"THE_SILENT","items_purchased":["Caltrops"],"campfire_rested":1,"item_purchase_floors":[8],"current_hp_per_floor":[62,62,55,55,55,22,22,22,22,43,27,27,27,18,39,20,73,59,46,46,32,13,0],"gold":324,"neow_bonus":"RANDOM_COLORLESS","is_prod":false,"is_daily":false,"chose_seed":false,"campfire_upgraded":1,"win_rate":0,"timestamp":1556670026,"path_taken":["M","?","?","M","M","E","R","$","T","R","E","?","?","M","R","BOSS","M","?","M","M","?","E"],"build_version":"2019-01-23","purchased_purges":1,"victory":false,"max_hp_per_floor":[70,70,70,70,70,70,70,70,70,70,70,70,70,70,70,70,73,73,78,78,78,78,78],"card_choices":[{"not_picked":["Sucker Punch","Setup"],"picked":"Bouncing Flask","floor":1},{"not_picked":["Expertise","Slice"],"picked":"Finisher","floor":4},{"not_picked":["Cloak And Dagger","Bouncing Flask"],"picked":"Dagger Spray","floor":5},{"not_picked":["Sucker Punch","Slice"],"picked":"Acrobatics","floor":6},{"not_picked":["Eviscerate","Dodge and Roll"],"picked":"Well Laid Plans","floor":11},{"not_picked":["Acrobatics","Hidden Blade"],"picked":"Endless Agony","floor":14},{"not_picked":["Venomology","Envenom"],"picked":"Wraith Form v2","floor":16},{"not_picked":["Deadly Poison","Acrobatics"],"picked":"Calculated Gamble+1","floor":18},{"not_picked":["Setup+1","Fluid Movement"],"picked":"Dagger Throw","floor":20},{"not_picked":["Bane","Deadly Poison"],"picked":"Toxin Wave","floor":21}],"player_experience":251235,"relics_obtained":[{"floor":6,"key":"Bag of Preparation"},{"floor":9,"key":"Juzu Bracelet"},{"floor":11,"key":"Centennial Puzzle"},{"floor":22,"key":"Girya"}],"event_choices":[{"damage_healed":0,"gold_gain":0,"player_choice":"Grow","damage_taken":0,"max_hp_gain":0,"max_hp_loss":0,"event_name":"Living Wall","floor":2,"gold_loss":0,"cards_upgraded":["Neutralize"]},{"cards_removed":["Strike_G"],"damage_healed":0,"gold_gain":0,"player_choice":"Card Removal","damage_taken":7,"max_hp_gain":0,"max_hp_loss":0,"event_name":"Golden Wing","floor":3,"gold_loss":0},{"damage_healed":0,"gold_gain":0,"player_choice":"Left Gold","damage_taken":0,"max_hp_gain":0,"max_hp_loss":0,"event_name":"World of Goop","floor":12,"gold_loss":30},{"damage_healed":0,"gold_gain":0,"player_choice":"Shed Blood","damage_taken":18,"max_hp_gain":5,"max_hp_loss":0,"event_name":"Forgotten Altar","floor":19,"gold_loss":0}],"is_beta":false,"boss_relics":[{"not_picked":["Lizard Tail","White Beast Statue"],"picked":"Black Star"}],"items_purged_floors":[8],"is_endless":false,"potions_floor_spawned":[1,6,16,18,20,21],"killed_by":"Replay:Snechameleon","ascension_level":1}