{"path_per_floor":["M","?","?","?","M","E","R","E","T","M","$","M","?","?","R","B",null,"M","M","M","M","$","R","?","M","T","E","M","?","R","M","R","B",null,"M","$","?","$","?","R","E","R","T","M","?","R","?","M","R","B"],"character_chosen":"IRONCLAD","items_purchased":["Toolbox","Mind Blast","Limit Break","Swift Potion","Omamori","Energy Potion"],"gold_per_floor":[109,69,144,144,169,212,212,247,247,270,9,32,32,32,32,152,152,168,192,213,228,228,228,143,161,161,197,218,118,118,138,138,267,267,287,50,383,47,47,47,80,80,80,100,100,100,100,110,110,110],"floor_reached":51,"campfire_rested":2,"playtime":2224,"current_hp_per_floor":[80,80,69,69,74,74,74,74,74,73,73,72,72,72,72,37,74,66,68,61,48,48,48,48,39,39,41,42,42,42,35,59,11,81,65,65,65,65,65,65,27,51,51,53,73,73,73,61,61,30],"items_purged":["Burning Pact"],"gold":110,"play_id":"ac5bb7b3-cc47-4676-a6ab-8fc705b5121e","is_prod":false,"is_daily":false,"campfire_rituals":0,"campfire_upgraded":4,"is_hardmode":false,"path_taken":["M","?","?","?","M","E","R","E","T","M","$","M","?","?","R","BOSS","M","?","M","M","$","R","?","M","T","E","M","?","R","M","R","BOSS","M","$","?","$","?","R","E","R","T","M","?","R","?","M","R","BOSS"],"build_version":"2018-01-18-PROD4","purchased_purges":1,"victory":true,"master_deck":["Strike_R","Strike_R","Defend_R","Defend_R","Defend_R","Defend_R","Bash","Body Slam","Headbutt","Whirlwind","Pummel","Flex","Heavy Blade","Offering","Clothesline","Whirlwind","Shrug It Off","Dual Wield","Headbutt","J.A.X.","Battle Trance","Barricade","Armaments","Mind Blast","Limit Break","Flame Barrier"],"max_hp_per_floor":[80,80,80,74,74,74,74,74,74,74,74,74,74,74,74,74,74,74,74,74,74,74,74,74,74,74,81,81,81,81,81,81,81,81,81,81,81,81,81,81,81,81,81,81,81,81,81,81,81,81],"relics":["Burning Blood","NeowsBlessing","Shuriken","Girya","Bottled Lightning","Toolbox","Snecko Eye","Ice Cream","Frozen Eye","Strawberry","Cursed Key","Omamori","Ancient Tea Set","Juzu Bracelet"],"campfire_meditates":0,"card_choices":[{"not_picked":["Twin Strike","Seeing Red"],"picked":"Body Slam"},{"not_picked":["Evolve","Reckless Charge"],"picked":"Headbutt"},{"not_picked":["Shockwave","Twin Strike"],"picked":"Whirlwind"},{"not_picked":["Perfected Strike","Clash"],"picked":"Pummel"},{"not_picked":["Spot Weakness","Shockwave"],"picked":"Flex"},{"not_picked":["Spot Weakness","Headbutt"],"picked":"Heavy Blade"},{"not_picked":["Double Tap","Feed"],"picked":"Offering"},{"not_picked":["Burning Pact","Fire Breathing"],"picked":"Clothesline"},{"not_picked":["Havoc","Seeing Red"],"picked":"Whirlwind"},{"not_picked":["Iron Wave","Spot Weakness"],"picked":"Shrug It Off"},{"not_picked":["Flex","Body Slam"],"picked":"Dual Wield"},{"not_picked":["Twin Strike","Feel No Pain"],"picked":"Headbutt"},{"not_picked":["Twin Strike","Spot Weakness"],"picked":"Battle Trance"},{"not_picked":["Double Tap","Impervious"],"picked":"Barricade"},{"not_picked":["Perfected Strike","Corruption"],"picked":"Armaments"},{"not_picked":["Clothesline","Thunderclap"],"picked":"Flame Barrier"}],"player_experience":219795,"potions_floor_usage":[8,8,19,20,27,27,28,41,50,50,50],"damage_taken":[{"damage":0,"enemies":"2 Louse","floor":1,"turns":1},{"damage":0,"enemies":"Blue Slaver","floor":5,"turns":1},{"damage":0,"enemies":"Lagavulin","floor":6,"turns":1},{"damage":3,"enemies":"Gremlin Nob","floor":8,"turns":3},{"damage":7,"enemies":"Small Slimes","floor":10,"turns":2},{"damage":7,"enemies":"3 Louse","floor":12,"turns":2},{"damage":41,"enemies":"The Guardian","floor":16,"turns":7},{"damage":14,"enemies":"Spheric Guardian","floor":18,"turns":3},{"damage":4,"enemies":"Shell Parasite","floor":19,"turns":2},{"damage":13,"enemies":"Snake Plant","floor":20,"turns":3},{"damage":19,"enemies":"Snecko","floor":21,"turns":3},{"damage":15,"enemies":"Centurion and Healer","floor":25,"turns":3},{"damage":11,"enemies":"Slavers","floor":27,"turns":3},{"damage":5,"enemies":"3 Cultists","floor":28,"turns":3},{"damage":13,"enemies":"Snecko","floor":31,"turns":3},{"damage":54,"enemies":"Collector","floor":33,"turns":9},{"damage":22,"enemies":"3 Shapes","floor":35,"turns":5},{"damage":44,"enemies":"2 Orb Walkers","floor":41,"turns":3},{"damage":4,"enemies":"Orb Walker","floor":44,"turns":1},{"damage":18,"enemies":"4 Shapes","floor":48,"turns":5},{"damage":37,"enemies":"Donu and Deca","floor":50,"turns":5}],"event_choices":[{"event_name":"The Woman in Blue","player_choice":"Bought 3 Potions","floor":2,"damage_taken":0},{"event_name":"World of Goop","player_choice":"Gather Gold","floor":3,"damage_taken":0},{"event_name":"Golden Idol","player_choice":"Lose Max HP","floor":4,"damage_taken":0},{"event_name":"Bonfire Elementals","player_choice":"BASIC","floor":13,"damage_taken":0},{"event_name":"Transmorgrifier","player_choice":"Transform","floor":14,"damage_taken":0},{"event_name":"Addict","player_choice":"Obtained Relic","floor":24,"damage_taken":0},{"event_name":"Drug Dealer","player_choice":"Got JAXXED","floor":29,"damage_taken":0},{"event_name":"The Moai Head","player_choice":"Gave Idol","floor":37,"damage_taken":0},{"event_name":"Winding Halls","player_choice":"Writhe","floor":45,"damage_taken":0},{"event_name":"The Lab","player_choice":"Got Potions","floor":47,"damage_taken":0}],"boss_relics":[{"not_picked":["Velvet Choker","Black Star"],"picked":"Snecko Eye"},{"not_picked":["Eternal Feather","Lizard Tail"],"picked":"Cursed Key"}],"potions_floor_spawned":[5,10,16,19,20,25,28,33],"seed_played":"-8260489866542924589","is_trial":false}