{"gold_per_floor":[111,126,138,138,21,50,50,80,130,130,150,184,53,81,81,185,185,205,130,130,144,144,208,208,219,219,219,219,252,264,295,295,393,393,409,72,72,72,91,91,0,54,77,89,100,125,125,157,157,157],"floor_reached":50,"playtime":3146,"items_purged":["Normality"],"score":805,"play_id":"08c373bf-7d95-4b8c-90b4-20c53112b7dd","local_time":"20190416042421","is_ascension_mode":true,"campfire_choices":[{"floor":10,"key":"REST"},{"data":"Zap","floor":15,"key":"SMITH"},{"data":"Defragment","floor":24,"key":"SMITH"},{"data":"Capacitor","floor":27,"key":"SMITH"},{"floor":32,"key":"REST"},{"floor":40,"key":"RECALL"},{"floor":49,"key":"REST"}],"neow_cost":"NONE","seed_source_timestamp":2754975791350903,"circlet_count":0,"master_deck":["Strike_B+1","Defend_B+1","Defend_B+1","Defend_B+1","Defend_B+1","Zap+1","Dualcast","Electrodynamics","Go for the Eyes","Ball Lightning","Reinforced Body","Conserve Battery","Doom and Gloom","Loop","Coolheaded","Capacitor+1","Glacier","Defragment+1","Amplify","Cold Snap","Streamline+1","Auto Shields+1","Steam+1","Double Energy+1","Ball Lightning+1","Biased Cognition","Buffer","Sunder+1","Panache","Enlightenment","Bandage Up","Regret","BootSequence+1","Decay","Conserve Battery+1","Madness","Madness"],"relics":["Cracked Core","Darkstone Periapt","Happy Flower","Mango","Bag of Preparation","Letter Opener","Unceasing Top","Cursed Key","Tiny Chest","Torii","MutagenicStrength","Kunai","Bag of Marbles","Inserter","Mummified Hand","Red Mask","Incense Burner","Pen Nib","Blood Vial","Art of War"],"potions_floor_usage":[12,14,16,31,33],"damage_taken":[{"damage":1,"enemies":"Cultist","floor":1,"turns":3},{"damage":3,"enemies":"Jaw Worm","floor":2,"turns":4},{"damage":0,"enemies":"Small Slimes","floor":3,"turns":2},{"damage":25,"enemies":"Lagavulin","floor":6,"turns":6},{"damage":20,"enemies":"3 Sentries","floor":8,"turns":5},{"damage":3,"enemies":"Exordium Wildlife","floor":11,"turns":2},{"damage":13,"enemies":"Gremlin Nob","floor":12,"turns":4},{"damage":3,"enemies":"Lagavulin","floor":14,"turns":4},{"damage":8,"enemies":"Slime Boss","floor":16,"turns":8},{"damage":0,"enemies":"3 Byrds","floor":18,"turns":4},{"damage":0,"enemies":"Shell Parasite","floor":21,"turns":4},{"damage":10,"enemies":"Slavers","floor":23,"turns":3},{"damage":5,"enemies":"Centurion and Healer","floor":25,"turns":5},{"damage":19,"enemies":"Book of Stabbing","floor":29,"turns":7},{"damage":0,"enemies":"Snecko","floor":30,"turns":6},{"damage":30,"enemies":"Gremlin Leader","floor":31,"turns":7},{"damage":14,"enemies":"Automaton","floor":33,"turns":9},{"damage":6,"enemies":"Orb Walker","floor":35,"turns":3},{"damage":12,"enemies":"3 Shapes","floor":39,"turns":2},{"damage":0,"enemies":"2 Orb Walkers","floor":42,"turns":3},{"damage":21,"enemies":"Spire Growth","floor":44,"turns":3},{"damage":1,"enemies":"Transient","floor":45,"turns":5},{"damage":24,"enemies":"Nemesis","floor":46,"turns":9},{"damage":24,"enemies":"Reptomancer","floor":48,"turns":5},{"damage":44,"enemies":"Time Eater","floor":50,"turns":12}],"seed_played":"3784598514449171530","potions_obtained":[{"floor":6,"key":"SpeedPotion"},{"floor":11,"key":"PowerPotion"},{"floor":12,"key":"Poison Potion"},{"floor":16,"key":"SteroidPotion"},{"floor":18,"key":"LiquidBronze"},{"floor":23,"key":"Block Potion"},{"floor":31,"key":"Explosive Potion"},{"floor":42,"key":"EntropicBrew"},{"floor":46,"key":"PowerPotion"}],"is_trial":false,"path_per_floor":["M","M","M","?","$","E","?","E","T","R","M","E","$","E","R","B",null,"M","?","?","M","$","E","R","M","T","R","?","E","M","E","R","B",null,"M","$","?","T","M","R","?","?","T","M","M","E","?","E","R","B"],"character_chosen":"DEFECT","items_purchased":["Conserve Battery","Doom and Gloom","Defragment","PowerPotion","Mummified Hand"],"campfire_rested":3,"item_purchase_floors":[5,5,13,13,36],"current_hp_per_floor":[74,71,71,46,46,21,21,15,15,41,38,25,25,22,22,14,70,70,70,70,70,70,60,60,55,61,61,61,42,42,12,40,26,78,72,72,62,68,60,60,60,64,70,49,52,32,19,1,33,0],"gold":157,"neow_bonus":"TRANSFORM_CARD","is_prod":false,"is_daily":false,"chose_seed":false,"campfire_upgraded":3,"win_rate":0,"timestamp":1555403061,"path_taken":["M","M","M","?","$","E","?","E","T","R","?","E","$","E","R","BOSS","M","?","?","M","$","E","R","M","T","R","?","E","?","E","R","BOSS","M","$","?","?","?","R","?","?","T","M","M","E","?","E","R","BOSS"],"build_version":"2019-01-23","purchased_purges":1,"victory":false,"max_hp_per_floor":[75,75,75,75,75,75,75,89,89,89,89,89,89,89,89,89,89,89,89,89,89,89,89,89,89,95,95,95,95,95,95,95,95,95,95,95,95,101,101,101,101,101,107,107,107,107,107,107,107,107],"card_choices":[{"not_picked":["Turbo","Redo"],"picked":"Go for the Eyes","floor":1},{"not_picked":["Barrage","Darkness"],"picked":"Ball Lightning","floor":2},{"not_picked":["Redo","Barrage"],"picked":"Reinforced Body","floor":3},{"not_picked":["Reprogram","Reinforced Body"],"picked":"Loop","floor":6},{"not_picked":["Heatsinks","Chaos"],"picked":"Coolheaded","floor":8},{"not_picked":["Steam","Auto Shields"],"picked":"Capacitor","floor":11},{"not_picked":["Stack","Chill"],"picked":"Glacier","floor":12},{"not_picked":["Gash","Barrage","Stack"],"picked":"SKIP","floor":14},{"not_picked":["Multi-Cast","Thunder Strike"],"picked":"Amplify","floor":16},{"not_picked":["Hello World+1","White Noise"],"picked":"Cold Snap","floor":18},{"not_picked":["Cold Snap","Beam Cell"],"picked":"Streamline+1","floor":21},{"not_picked":["Redo","Undo"],"picked":"Auto Shields+1","floor":23},{"not_picked":["Chill","Coolheaded"],"picked":"Steam+1","floor":25},{"not_picked":["Barrage","Stack+1"],"picked":"Double Energy+1","floor":29},{"not_picked":["Coolheaded","Fusion"],"picked":"Ball Lightning+1","floor":30},{"not_picked":["Leap","Doom and Gloom"],"picked":"Biased Cognition","floor":31},{"not_picked":["All For One","Electrodynamics"],"picked":"Buffer","floor":33},{"not_picked":["Sweeping Beam","Go for the Eyes+1"],"picked":"Sunder+1","floor":35},{"not_picked":["Deep Breath","Secret Weapon"],"picked":"Panache","floor":37},{"not_picked":["Madness","The Bomb"],"picked":"Enlightenment","floor":37},{"not_picked":["Sadistic Nature","Panacea"],"picked":"Bandage Up","floor":37},{"not_picked":["Ball Lightning+1","Doom and Gloom"],"picked":"BootSequence+1","floor":39},{"not_picked":["Undo+1","Melter+1"],"picked":"Conserve Battery+1","floor":44},{"not_picked":["Cold Snap+1","Stack+1","Sweeping Beam"],"picked":"SKIP","floor":45},{"not_picked":["Aggregate","Auto Shields+1","Turbo+1"],"picked":"SKIP","floor":46},{"not_picked":["Streamline+1","Redo","Fission"],"picked":"SKIP","floor":48}],"player_experience":201112,"relics_obtained":[{"floor":6,"key":"Happy Flower"},{"floor":8,"key":"Mango"},{"floor":9,"key":"Bag of Preparation"},{"floor":12,"key":"Letter Opener"},{"floor":14,"key":"Unceasing Top"},{"floor":23,"key":"Tiny Chest"},{"floor":26,"key":"Torii"},{"floor":29,"key":"Kunai"},{"floor":31,"key":"Bag of Marbles"},{"floor":42,"key":"Incense Burner"},{"floor":43,"key":"Pen Nib"},{"floor":46,"key":"Blood Vial"},{"floor":48,"key":"Art of War"}],"event_choices":[{"damage_healed":0,"gold_gain":0,"player_choice":"Success","damage_taken":25,"relics_obtained":["Darkstone Periapt"],"max_hp_gain":0,"max_hp_loss":0,"event_name":"Scrap Ooze","floor":4,"gold_loss":0},{"cards_removed":["Strike_B"],"damage_healed":0,"gold_gain":0,"player_choice":"Purged","damage_taken":0,"max_hp_gain":0,"max_hp_loss":0,"event_name":"Purifier","floor":7,"gold_loss":0},{"cards_removed":["Strike_B"],"damage_healed":0,"gold_gain":0,"player_choice":"Gave Gold","damage_taken":0,"max_hp_gain":0,"max_hp_loss":0,"event_name":"Beggar","floor":19,"gold_loss":75},{"damage_healed":0,"gold_gain":0,"player_choice":"Simplicity","damage_taken":0,"max_hp_gain":0,"max_hp_loss":0,"event_name":"Back to Basics","floor":20,"gold_loss":0,"cards_upgraded":["Strike_B","Defend_B","Defend_B","Defend_B","Defend_B"]},{"damage_healed":0,"gold_gain":0,"player_choice":"Inject Mutagens","damage_taken":0,"relics_obtained":["MutagenicStrength"],"max_hp_gain":0,"max_hp_loss":0,"event_name":"Drug Dealer","floor":28,"gold_loss":0},{"damage_healed":0,"gold_gain":0,"player_choice":"Memory 3","damage_taken":10,"max_hp_gain":0,"max_hp_loss":0,"event_name":"SensoryStone","floor":37,"gold_loss":0},{"damage_healed":0,"gold_gain":0,"player_choice":"Paid","damage_taken":0,"relics_obtained":["Red Mask"],"max_hp_gain":0,"max_hp_loss":0,"event_name":"Tomb of Lord Red Mask","floor":41,"gold_loss":91},{"damage_healed":0,"gold_gain":0,"player_choice":"Fight","damage_taken":0,"max_hp_gain":0,"max_hp_loss":0,"event_name":"Mysterious Sphere","floor":42,"gold_loss":0},{"damage_healed":0,"gold_gain":0,"player_choice":"Embrace Madness","damage_taken":13,"max_hp_gain":0,"max_hp_loss":0,"event_name":"Winding Halls","floor":47,"gold_loss":0,"cards_obtained":["Madness","Madness"]}],"is_beta":false,"boss_relics":[{"not_picked":["Ectoplasm","Runic Dome"],"picked":"Cursed Key"},{"not_picked":["Pandora\u0027s Box","White Beast Statue"],"picked":"Inserter"}],"items_purged_floors":[36],"is_endless":false,"potions_floor_spawned":[6,11,12,16,18,21,23,31,42,44,46],"killed_by":"Time Eater","ascension_level":5}