{"gold_per_floor":[118,129,207,157,157,157,187,214,241,271,284,284,304,317,317,417,417,433,447,447,48,66,66,99,99,172,172,185,213,223,242,242,347,347,360,370,389,402,402,430,440,440,465,477,67,80,111,111],"floor_reached":48,"playtime":6850,"items_purged":["Writhe"],"score":594,"play_id":"60b94fb4-89e8-4fc7-aa1e-675709c0f599","local_time":"20190305061659","is_ascension_mode":false,"campfire_choices":[{"data":"Cloak And Dagger","floor":6,"key":"SMITH"},{"floor":15,"key":"REST"},{"data":"Neutralize","floor":23,"key":"SMITH"},{"data":"Adrenaline","floor":25,"key":"SMITH"},{"data":"Backstab","floor":32,"key":"SMITH"},{"floor":42,"key":"REST"}],"neow_cost":"NONE","seed_source_timestamp":605093330916475,"circlet_count":0,"master_deck":["Defend_G","Defend_G","Defend_G","Strike_G+1","Strike_G+1","Strike_G","Survivor","Neutralize+1","Cloak And Dagger+1","Cloak And Dagger","Adrenaline","Escape Plan","Infinite Blades+1","Noxious Fumes+1","Expertise","Adrenaline+1","PiercingWail","Dodge and Roll","Backstab+1","Noxious Fumes+1","Footwork+1","Well Laid Plans+1","Deadly Poison","Dash","Cloak And Dagger","Predator","Escape Plan","Well Laid Plans+1","Envenom+1","Footwork+1","Flechettes+1","Catalyst","Choke"],"relics":["Ring of the Serpent","Gremlin Horn","Bottled Lightning","Frozen Egg 2","Bronze Scales","Omamori","Whetstone","Cursed Key","Lee\u0027s Waffle","Oddly Smooth Stone","Sundial","Pear","Anchor","Bag of Marbles","MawBank","Tingsha","Calipers"],"potions_floor_usage":[7,16,33,41,48],"damage_taken":[{"damage":1,"enemies":"Cultist","floor":1,"turns":3},{"damage":0,"enemies":"Jaw Worm","floor":2,"turns":4},{"damage":26,"enemies":"Lagavulin","floor":7,"turns":11},{"damage":14,"enemies":"3 Sentries","floor":10,"turns":9},{"damage":0,"enemies":"2 Louse","floor":11,"turns":1},{"damage":6,"enemies":"Large Slime","floor":13,"turns":5},{"damage":1,"enemies":"Looter","floor":14,"turns":3},{"damage":16,"enemies":"Hexaghost","floor":16,"turns":9},{"damage":8,"enemies":"Shell Parasite","floor":18,"turns":4},{"damage":11,"enemies":"2 Thieves","floor":19,"turns":4},{"damage":2,"enemies":"Centurion and Healer","floor":22,"turns":4},{"damage":14,"enemies":"Slavers","floor":24,"turns":5},{"damage":5,"enemies":"Sentry and Sphere","floor":28,"turns":5},{"damage":0,"enemies":"Book of Stabbing","floor":29,"turns":5},{"damage":0,"enemies":"Shelled Parasite and Fungi","floor":30,"turns":5},{"damage":3,"enemies":"Centurion and Healer","floor":31,"turns":6},{"damage":1,"enemies":"Automaton","floor":33,"turns":10},{"damage":0,"enemies":"Orb Walker","floor":35,"turns":3},{"damage":8,"enemies":"3 Darklings","floor":36,"turns":5},{"damage":0,"enemies":"Maw","floor":37,"turns":8},{"damage":37,"enemies":"Sphere and 2 Shapes","floor":38,"turns":6},{"damage":10,"enemies":"Nemesis","floor":40,"turns":7},{"damage":20,"enemies":"Spire Growth","floor":41,"turns":5},{"damage":39,"enemies":"Transient","floor":46,"turns":5},{"damage":21,"enemies":"Reptomancer","floor":47,"turns":5},{"damage":25,"enemies":"2 Orb Walkers","floor":48,"turns":2}],"seed_played":"-5882982226294583394","potions_obtained":[{"floor":1,"key":"Block Potion"},{"floor":11,"key":"AttackPotion"},{"floor":13,"key":"Strength Potion"},{"floor":18,"key":"Poison Potion"},{"floor":24,"key":"SmokeBomb"},{"floor":29,"key":"Swift Potion"},{"floor":35,"key":"Strength Potion"},{"floor":47,"key":"Regen Potion"}],"is_trial":false,"path_per_floor":["M","M","T","?","T","R","E","T","T","E","M","?","M","M","R","B",null,"M","M","?","$","M","R","E","R","T","?","M","E","M","M","R","B",null,"M","M","M","M","?","E","M","R","T","?","$","M","E","?"],"character_chosen":"THE_SILENT","items_purchased":["Footwork+1","Lee\u0027s Waffle","Oddly Smooth Stone","Tingsha","Catalyst"],"campfire_rested":2,"item_purchase_floors":[21,21,21,45,45],"current_hp_per_floor":[76,76,76,76,76,76,50,50,50,36,36,36,30,29,52,36,77,69,58,58,84,82,82,68,68,78,78,73,73,73,70,70,69,94,94,86,86,49,49,39,19,47,47,71,71,32,11,0],"gold":111,"neow_bonus":"TEN_PERCENT_HP_BONUS","is_prod":false,"is_daily":false,"chose_seed":false,"campfire_upgraded":4,"win_rate":0.0,"timestamp":1551784619,"path_taken":["M","M","?","?","?","R","E","?","T","E","M","?","?","M","R","BOSS","M","M","?","$","M","R","E","R","T","?","M","E","M","M","R","BOSS","M","M","M","M","?","E","?","R","T","?","$","M","E","?"],"build_version":"2019-01-23","purchased_purges":1,"victory":false,"max_hp_per_floor":[77,77,77,77,77,77,77,77,77,77,77,77,77,77,77,77,77,77,77,77,84,84,84,84,84,94,94,94,94,94,94,94,94,94,94,94,94,94,94,94,94,94,94,94,94,94,94,94],"card_choices":[{"not_picked":["Endless Agony","Quick Slash"],"picked":"Cloak And Dagger","floor":1},{"not_picked":["Reflex","Masterful Stab"],"picked":"Cloak And Dagger","floor":2},{"not_picked":["Skewer","Slice"],"picked":"Adrenaline","floor":7},{"not_picked":["Slice","PiercingWail"],"picked":"Escape Plan","floor":10},{"not_picked":["Caltrops+1","Deadly Poison"],"picked":"Infinite Blades+1","floor":11},{"not_picked":["PiercingWail","Quick Slash"],"picked":"Noxious Fumes+1","floor":13},{"not_picked":["Deadly Poison","Prepared"],"picked":"Expertise","floor":14},{"not_picked":["Malaise","Doppelganger"],"picked":"Adrenaline","floor":16},{"not_picked":["Endless Agony","Dodge and Roll"],"picked":"PiercingWail","floor":18},{"not_picked":["Sucker Punch","Poisoned Stab+1"],"picked":"Dodge and Roll","floor":19},{"not_picked":["Bane","Prepared+1"],"picked":"Well Laid Plans+1","floor":22},{"not_picked":["Choke","All Out Attack"],"picked":"Deadly Poison","floor":24},{"not_picked":["Bullet Time","Slice"],"picked":"Cloak And Dagger","floor":28},{"not_picked":["Blade Dance","Reflex"],"picked":"Predator","floor":29},{"not_picked":["Dash","Dagger Spray"],"picked":"Escape Plan","floor":30},{"not_picked":["Reflex","Underhanded Strike"],"picked":"Well Laid Plans+1","floor":31},{"not_picked":["Die Die Die","Unload"],"picked":"Envenom+1","floor":33},{"not_picked":["Prepared+1","Predator"],"picked":"Footwork+1","floor":35},{"not_picked":["All Out Attack+1","Acrobatics+1","Blade Dance+1"],"picked":"SKIP","floor":36},{"not_picked":["Deflect","Outmaneuver"],"picked":"Flechettes+1","floor":37},{"not_picked":["Bane+1","Acrobatics","Outmaneuver+1"],"picked":"SKIP","floor":38},{"not_picked":["Poisoned Stab","Underhanded Strike","Quick Slash"],"picked":"SKIP","floor":40},{"not_picked":["Reflex","Unload","Underhanded Strike"],"picked":"SKIP","floor":41},{"not_picked":["Poisoned Stab","Tactician+1"],"picked":"Choke","floor":46},{"not_picked":["Prepared","Acrobatics+1","Underhanded Strike+1"],"picked":"SKIP","floor":47}],"player_experience":51288,"relics_obtained":[{"floor":3,"key":"Gremlin Horn"},{"floor":5,"key":"Bottled Lightning"},{"floor":7,"key":"Frozen Egg 2"},{"floor":8,"key":"Bronze Scales"},{"floor":9,"key":"Omamori"},{"floor":10,"key":"Whetstone"},{"floor":24,"key":"Sundial"},{"floor":26,"key":"Pear"},{"floor":29,"key":"Anchor"},{"floor":40,"key":"Bag of Marbles"},{"floor":43,"key":"MawBank"},{"floor":47,"key":"Calipers"}],"event_choices":[{"cards_removed":["Defend_G"],"damage_healed":0,"gold_gain":0,"player_choice":"Card Removal","damage_taken":0,"max_hp_gain":0,"max_hp_loss":0,"event_name":"The Cleric","floor":4,"gold_loss":50},{"damage_healed":0,"gold_gain":0,"player_choice":"Ignored","damage_taken":0,"max_hp_gain":0,"max_hp_loss":0,"event_name":"Liars Game","floor":12,"gold_loss":0},{"damage_healed":0,"gold_gain":0,"cards_transformed":["Defend_G","Strike_G"],"player_choice":"Became Test Subject","damage_taken":0,"max_hp_gain":0,"max_hp_loss":0,"event_name":"Drug Dealer","floor":20,"gold_loss":0,"cards_obtained":["Backstab","Noxious Fumes"]},{"damage_healed":0,"gold_gain":0,"player_choice":"Read","damage_taken":0,"max_hp_gain":0,"max_hp_loss":0,"event_name":"The Library","floor":27,"gold_loss":0,"cards_obtained":["Dash"]},{"cards_removed":["Strike_G"],"damage_healed":0,"gold_gain":0,"player_choice":"Purged","damage_taken":0,"max_hp_gain":0,"max_hp_loss":0,"event_name":"Purifier","floor":39,"gold_loss":0},{"damage_healed":24,"gold_gain":0,"player_choice":"Writhe","damage_taken":0,"max_hp_gain":0,"max_hp_loss":0,"event_name":"Winding Halls","floor":44,"gold_loss":0,"cards_obtained":["Writhe"]},{"damage_healed":0,"gold_gain":0,"player_choice":"Fight","damage_taken":0,"max_hp_gain":0,"max_hp_loss":0,"event_name":"Mysterious Sphere","floor":48,"gold_loss":0}],"is_beta":false,"boss_relics":[{"not_picked":["Fusion Hammer","Lizard Tail"],"picked":"Cursed Key"},{"not_picked":["Runic Dome","Coffee Dripper"],"picked":"Ring of the Serpent"}],"items_purged_floors":[45],"is_endless":false,"potions_floor_spawned":[1,11,13,18,24,29,35,38,47],"killed_by":"2 Orb Walkers","ascension_level":0}