{"gold_per_floor":[110,285,285,298,314,346,346,356,382,396,410,410,410],"floor_reached":13,"playtime":699,"items_purged":[],"score":87,"play_id":"31b92d89-d4e4-48cc-ad3a-044cdbff576d","local_time":"20190303212808","is_ascension_mode":false,"campfire_choices":[{"floor":7,"key":"REST"},{"floor":12,"key":"REST"}],"neow_cost":"NONE","seed_source_timestamp":493119682678140,"circlet_count":0,"master_deck":["Strike_R","Strike_R","Strike_R","Strike_R","Strike_R","Defend_R","Defend_R","Defend_R","Defend_R","Bash+1","Warcry","Doubt","Thunderclap+1","Pommel Strike","Combust","Dual Wield","Armaments","Impervious"],"relics":["Burning Blood","NeowsBlessing","FaceOfCleric","Whetstone","Bronze Scales"],"potions_floor_usage":[],"damage_taken":[{"damage":0,"enemies":"Small Slimes","floor":1,"turns":1},{"damage":0,"enemies":"Cultist","floor":4,"turns":1},{"damage":0,"enemies":"2 Louse","floor":5,"turns":1},{"damage":58,"enemies":"3 Sentries","floor":6,"turns":8},{"damage":3,"enemies":"Large Slime","floor":8,"turns":5},{"damage":15,"enemies":"2 Fungi Beasts","floor":10,"turns":3},{"damage":35,"enemies":"Exordium Wildlife","floor":11,"turns":3},{"damage":53,"enemies":"Gremlin Nob","floor":13,"turns":4}],"seed_played":"-2304077694825699904","potions_obtained":[{"floor":6,"key":"EntropicBrew"},{"floor":10,"key":"EssenceOfSteel"},{"floor":11,"key":"Regen Potion"}],"is_trial":false,"path_per_floor":["M","?","?","M","M","E","R","M","T","M","M","R","E"],"character_chosen":"IRONCLAD","items_purchased":[],"campfire_rested":2,"item_purchase_floors":[],"current_hp_per_floor":[80,80,80,81,82,31,55,59,59,51,23,48,0],"gold":410,"neow_bonus":"THREE_ENEMY_KILL","is_prod":false,"is_daily":false,"chose_seed":false,"campfire_upgraded":0,"win_rate":0.0,"timestamp":1551666488,"path_taken":["M","?","?","M","M","E","R","M","T","M","M","R","E"],"build_version":"2019-01-23","purchased_purges":0,"victory":false,"max_hp_per_floor":[80,80,80,81,82,83,83,84,84,85,86,86,86],"card_choices":[{"not_picked":["Perfected Strike","Sword Boomerang"],"picked":"Warcry","floor":1},{"not_picked":["Warcry","Pommel Strike"],"picked":"Thunderclap","floor":4},{"not_picked":["Headbutt","Corruption"],"picked":"Pommel Strike","floor":5},{"not_picked":["Clash","Blood for Blood"],"picked":"Combust","floor":6},{"not_picked":["True Grit","Anger"],"picked":"Dual Wield","floor":8},{"not_picked":["Headbutt","Sword Boomerang"],"picked":"Armaments","floor":10},{"not_picked":["Reckless Charge","Pommel Strike"],"picked":"Impervious","floor":11}],"player_experience":19688,"relics_obtained":[{"floor":6,"key":"Whetstone"},{"floor":9,"key":"Bronze Scales"}],"event_choices":[{"damage_healed":0,"gold_gain":175,"player_choice":"AGREE","damage_taken":0,"max_hp_gain":0,"max_hp_loss":0,"event_name":"Liars Game","floor":2,"gold_loss":0,"cards_obtained":["Doubt"]},{"damage_healed":0,"gold_gain":0,"player_choice":"Trade","damage_taken":0,"relics_obtained":["FaceOfCleric"],"max_hp_gain":0,"max_hp_loss":0,"event_name":"FaceTrader","floor":3,"gold_loss":0}],"is_beta":false,"boss_relics":[],"items_purged_floors":[],"is_endless":false,"potions_floor_spawned":[6,10,11],"killed_by":"Gremlin Nob","ascension_level":0}