{"gold_per_floor":[110,110,110,126,59,59,72,72,72,90,108,108,108,126,126,126],"floor_reached":16,"playtime":391,"items_purged":[],"score":120,"play_id":"127cf7eb-8c90-4693-ac79-e5ee3a096fd7","local_time":"20190427185444","is_ascension_mode":true,"campfire_choices":[{"floor":6,"key":"REST"},{"data":"Zap","floor":8,"key":"SMITH"},{"floor":12,"key":"REST"},{"floor":15,"key":"REST"}],"neow_cost":"PERCENT_DAMAGE","seed_source_timestamp":264492775587800,"circlet_count":0,"master_deck":["Strike_B","Strike_B","Strike_B","Strike_B","Defend_B","Defend_B","Defend_B","Zap+1","Dualcast","Capacitor","FTL"],"relics":["Cracked Core","WingedGreaves"],"potions_floor_usage":[10,11,14,16,16],"damage_taken":[{"damage":1,"enemies":"Cultist","floor":1,"turns":4},{"damage":8,"enemies":"Small Slimes","floor":4,"turns":3},{"damage":5,"enemies":"2 Louse","floor":7,"turns":2},{"damage":30,"enemies":"Gremlin Gang","floor":10,"turns":3},{"damage":11,"enemies":"Blue Slaver","floor":11,"turns":3},{"damage":13,"enemies":"Large Slime","floor":14,"turns":4},{"damage":55,"enemies":"Slime Boss","floor":16,"turns":9}],"seed_played":"-8730243925001119217","potions_obtained":[{"floor":7,"key":"LiquidBronze"},{"floor":10,"key":"EntropicBrew"}],"is_trial":false,"path_per_floor":["M","?","$","M","$","R","M","R","T","M","M","R","$","M","R","B"],"character_chosen":"DEFECT","items_purchased":["Capacitor"],"campfire_rested":3,"item_purchase_floors":[5],"current_hp_per_floor":[49,49,49,41,41,63,58,58,58,28,17,39,39,26,48,0],"gold":126,"neow_bonus":"ONE_RARE_RELIC","is_prod":false,"is_daily":false,"chose_seed":false,"campfire_upgraded":1,"win_rate":0,"timestamp":1556405684,"path_taken":["M","?","$","?","$","R","M","R","T","?","M","R","$","M","R","BOSS"],"build_version":"2019-01-23","purchased_purges":0,"victory":false,"max_hp_per_floor":[75,75,75,75,75,75,75,75,75,75,75,75,75,75,75,75],"card_choices":[{"not_picked":["Compile Driver","Stack","Turbo"],"picked":"SKIP","floor":1},{"not_picked":["Hello World","Fusion","Gash"],"picked":"SKIP","floor":4},{"not_picked":["Heatsinks","Barrage","Stack"],"picked":"SKIP","floor":7},{"not_picked":["Static Discharge","Skim","Scrape"],"picked":"SKIP","floor":10},{"not_picked":["Hologram","Blizzard","Stack"],"picked":"SKIP","floor":11},{"not_picked":["Turbo","Auto Shields"],"picked":"FTL","floor":14}],"player_experience":207304,"relics_obtained":[],"event_choices":[{"cards_removed":["Defend_B"],"damage_healed":0,"gold_gain":0,"player_choice":"Purged","damage_taken":0,"max_hp_gain":0,"max_hp_loss":0,"event_name":"Purifier","floor":2,"gold_loss":0}],"is_beta":false,"boss_relics":[],"items_purged_floors":[],"is_endless":false,"potions_floor_spawned":[7,10,11],"killed_by":"Slime Boss","ascension_level":6}