{"gold_per_floor":[116,132,147,17,17,52,52,0,0,11,30,30,61,78,78,151,151],"floor_reached":17,"playtime":680,"items_purged":[],"score":334,"play_id":"123ba364-28f4-4c4c-827b-a52aa9a555b2","local_time":"20190706021532","is_ascension_mode":true,"campfire_choices":[{"data":"Bash","floor":7,"key":"SMITH"},{"data":"Pommel Strike","floor":12,"key":"SMITH"},{"floor":15,"key":"REST"}],"neow_cost":"NONE","seed_source_timestamp":258728833828736,"circlet_count":0,"master_deck":["AscendersBane","Strike_R","Strike_R","Strike_R","Strike_R","Strike_R","Defend_R","Defend_R","Defend_R","Defend_R","Bash+1","Anger","Seeing Red","Sever Soul","Shrug It Off","Clothesline","Pommel Strike+1","Shrug It Off","Barricade","True Grit","Juggernaut"],"relics":["Burning Blood","NeowsBlessing","Self Forming Clay","Bird Faced Urn","Sundial","Ornamental Fan"],"potions_floor_usage":[6,6,16],"damage_taken":[{"damage":0,"enemies":"Cultist","floor":1,"turns":1},{"damage":0,"enemies":"Jaw Worm","floor":2,"turns":1},{"damage":0,"enemies":"Small Slimes","floor":3,"turns":1},{"damage":18,"enemies":"3 Sentries","floor":6,"turns":6},{"damage":3,"enemies":"Looter","floor":10,"turns":3},{"damage":15,"enemies":"Exordium Wildlife","floor":11,"turns":3},{"damage":29,"enemies":"Lagavulin","floor":13,"turns":7},{"damage":8,"enemies":"3 Louse","floor":14,"turns":3},{"damage":32,"enemies":"Hexaghost","floor":16,"turns":11}],"seed_played":"4933519705157627351","potions_obtained":[{"floor":1,"key":"PowerPotion"},{"floor":3,"key":"EssenceOfSteel"},{"floor":14,"key":"Ancient Potion"},{"floor":16,"key":"Regen Potion"}],"is_trial":false,"path_per_floor":["M","M","M","$","?","E","R","$","T","M","M","R","E","M","R","B",null],"character_chosen":"IRONCLAD","items_purchased":["Shrug It Off","Battle Trance","Clothesline"],"campfire_rested":1,"item_purchase_floors":[4,4,8],"current_hp_per_floor":[74,75,75,75,75,63,63,63,63,66,57,57,34,32,54,30,30],"gold":151,"neow_bonus":"THREE_ENEMY_KILL","is_prod":false,"is_daily":false,"chose_seed":false,"campfire_upgraded":2,"win_rate":0,"timestamp":1562346932,"path_taken":["M","M","?","$","?","E","R","?","T","M","?","R","E","M","R","BOSS"],"build_version":"2019-07-01","purchased_purges":0,"victory":false,"max_hp_per_floor":[75,75,75,75,75,75,75,75,75,75,75,75,75,75,75,75,75],"card_choices":[{"not_picked":["Entrench","Burning Pact"],"picked":"Anger","floor":1},{"not_picked":["Dropkick","Anger"],"picked":"Seeing Red","floor":2},{"not_picked":["Burning Pact","Clash"],"picked":"Sever Soul","floor":3},{"not_picked":["Clash","Heavy Blade","Havoc"],"picked":"SKIP","floor":6},{"not_picked":["Burning Pact","Dark Embrace"],"picked":"Pommel Strike","floor":10},{"not_picked":["Thunderclap","Sword Boomerang"],"picked":"Shrug It Off","floor":11},{"not_picked":["Dual Wield","Combust"],"picked":"Barricade","floor":13},{"not_picked":["Perfected Strike","Pummel"],"picked":"True Grit","floor":14},{"not_picked":["Fiend Fire","Reaper"],"picked":"Juggernaut","floor":16}],"player_experience":679663,"relics_obtained":[{"floor":6,"key":"Bird Faced Urn"},{"floor":9,"key":"Sundial"},{"floor":13,"key":"Ornamental Fan"}],"event_choices":[{"cards_removed":["Battle Trance"],"damage_healed":0,"gold_gain":0,"player_choice":"Gave Card","damage_taken":0,"relics_obtained":["Self Forming Clay"],"max_hp_gain":0,"max_hp_loss":0,"event_name":"WeMeetAgain","floor":5,"gold_loss":0}],"is_beta":false,"boss_relics":[],"items_purged_floors":[],"is_endless":false,"potions_floor_spawned":[1,3,14,16],"ascension_level":20}