{"gold_per_floor":[279],"floor_reached":1,"playtime":383,"items_purged":[],"score":110,"play_id":"3d1fc0e2-66fe-4bc0-8c1b-3f5b72d7c067","local_time":"20190508233348","daily_mods":["Diverse"],"is_ascension_mode":true,"campfire_choices":[],"neow_cost":"","seed_source_timestamp":0,"circlet_count":0,"master_deck":["infinitespire:Collect","Apotheosis","Neutralize+1","Slice","Dagger Throw","Bane","Dagger Spray","Poisoned Stab","Quick Slash","Sucker Punch","Flying Knee","Underhanded Strike","Skewer","Masterful Stab","Backstab","Endless Agony","Dash","Heel Hook","All Out Attack","Finisher","Flechettes","Riddle With Holes","Predator","Choke","Eviscerate","ReplayTheSpireMod:From All Sides","Atom Bomb","Glass Knife","Unload","Die Die Die","Grand Finale","Survivor","Prepared","Deflect","Dodge and Roll","Cloak And Dagger","Hidden Blade","Acrobatics","Backflip","Outmaneuver","PiercingWail","Blade Dance+1","Deadly Poison","Tactician","Reflex","ReplayTheSpireMod:Speed Training","ReplayTheSpireMod:Shiv Toss","Calculated Gamble","Escape Plan","Concentrate","ReplayTheSpireMod:The Works","ReplayTheSpireMod:Exploit Weakness","Terror","Setup","Expertise","Bouncing Flask","Catalyst+1","Blur","Distraction","Toxin Wave","ReplayTheSpireMod:Tripwire","Leg Sweep","Crippling Poison","Replay:Poison Smokescreen","Draining Mist","Malaise","Replay:Bag of Tricks","Poison Darts","Doppelganger","Sneak Up","Adrenaline","Burst","Venomology","infinitespire:Neurotoxin","ReplayTheSpireMod:Necrosis","Bullet Time","Night Terror","Storm of Steel","Phantasmal Killer","Corpse Explosion","Well Laid Plans","Footwork","ReplayTheSpireMod:Scrap Shanks","Noxious Fumes","Caltrops","After Image","Tools of the Trade","Fluid Movement","Infinite Blades","Accuracy","Envenom","A Thousand Cuts","Wraith Form v2","Bash","Replay:Undeath\u0027s Touch","Clash+1","Anger","Run Through","Body Slam","Thunderclap","Pommel Strike","Twin Strike","ReplayTheSpireMod:Strike From Hell","Sword Boomerang","Wild Strike","Headbutt","Iron Wave","Whirlwind","Perfected Strike","Clothesline","Heavy Blade","Cleave","Reckless Charge","infinitespire:OneForAll","Dropkick","Rampage","Pummel","Searing Blow","Carnage","Massacre","Hemokinesis","ReplayTheSpireMod:LeadingStrike","Sever Soul","Uppercut","ReplayTheSpireMod:Limb From Limb","Blood for Blood","Feed","Hemogenesis","Bludgeon","Immolate","Reaper","Fiend Fire","Flex","Warcry","True Grit","Havoc","Bloodletting","ReplayTheSpireMod:Muscle Training","Rage","Shrug It Off","Armaments","Battle Trance","Abandon","Intimidate","Ghostly Armor","Second Wind","ReplayTheSpireMod:Corrosion Curse","Power Through","ReplayTheSpireMod:Stacked","ReplayReversal","Sentinel","Disarm","Seeing Red","Burning Pact","Infernal Blade","Dual Wield","Defy Death","Flame Barrier","Shockwave","Entrench","Spot Weakness","Demonic Infusion","Replay:Many Hands","Offering","Double Tap","Exhume","Rupture","Fire Breathing","Eclipse","Impervious","Limit Break","Life Link","Metallicize","Inflame","Evolve","Feel No Pain","Dark Embrace","Brutality","Berserk","Corruption","Combust","Juggernaut","Demon Form","Barricade","Creative AI","Machine Learning","Biased Cognition","Buffer","Electrodynamics","Echo Form","FIFO Queue+1","Storm","ReplayTheSpireMod:GoodbyeWorld","Self Repair","Defragment","Capacitor","Heatsinks","Static Discharge","Loop","Hello World","Crystallizer","Rainbow","Mirror Shield","Amplify","Fission","Force Field","Multi-Cast","ReplayRNGCard","Seek","Reboot","Glacier","Consume","Undo","Fusion","Aggregate","Recycle","Auto Shields","Darkness","ReplaySort","Chaos","ReplayTheSpireMod:System Scan","Skim","Time Bomb","Genetic Algorithm","Double Energy","ReplayTheSpireMod:Reroute Power","ReplayTheSpireMod:Calculation Training","ReplayTheSpireMod:Repulse","ReplaySolidLightProjector","White Noise","Steam Power","Chill","BootSequence","Reprogram","Tempest","Stack","Redo","Coolheaded","BasicCrystalCard","Reinforced Body","Conserve Battery","Hologram","Leap","Panic Button","Turbo","Meteor Strike","Defend_B","Zap","Dualcast","Steam","Thunder Strike","ReplayTheSpireMod:Omega Cannon","All For One","Hyperbeam","Core Surge","Scrape","Melter","Doom and Gloom","ReplayGash","Sunder","Blizzard","Rip and Tear","Lockon","FTL","Streamline","Compile Driver","Ball Lightning","Cold Snap","Sweeping Beam","Rebound","Barrage","Gash","Go for the Eyes","Beam Cell","AbeCurse"],"relics":["Burning Blood","Abe\u0027s Treasure","Replay:Accelerometer","Anchor","Ancient Tea Set","Another Sword","Ancient Bracer","Arrowhead","Art of War","Bag of Marbles","WristBlade","WingedGreaves","White Beast Statue","Whetstone","Replay:Wax Seal","Replay:WaspNest","infinitespire:WardingShard","War Paint","Replay:Wanted Poster","Velvet Choker","Vampiric Spirits","Vajra","Unceasing Top","TwistedFunnel","Turnip","Toy Ornithopter","Toxic Egg 2","Replay:Towering Pillar of Hats","Tough Bandages","Torii","TheAbacus","Boot","The Courier","The Specimen","Thread and Needle","ReplayTheSpireMod:TigerMarble","Tingsha","Tiny Chest","Tiny House"],"potions_floor_usage":[],"damage_taken":[{"damage":0,"enemies":"2 Louse","floor":1,"turns":1}],"seed_played":"-6520148841022390904","potions_obtained":[{"floor":0,"key":"LifebloodPotion"}],"is_trial":true,"path_per_floor":["M"],"character_chosen":"IRONCLAD","items_purchased":[],"campfire_rested":0,"item_purchase_floors":[],"current_hp_per_floor":[80],"gold":279,"neow_bonus":"","is_prod":false,"is_daily":false,"chose_seed":false,"campfire_upgraded":0,"win_rate":0,"timestamp":1557372828,"path_taken":["M"],"build_version":"2019-01-23","purchased_purges":0,"victory":false,"max_hp_per_floor":[80],"card_choices":[],"player_experience":280275,"relics_obtained":[],"event_choices":[],"is_beta":false,"boss_relics":[],"items_purged_floors":[],"is_endless":false,"potions_floor_spawned":[],"killed_by":"2 Louse","ascension_level":20}