{"gold_per_floor":[112,130,130,140,152,152,179,66,66,85,85,108,108,159,171,285,297,329,353,384,176,176,176,194,229,255,255,8,8,27,27,27,129,129,142,417,427,440,25,25,25,25,25,60,70,70,95,112,112,112],"floor_reached":50,"playtime":2650,"items_purged":[],"score":701,"play_id":"6a2a4dea-1611-41cd-8c92-2e5644594fdf","local_time":"20190429002241","is_ascension_mode":true,"campfire_choices":[{"floor":6.0,"key":"REST"},{"data":"Hyperbeam","floor":11.0,"key":"SMITH"},{"data":"White Noise","floor":13.0,"key":"SMITH"},{"floor":15.0,"key":"REST"},{"floor":23.0,"key":"REST"},{"floor":27.0,"key":"REST"},{"floor":29.0,"key":"REST"},{"data":"Echo Form","floor":32.0,"key":"SMITH"},{"data":"Loop","floor":40.0,"key":"SMITH"},{"data":"Chaos","floor":42.0,"key":"SMITH"},{"floor":46.0,"key":"REST"},{"floor":49.0,"key":"REST"}],"neow_cost":"NONE","seed_source_timestamp":367909847206700,"circlet_count":0,"master_deck":["Strike_B","Strike_B","Strike_B","Defend_B","Defend_B","Zap+1","Dualcast+1","Coolheaded+1","White Noise+1","Hyperbeam+1","Cold Snap","Echo Form+1","White Noise+1","Glacier","Conserve Battery","Self Repair","White Noise","Core Surge","Beam Cell+1","Force Field+1","Chill+1","Chaos+1","Regret","Blizzard+1","Loop+1","Amplify","Loop+1","Heatsinks+1","Meteor Strike","Conserve Battery+1"],"special_seed":0,"relics":["Cracked Core","War Paint","Ornamental Fan","Tiny Chest","Thread and Needle","MawBank","Velvet Choker","Bronze Scales","Bird Faced Urn","Smiling Mask","Mummified Hand","Vajra","Astrolabe","ClockworkSouvenir","Strawberry","Prayer Wheel","Orichalcum"],"potions_floor_usage":[],"damage_taken":[{"damage":12.0,"enemies":"Jaw Worm","floor":1.0,"turns":2.0},{"damage":0.0,"enemies":"Cultist","floor":2.0,"turns":2.0},{"damage":1.0,"enemies":"2 Louse","floor":4.0,"turns":2.0},{"damage":21.0,"enemies":"Exordium Wildlife","floor":5.0,"turns":4.0},{"damage":13.0,"enemies":"Lagavulin","floor":7.0,"turns":8.0},{"damage":0.0,"enemies":"3 Louse","floor":10.0,"turns":1.0},{"damage":7.0,"enemies":"The Guardian","floor":16.0,"turns":11.0},{"damage":13.0,"enemies":"2 Thieves","floor":18.0,"turns":2.0},{"damage":6.0,"enemies":"3 Byrds","floor":19.0,"turns":5.0},{"damage":0.0,"enemies":"Cultist and Chosen","floor":20.0,"turns":9.0},{"damage":18.0,"enemies":"Colosseum Slavers","floor":22.0,"turns":3.0},{"damage":7.0,"enemies":"Snake Plant","floor":24.0,"turns":3.0},{"damage":36.0,"enemies":"Gremlin Leader","floor":25.0,"turns":6.0},{"damage":13.0,"enemies":"Shelled Parasite and Fungi","floor":30.0,"turns":5.0},{"damage":55.0,"enemies":"Champ","floor":33.0,"turns":18.0},{"damage":0.0,"enemies":"3 Shapes","floor":35.0,"turns":5.0},{"damage":15.0,"enemies":"Orb Walker","floor":37.0,"turns":4.0},{"damage":22.0,"enemies":"Maw","floor":38.0,"turns":8.0},{"damage":50.0,"enemies":"Reptomancer","floor":44.0,"turns":5.0},{"damage":22.0,"enemies":"4 Shapes","floor":45.0,"turns":5.0},{"damage":56.0,"enemies":"Nemesis","floor":47.0,"turns":9.0},{"damage":2.0,"enemies":"Spire Growth","floor":48.0,"turns":5.0},{"damage":88,"enemies":"Time Eater","floor":50,"turns":7}],"seed_played":"5682975465408539704","potions_obtained":[{"floor":2.0,"key":"Swift Potion"},{"floor":10.0,"key":"Regen Potion"},{"floor":18.0,"key":"Ancient Potion"},{"floor":19.0,"key":"Block Potion"},{"floor":25.0,"key":"Energy Potion"},{"floor":30.0,"key":"Block Potion"},{"floor":35.0,"key":"Regen Potion"},{"floor":44.0,"key":"SpeedPotion"},{"floor":47.0,"key":"SteroidPotion"}],"is_trial":false,"path_per_floor":["M","M","?","M","M","R","E","$","T","M","R","T","R","T","R","B",null,"M","M","M","$","?","R","M","E","T","R","$","R","M","T","R","B",null,"M","?","M","M","$","R","?","R","T","E","M","R","E","M","R","B"],"character_chosen":"DEFECT","items_purchased":["Tiny Chest","Bronze Scales","Self Repair","Mummified Hand","Loop","ClockworkSouvenir","Amplify"],"campfire_rested":7,"item_purchase_floors":[8,21,21,28,39,39,39],"current_hp_per_floor":[56,56,56,55,34,56,43,43,43,43,43,43,43,43,65,71,74,61,55,55,55,44,66,59,23,23,45,45,67,75,75,75,29,64,75,75,73,75,75,75,75,75,82,40,22,46,28,47,71,0],"gold":112,"neow_bonus":"RANDOM_COMMON_RELIC","is_prod":false,"is_daily":false,"chose_seed":false,"campfire_upgraded":5,"win_rate":0,"timestamp":1556511761,"path_taken":["M","M","?","M","M","R","E","$","T","M","R","?","R","?","R","BOSS","M","M","?","$","?","R","M","E","T","R","$","R","M","?","R","BOSS","M","?","?","?","$","R","?","R","T","E","M","R","E","?","R","BOSS"],"build_version":"2019-01-23","purchased_purges":0,"victory":false,"max_hp_per_floor":[75,75,75,75,75,75,75,75,75,75,75,75,75,75,75,75,75,75,75,75,75,75,75,75,75,75,75,75,75,75,75,75,75,75,75,75,75,75,75,75,75,75,82,82,82,82,82,82,82,82],"card_choices":[{"not_picked":["Barrage","Reprogram"],"picked":"Coolheaded","floor":1.0},{"not_picked":["Sweeping Beam","Coolheaded","Rebound"],"picked":"SKIP","floor":2.0},{"not_picked":["Streamline","Compile Driver"],"picked":"White Noise","floor":4.0},{"not_picked":["Tempest","Stack","Skim"],"picked":"SKIP","floor":5.0},{"not_picked":["Beam Cell","Streamline"],"picked":"Hyperbeam","floor":7.0},{"not_picked":["Compile Driver","Steam"],"picked":"Cold Snap","floor":10.0},{"not_picked":["Hyperbeam","Core Surge"],"picked":"Echo Form","floor":16.0},{"not_picked":["Stack","Chaos"],"picked":"White Noise+1","floor":18.0},{"not_picked":["Ball Lightning","Coolheaded"],"picked":"Glacier","floor":19.0},{"not_picked":["Leap","Cold Snap"],"picked":"Conserve Battery","floor":20.0},{"not_picked":["Beam Cell","Streamline"],"picked":"White Noise","floor":24.0},{"not_picked":["Double Energy","Coolheaded","Auto Shields"],"picked":"SKIP","floor":25.0},{"not_picked":["Hologram","Cold Snap","Sunder"],"picked":"SKIP","floor":30.0},{"not_picked":["Hyperbeam","Reboot"],"picked":"Core Surge","floor":33.0},{"not_picked":["Gash+1","Beam Cell+1"],"picked":"Chaos","floor":35.0},{"not_picked":["Streamline","Sweeping Beam+1"],"picked":"Blizzard+1","floor":37.0},{"not_picked":["Reboot","Compile Driver","Turbo"],"picked":"SKIP","floor":38.0},{"not_picked":["Beam Cell","Turbo","FTL+1"],"picked":"SKIP","floor":44.0},{"not_picked":["Leap+1","Ball Lightning"],"picked":"Heatsinks+1","floor":45.0},{"not_picked":["Beam Cell","Rebound+1","Leap+1"],"picked":"SKIP","floor":45.0},{"not_picked":["Ball Lightning","Streamline"],"picked":"Meteor Strike","floor":47.0},{"not_picked":["Compile Driver","Streamline"],"picked":"Conserve Battery+1","floor":48.0},{"not_picked":["Conserve Battery","Sweeping Beam","Streamline"],"picked":"SKIP","floor":48.0}],"player_experience":217096,"relics_obtained":[{"floor":7.0,"key":"Ornamental Fan"},{"floor":9.0,"key":"Thread and Needle"},{"floor":14.0,"key":"MawBank"},{"floor":25.0,"key":"Bird Faced Urn"},{"floor":26.0,"key":"Smiling Mask"},{"floor":31.0,"key":"Vajra"},{"floor":43.0,"key":"Strawberry"},{"floor":44.0,"key":"Prayer Wheel"},{"floor":47.0,"key":"Orichalcum"}],"event_choices":[{"damage_healed":0.0,"max_hp_gain":0.0,"max_hp_loss":0.0,"gold_gain":0.0,"event_name":"Living Wall","player_choice":"Grow","floor":3.0,"gold_loss":0.0,"damage_taken":0.0,"cards_upgraded":["Coolheaded"]},{"damage_healed":0.0,"max_hp_gain":0.0,"max_hp_loss":0.0,"gold_gain":0.0,"event_name":"Colosseum","player_choice":"Fight","floor":22.0,"gold_loss":0.0,"damage_taken":0.0},{"damage_healed":0.0,"max_hp_gain":0.0,"max_hp_loss":0.0,"gold_gain":0.0,"event_name":"Colosseum","player_choice":"Fled From Nobs","floor":22.0,"gold_loss":0.0,"damage_taken":0.0},{"damage_healed":0.0,"max_hp_gain":0.0,"max_hp_loss":0.0,"gold_gain":275.0,"event_name":"Golden Shrine","player_choice":"Desecrate","floor":36.0,"gold_loss":0.0,"damage_taken":0.0,"cards_obtained":["Regret"]},{"damage_healed":0.0,"max_hp_gain":0.0,"max_hp_loss":0.0,"gold_gain":0.0,"event_name":"Duplicator","player_choice":"Copied","floor":41.0,"gold_loss":0.0,"damage_taken":0.0,"cards_obtained":["Loop"]}],"is_beta":false,"boss_relics":[{"not_picked":["Runic Pyramid","Sozu"],"picked":"Velvet Choker"},{"not_picked":["Pandora\u0027s Box","Eternal Feather"],"picked":"Astrolabe"}],"items_purged_floors":[],"is_endless":false,"potions_floor_spawned":[2,10,18,19,25,30,35,44,47],"killed_by":"Time Eater","ascension_level":6}