{"gold_per_floor":[117,129,129,147,147,147,182,182,182,68,83,97,127,147,147,248,248,268,193,193,193,213,213,247,347,347,103,103,103,116,134,134,134],"floor_reached":33,"playtime":1743,"items_purged":["Strike_R","Defend_R"],"score":265,"play_id":"ab2afc0d-3f46-4ee2-91e1-df532888b9cd","local_time":"20190904093055","is_ascension_mode":false,"campfire_choices":[{"data":"Headbutt","floor":6,"key":"SMITH"},{"data":"Cleave","floor":8,"key":"SMITH"},{"data":"Limit Break","floor":15,"key":"SMITH"},{"floor":23,"key":"REST"},{"floor":28,"key":"REST"},{"floor":32,"key":"REST"}],"neow_cost":"NONE","seed_source_timestamp":1020811390355600,"circlet_count":0,"master_deck":["Defend_R","Defend_R","Defend_R","Bash+1","Headbutt+1","Cleave+1","Flex","Carnage","Bloodletting","Heavy Blade","Thunderclap","Limit Break+1","Barricade","Fiend Fire","Metallicize+1","Headbutt+1","Whirlwind","Inflame"],"relics":["Burning Blood","Letter Opener","Dodecahedron","Orichalcum","Runic Pyramid","Bag of Marbles","Darkstone Periapt"],"potions_floor_usage":[16,30,31],"damage_taken":[{"damage":8,"enemies":"Jaw Worm","floor":1,"turns":6},{"damage":1,"enemies":"Cultist","floor":2,"turns":3},{"damage":11,"enemies":"Small Slimes","floor":4,"turns":3},{"damage":14,"enemies":"Gremlin Nob","floor":7,"turns":3},{"damage":8,"enemies":"Looter","floor":11,"turns":2},{"damage":7,"enemies":"Blue Slaver","floor":12,"turns":2},{"damage":7,"enemies":"2 Fungi Beasts","floor":14,"turns":3},{"damage":48,"enemies":"Hexaghost","floor":16,"turns":9},{"damage":16,"enemies":"Shell Parasite","floor":18,"turns":4},{"damage":29,"enemies":"3 Byrds","floor":22,"turns":5},{"damage":50,"enemies":"Gremlin Leader","floor":24,"turns":6},{"damage":25,"enemies":"Colosseum Slavers","floor":29,"turns":4},{"damage":33,"enemies":"Snake Plant","floor":30,"turns":5},{"damage":12,"enemies":"Centurion and Healer","floor":31,"turns":4},{"damage":67,"enemies":"Automaton","floor":33,"turns":6}],"seed_played":"-7414018195669955967","potions_obtained":[{"floor":1,"key":"Regen Potion"},{"floor":12,"key":"BloodPotion"},{"floor":14,"key":"GamblersBrew"},{"floor":16,"key":"SkillPotion"}],"is_trial":false,"path_per_floor":["M","M","?","M","?","R","E","R","T","$","M","M","?","M","R","B",null,"M","?","?","?","M","R","E","?","T","$","R","?","M","M","R","B"],"character_chosen":"IRONCLAD","items_purchased":["Bloodletting","Whirlwind","Inflame"],"campfire_rested":3,"item_purchase_floors":[10,27,27],"current_hp_per_floor":[78,80,80,75,75,75,67,67,67,67,65,64,64,63,63,36,80,70,70,55,55,32,57,13,13,13,13,38,19,13,7,32,0],"gold":134,"neow_bonus":"REMOVE_CARD","is_prod":false,"is_daily":false,"chose_seed":false,"campfire_upgraded":3,"win_rate":0.0,"timestamp":1567603855,"path_taken":["M","M","?","?","?","R","E","R","T","$","M","M","?","M","R","BOSS","M","?","?","?","?","R","E","?","T","?","R","?","M","M","R","BOSS"],"build_version":"2019-07-17","purchased_purges":2,"victory":false,"max_hp_per_floor":[80,80,80,80,80,80,80,80,80,80,80,80,80,80,80,80,80,80,80,85,85,85,85,85,85,85,85,85,85,85,85,85,85],"card_choices":[{"not_picked":["Fire Breathing","Clothesline"],"picked":"Headbutt","floor":1},{"not_picked":["Pommel Strike","Warcry"],"picked":"Cleave","floor":2},{"not_picked":["Hemokinesis","Dropkick"],"picked":"Flex","floor":4},{"not_picked":["Armaments","Iron Wave"],"picked":"Carnage","floor":7},{"not_picked":["Wild Strike","Iron Wave"],"picked":"Heavy Blade","floor":11},{"not_picked":["Searing Blow","Pummel"],"picked":"Thunderclap","floor":12},{"not_picked":["Corruption","Armaments"],"picked":"Limit Break","floor":14},{"not_picked":["Juggernaut","Limit Break"],"picked":"Barricade","floor":16},{"not_picked":["Iron Wave","Anger","Twin Strike"],"picked":"SKIP","floor":18},{"not_picked":["Pommel Strike+1","Headbutt"],"picked":"Metallicize+1","floor":22},{"not_picked":["Bloodletting","Metallicize"],"picked":"Headbutt+1","floor":24},{"not_picked":["Pommel Strike","Headbutt","Burning Pact"],"picked":"SKIP","floor":30},{"not_picked":["Hemokinesis","Reckless Charge","Immolate"],"picked":"SKIP","floor":31}],"player_experience":39341,"relics_obtained":[{"floor":7,"key":"Letter Opener"},{"floor":9,"key":"Dodecahedron"},{"floor":24,"key":"Bag of Marbles"},{"floor":26,"key":"Darkstone Periapt"}],"event_choices":[{"cards_removed":["Strike_R"],"damage_healed":0,"gold_gain":0,"player_choice":"Purged","damage_taken":0,"max_hp_gain":0,"max_hp_loss":0,"event_name":"Purifier","floor":3,"gold_loss":0},{"damage_healed":0,"gold_gain":0,"player_choice":"Grow","damage_taken":0,"max_hp_gain":0,"max_hp_loss":0,"event_name":"Living Wall","floor":5,"gold_loss":0,"cards_upgraded":["Bash"]},{"damage_healed":0,"gold_gain":30,"player_choice":"Searched \u00272\u0027 times","damage_taken":0,"relics_obtained":["Orichalcum"],"max_hp_gain":0,"max_hp_loss":0,"event_name":"Dead Adventurer","floor":13,"gold_loss":0},{"cards_removed":["Strike_R"],"damage_healed":0,"gold_gain":0,"player_choice":"Gave Gold","damage_taken":0,"max_hp_gain":0,"max_hp_loss":0,"event_name":"Beggar","floor":19,"gold_loss":75},{"damage_healed":0,"gold_gain":0,"player_choice":"Shed Blood","damage_taken":20,"max_hp_gain":5,"max_hp_loss":0,"event_name":"Forgotten Altar","floor":20,"gold_loss":0},{"damage_healed":0,"gold_gain":0,"cards_transformed":["Strike_R"],"player_choice":"Transformed","damage_taken":0,"max_hp_gain":0,"max_hp_loss":0,"event_name":"Transmorgrifier","floor":21,"gold_loss":0,"cards_obtained":["Fiend Fire"]},{"damage_healed":0,"gold_gain":100,"player_choice":"Pray","damage_taken":0,"max_hp_gain":0,"max_hp_loss":0,"event_name":"Golden Shrine","floor":25,"gold_loss":0},{"damage_healed":0,"gold_gain":0,"player_choice":"Fight","damage_taken":0,"max_hp_gain":0,"max_hp_loss":0,"event_name":"Colosseum","floor":29,"gold_loss":0},{"damage_healed":0,"gold_gain":0,"player_choice":"Fled From Nobs","damage_taken":0,"max_hp_gain":0,"max_hp_loss":0,"event_name":"Colosseum","floor":29,"gold_loss":0}],"is_beta":false,"boss_relics":[{"not_picked":["Lizard Tail","Empty Cage"],"picked":"Runic Pyramid"}],"items_purged_floors":[10,27],"is_endless":false,"potions_floor_spawned":[1,12,14,16,24],"killed_by":"Automaton","ascension_level":0}