{"gold_per_floor":[118,134,145,145,155,155,183,183,183,211,211,245,307,334,334,334],"floor_reached":16,"playtime":964,"items_purged":[],"score":154,"play_id":"54dbda0a-2bca-41a8-b115-54aeed69fab9","local_time":"20190328214221","is_ascension_mode":true,"campfire_choices":[{"data":"Body Slam","floor":6,"key":"SMITH"},{"data":"True Grit","floor":8,"key":"SMITH"},{"floor":11,"key":"REST"},{"floor":15,"key":"REST"}],"neow_cost":"NONE","seed_source_timestamp":1177846668117242,"circlet_count":0,"master_deck":["Strike_R","Strike_R","Strike_R","Strike_R","Defend_R","Defend_R","Defend_R","Defend_R+1","Bash+1","Body Slam+1","Clothesline","Shrug It Off+1","Whirlwind","True Grit+1","Iron Wave","Pommel Strike","Warcry","Headbutt"],"relics":["Burning Blood","Strawberry","Charon\u0027s Ashes","Orichalcum","War Paint","The Courier"],"potions_floor_usage":[5,7,10,10,12,13],"damage_taken":[{"damage":14,"enemies":"Small Slimes","floor":1,"turns":5},{"damage":18,"enemies":"Jaw Worm","floor":2,"turns":5},{"damage":3,"enemies":"2 Louse","floor":3,"turns":4},{"damage":10,"enemies":"2 Fungi Beasts","floor":5,"turns":3},{"damage":9,"enemies":"Gremlin Nob","floor":7,"turns":4},{"damage":15,"enemies":"Lagavulin","floor":10,"turns":6},{"damage":25,"enemies":"3 Sentries","floor":12,"turns":5},{"damage":22,"enemies":"3 Sentries","floor":13,"turns":5},{"damage":23,"enemies":"Lagavulin","floor":14,"turns":7},{"damage":50,"enemies":"Hexaghost","floor":16,"turns":11}],"seed_played":"2217808717713658799","potions_obtained":[{"floor":1,"key":"Strength Potion"},{"floor":2,"key":"EntropicBrew"},{"floor":3,"key":"Explosive Potion"},{"floor":14,"key":"SneckoOil"}],"is_trial":false,"path_per_floor":["M","M","M","?","M","R","E","R","T","E","R","E","?","E","R","B"],"character_chosen":"IRONCLAD","items_purchased":[],"campfire_rested":2,"item_purchase_floors":[],"current_hp_per_floor":[72,60,63,56,52,52,56,56,56,47,73,54,38,21,47,0],"gold":334,"neow_bonus":"UPGRADE_CARD","is_prod":false,"is_daily":false,"chose_seed":false,"campfire_upgraded":2,"win_rate":0,"timestamp":1553823741,"path_taken":["M","M","M","?","M","R","E","R","T","E","R","E","?","E","R","BOSS"],"build_version":"2019-01-23","purchased_purges":0,"victory":false,"max_hp_per_floor":[80,80,80,80,80,80,87,87,87,87,87,87,87,87,87,87],"card_choices":[{"not_picked":["Power Through","Warcry"],"picked":"Body Slam","floor":1},{"not_picked":["Cleave","Armaments"],"picked":"Clothesline","floor":2},{"not_picked":["Whirlwind","Warcry"],"picked":"Shrug It Off","floor":3},{"not_picked":["Exhume","Flex"],"picked":"Whirlwind","floor":5},{"not_picked":["Clothesline","Inflame"],"picked":"True Grit","floor":7},{"not_picked":["Havoc","Perfected Strike"],"picked":"Iron Wave","floor":10},{"not_picked":["Power Through","Rage"],"picked":"Pommel Strike","floor":12},{"not_picked":["Power Through","Havoc"],"picked":"Warcry","floor":13},{"not_picked":["True Grit","Rupture"],"picked":"Headbutt","floor":14}],"player_experience":179985,"relics_obtained":[{"floor":7,"key":"Strawberry"},{"floor":10,"key":"Charon\u0027s Ashes"},{"floor":12,"key":"Orichalcum"},{"floor":13,"key":"War Paint"},{"floor":14,"key":"The Courier"}],"event_choices":[{"cards_removed":["Strike_R"],"damage_healed":0,"gold_gain":0,"player_choice":"Card Removal","damage_taken":7,"max_hp_gain":0,"max_hp_loss":0,"event_name":"Golden Wing","floor":4,"gold_loss":0},{"damage_healed":0,"gold_gain":0,"player_choice":"Searched \u00271\u0027 times","damage_taken":0,"max_hp_gain":0,"max_hp_loss":0,"event_name":"Dead Adventurer","floor":13,"gold_loss":0}],"is_beta":false,"boss_relics":[],"items_purged_floors":[],"is_endless":false,"potions_floor_spawned":[1,2,3,14],"killed_by":"Hexaghost","ascension_level":4}