{"gold_per_floor":[113,113,128,203,213,213,248,248,248,248,266,323,339,367,367,367],"floor_reached":16,"playtime":845,"items_purged":[],"score":154,"play_id":"86d55e5d-8a89-4f43-a6b9-41880622c826","local_time":"20190729160639","is_ascension_mode":true,"campfire_choices":[{"data":"Dodge and Roll","floor":6,"key":"SMITH"},{"floor":8,"key":"REST"},{"data":"Survivor","floor":10,"key":"SMITH"},{"floor":15,"key":"REST"}],"neow_cost":"NONE","seed_source_timestamp":0,"circlet_count":0,"master_deck":["Strike_G","Strike_G","Strike_G","Strike_G","Strike_G","Defend_G","Defend_G","Defend_G","Defend_G","Defend_G","Survivor+1","Neutralize+1","Predator","Dodge and Roll+1","Backstab","Backflip","Backstab","Backstab"],"special_seed":0,"relics":["Ring of the Snake","Meat on the Bone","Sundial","Frozen Egg 2","Tiny Chest","Odd Mushroom"],"potions_floor_usage":[12,12,16],"damage_taken":[{"damage":0.0,"enemies":"Small Slimes","floor":1.0,"turns":4.0},{"damage":0,"enemies":"2 Louse","floor":3,"turns":2},{"damage":0,"enemies":"Cultist","floor":5,"turns":3},{"damage":34,"enemies":"Lagavulin","floor":7,"turns":8},{"damage":4,"enemies":"Large Slime","floor":11,"turns":9},{"damage":8,"enemies":"Gremlin Nob","floor":12,"turns":5},{"damage":0,"enemies":"3 Louse","floor":13,"turns":2},{"damage":10,"enemies":"The Mushroom Lair","floor":14,"turns":5},{"damage":65,"enemies":"Hexaghost","floor":16,"turns":14}],"seed_played":"-830074864026235291","potions_obtained":[{"floor":1.0,"key":"AttackPotion"},{"floor":11,"key":"Strength Potion"},{"floor":14,"key":"SteroidPotion"}],"is_trial":false,"path_per_floor":["M","?","M","?","M","R","E","R","T","R","M","E","M","?","R","B"],"character_chosen":"THE_SILENT","items_purchased":[],"campfire_rested":2,"item_purchase_floors":[],"current_hp_per_floor":[63,56,56,49,49,49,27,48,48,48,44,36,36,38,59,0],"gold":367,"neow_bonus":"UPGRADE_CARD","is_prod":false,"is_daily":false,"chose_seed":false,"campfire_upgraded":2,"win_rate":0,"timestamp":1564430799,"path_taken":["M","?","M","?","M","R","E","R","T","R","?","E","M","?","R","BOSS"],"build_version":"2019-07-17","purchased_purges":0,"victory":false,"max_hp_per_floor":[70,70,70,70,70,70,70,70,70,70,70,70,70,70,70,70],"card_choices":[{"not_picked":["Choke","Flying Knee"],"picked":"Predator","floor":1.0},{"not_picked":["Underhanded Strike","Bane"],"picked":"Dodge and Roll","floor":3},{"not_picked":["Deadly Poison","Flying Knee"],"picked":"Backstab","floor":5},{"not_picked":["Acrobatics","Deflect","Reflex"],"picked":"SKIP","floor":7},{"not_picked":["Backstab","Cloak And Dagger"],"picked":"Backflip","floor":11},{"not_picked":["Bane","Quick Slash"],"picked":"Backstab","floor":12},{"not_picked":["Bane","Dagger Spray","Endless Agony"],"picked":"SKIP","floor":13},{"not_picked":["Eviscerate","Glass Knife"],"picked":"Backstab","floor":14}],"player_experience":240808,"relics_obtained":[{"floor":7,"key":"Sundial"},{"floor":9,"key":"Frozen Egg 2"},{"floor":12,"key":"Tiny Chest"},{"floor":14,"key":"Odd Mushroom"}],"event_choices":[{"damage_healed":0.0,"max_hp_gain":0.0,"max_hp_loss":0.0,"gold_gain":0.0,"event_name":"Scrap Ooze","player_choice":"Success","floor":2.0,"gold_loss":0.0,"damage_taken":7.0,"relics_obtained":["Meat on the Bone"]},{"damage_healed":0,"gold_gain":75,"player_choice":"Touch","damage_taken":7,"max_hp_gain":0,"max_hp_loss":0,"event_name":"FaceTrader","floor":4,"gold_loss":0},{"damage_healed":0,"gold_gain":0,"player_choice":"Fought Mushrooms","damage_taken":0,"max_hp_gain":0,"max_hp_loss":0,"event_name":"Mushrooms","floor":14,"gold_loss":0}],"is_beta":false,"boss_relics":[],"items_purged_floors":[],"is_endless":false,"potions_floor_spawned":[1,11,14],"killed_by":"Hexaghost","ascension_level":8}