{"gold_per_floor":[109,109,122,142,153,184,35,35,35,35,60,60,60,80,80,205,205,223,223,223,238,259,259],"floor_reached":23,"playtime":1952,"items_purged":[],"score":226,"play_id":"623e7c24-fd0a-421f-98cf-f6243a48168e","local_time":"20190304031519","is_ascension_mode":false,"campfire_choices":[{"data":"Warcry","floor":12,"key":"SMITH"},{"data":"Anger","floor":15,"key":"SMITH"}],"neow_cost":"NONE","seed_source_timestamp":512697492282309,"circlet_count":0,"master_deck":["Defend_R","Defend_R+1","Defend_R","Defend_R","Bash","Anger+1","Warcry+1","Ghostly Armor+1","Seeing Red","Pommel Strike","Heavy Blade","Inflame","Injury","Metallicize","Shockwave","Barricade","Feel No Pain","Flex","Bite","Bite","Bite","Bite","Metallicize+1","Iron Wave+1","Thunderclap","Rage+1"],"relics":["Burning Blood","Centennial Puzzle","War Paint","Sundial","Prayer Wheel","Golden Idol","Cursed Key"],"potions_floor_usage":[23],"damage_taken":[{"damage":2,"enemies":"Small Slimes","floor":1,"turns":3},{"damage":6,"enemies":"Cultist","floor":3,"turns":3},{"damage":6,"enemies":"Jaw Worm","floor":4,"turns":4},{"damage":5,"enemies":"Looter","floor":5,"turns":3},{"damage":22,"enemies":"Lagavulin","floor":6,"turns":6},{"damage":22,"enemies":"Gremlin Nob","floor":11,"turns":4},{"damage":2,"enemies":"3 Louse","floor":14,"turns":3},{"damage":37,"enemies":"Slime Boss","floor":16,"turns":11},{"damage":21,"enemies":"2 Thieves","floor":18,"turns":5},{"damage":9,"enemies":"Spheric Guardian","floor":21,"turns":4},{"damage":18,"enemies":"Centurion and Healer","floor":22,"turns":7},{"damage":67,"enemies":"Book of Stabbing","floor":23,"turns":7}],"seed_played":"-4549663520033363693","potions_obtained":[{"floor":5,"key":"Poison Potion"},{"floor":6,"key":"Swift Potion"},{"floor":21,"key":"Energy Potion"}],"is_trial":false,"path_per_floor":["M","?","M","M","M","E","$","$","T","?","E","R","?","M","R","B",null,"M","?","?","M","M","E"],"character_chosen":"IRONCLAD","items_purchased":["War Paint"],"campfire_rested":0,"item_purchase_floors":[7],"current_hp_per_floor":[80,80,80,80,80,64,64,64,64,69,53,53,53,57,57,26,85,70,59,59,56,50,0],"gold":259,"neow_bonus":"THREE_CARDS","is_prod":false,"is_daily":false,"chose_seed":false,"campfire_upgraded":2,"win_rate":0.0,"timestamp":1551687319,"path_taken":["M","?","M","?","M","E","?","$","T","?","E","R","?","M","R","BOSS","M","?","?","M","?","E"],"build_version":"2019-01-23","purchased_purges":0,"victory":false,"max_hp_per_floor":[80,80,80,80,80,80,80,80,80,85,85,85,85,85,85,85,85,85,59,59,59,59,59],"card_choices":[{"not_picked":["Power Through","Pommel Strike"],"picked":"Anger","floor":0},{"not_picked":["Perfected Strike","Clash"],"picked":"Warcry","floor":1},{"not_picked":["Dropkick","Perfected Strike"],"picked":"Ghostly Armor","floor":3},{"not_picked":["Headbutt","Clash"],"picked":"Seeing Red","floor":4},{"not_picked":["Sword Boomerang","Perfected Strike"],"picked":"Pommel Strike","floor":5},{"not_picked":["Reckless Charge","Body Slam"],"picked":"Heavy Blade","floor":6},{"not_picked":["Warcry","Shockwave"],"picked":"Inflame","floor":11},{"not_picked":["Feel No Pain","Offering"],"picked":"Metallicize","floor":14},{"not_picked":["Infernal Blade","Flex"],"picked":"Shockwave","floor":14},{"not_picked":["Bludgeon","Offering"],"picked":"Barricade","floor":16},{"not_picked":["Perfected Strike+1","True Grit"],"picked":"Feel No Pain","floor":18},{"not_picked":["Cleave","Searing Blow"],"picked":"Flex","floor":18},{"not_picked":["Headbutt","Hemokinesis"],"picked":"Metallicize+1","floor":21},{"not_picked":["Flex","Clash"],"picked":"Iron Wave+1","floor":21},{"not_picked":["True Grit+1","Rampage"],"picked":"Thunderclap","floor":22},{"not_picked":["Pommel Strike","Combust"],"picked":"Rage+1","floor":22}],"player_experience":29057,"relics_obtained":[{"floor":6,"key":"Centennial Puzzle"},{"floor":9,"key":"Sundial"},{"floor":11,"key":"Prayer Wheel"}],"event_choices":[{"cards_removed":["Strike_R"],"damage_healed":0,"gold_gain":0,"player_choice":"Card Removal","damage_taken":0,"max_hp_gain":0,"max_hp_loss":0,"event_name":"Wheel of Change","floor":2,"gold_loss":0},{"damage_healed":0,"gold_gain":0,"player_choice":"Donut","damage_taken":0,"max_hp_gain":5,"max_hp_loss":0,"event_name":"Big Fish","floor":10,"gold_loss":0},{"damage_healed":0,"gold_gain":0,"player_choice":"Take Wound","damage_taken":0,"relics_obtained":["Golden Idol"],"max_hp_gain":0,"max_hp_loss":0,"event_name":"Golden Idol","floor":13,"gold_loss":0,"cards_obtained":["Injury"]},{"damage_healed":0,"gold_gain":0,"player_choice":"Became a vampire","damage_taken":0,"max_hp_gain":0,"max_hp_loss":26,"event_name":"Vampires","floor":19,"gold_loss":0,"cards_obtained":["Bite","Bite","Bite","Bite","Bite"]},{"cards_removed":["Bite"],"damage_healed":5,"gold_gain":0,"player_choice":"Offered Special","damage_taken":0,"max_hp_gain":0,"max_hp_loss":0,"event_name":"Bonfire Elementals","floor":20,"gold_loss":0}],"is_beta":false,"boss_relics":[{"not_picked":["Snecko Eye","Runic Dome"],"picked":"Cursed Key"}],"items_purged_floors":[],"is_endless":false,"potions_floor_spawned":[5,6,21],"killed_by":"Book of Stabbing","ascension_level":0}