{"gold_per_floor":[118,138,213,213,223,223,257,268,268,285,317,328,328,357,357,455,455],"floor_reached":17,"playtime":623,"items_purged":[],"score":221,"play_id":"4db6d16d-89d6-4972-89e7-50672197ef7b","local_time":"20190805160953","is_ascension_mode":true,"campfire_choices":[{"data":"Bash","floor":6,"key":"SMITH"},{"floor":13,"key":"REST"},{"data":"Armaments","floor":15,"key":"SMITH"}],"neow_cost":"NONE","seed_source_timestamp":4483302677742071,"circlet_count":0,"master_deck":["Strike_R","Strike_R","Strike_R","Strike_R","Strike_R","Defend_R","Defend_R","Defend_R","Defend_R","Bash+1","Pommel Strike","Anger","Immolate","Spot Weakness","Headbutt","Armaments+1","Battle Trance","Shockwave","Demon Form+1"],"relics":["Burning Blood","Self Forming Clay","Frozen Egg 2","Gremlin Horn","Shovel","Velvet Choker"],"potions_floor_usage":[],"damage_taken":[{"damage":18,"enemies":"Jaw Worm","floor":1,"turns":4},{"damage":5,"enemies":"Small Slimes","floor":2,"turns":3},{"damage":2,"enemies":"2 Louse","floor":5,"turns":3},{"damage":25,"enemies":"Lagavulin","floor":7,"turns":4},{"damage":8,"enemies":"Blue Slaver","floor":8,"turns":2},{"damage":0,"enemies":"2 Fungi Beasts","floor":10,"turns":2},{"damage":29,"enemies":"Gremlin Nob","floor":11,"turns":4},{"damage":17,"enemies":"Exordium Thugs","floor":12,"turns":3},{"damage":10,"enemies":"3 Sentries","floor":14,"turns":3},{"damage":27,"enemies":"Hexaghost","floor":16,"turns":8}],"seed_played":"-8888515852313722364","potions_obtained":[{"floor":1,"key":"Weak Potion"},{"floor":5,"key":"Weak Potion"},{"floor":8,"key":"Dexterity Potion"},{"floor":16,"key":"Strength Potion"}],"is_trial":false,"path_per_floor":["M","M","?","?","M","R","E","M","T","M","E","M","R","E","R","B",null],"character_chosen":"IRONCLAD","items_purchased":[],"campfire_rested":1,"item_purchase_floors":[],"current_hp_per_floor":[68,69,58,63,67,67,48,46,46,52,29,18,43,39,39,18,68],"gold":455,"neow_bonus":"THREE_CARDS","is_prod":false,"is_daily":false,"chose_seed":false,"campfire_upgraded":2,"win_rate":0,"timestamp":1565035793,"path_taken":["M","M","?","?","?","R","E","M","T","M","E","M","R","E","R","BOSS"],"build_version":"2019-07-17","purchased_purges":0,"victory":false,"max_hp_per_floor":[80,80,80,85,85,85,85,85,85,85,85,85,85,85,85,85,85],"card_choices":[{"not_picked":["Twin Strike","Headbutt"],"picked":"Pommel Strike","floor":0},{"not_picked":["Ghostly Armor","Wild Strike","Sentinel"],"picked":"SKIP","floor":1},{"not_picked":["Headbutt","Sword Boomerang"],"picked":"Anger","floor":2},{"not_picked":["Evolve","Bloodletting"],"picked":"Immolate","floor":5},{"not_picked":["Bloodletting","Iron Wave"],"picked":"Spot Weakness","floor":7},{"not_picked":["Combust","Twin Strike"],"picked":"Headbutt","floor":8},{"not_picked":["Perfected Strike","Sword Boomerang"],"picked":"Armaments","floor":10},{"not_picked":["Headbutt","Warcry"],"picked":"Battle Trance","floor":11},{"not_picked":["Sword Boomerang","Flex"],"picked":"Shockwave","floor":12},{"not_picked":["Havoc","Body Slam","Infernal Blade"],"picked":"SKIP","floor":14},{"not_picked":["Impervious","Bludgeon"],"picked":"Demon Form+1","floor":16}],"player_experience":359005,"relics_obtained":[{"floor":7,"key":"Self Forming Clay"},{"floor":9,"key":"Frozen Egg 2"},{"floor":11,"key":"Gremlin Horn"},{"floor":14,"key":"Shovel"}],"event_choices":[{"damage_healed":0,"gold_gain":75,"player_choice":"Gather Gold","damage_taken":11,"max_hp_gain":0,"max_hp_loss":0,"event_name":"World of Goop","floor":3,"gold_loss":0},{"damage_healed":0,"gold_gain":0,"player_choice":"Donut","damage_taken":0,"max_hp_gain":5,"max_hp_loss":0,"event_name":"Big Fish","floor":4,"gold_loss":0}],"is_beta":false,"boss_relics":[{"not_picked":["Tiny House","Pandora\u0027s Box"],"picked":"Velvet Choker"}],"items_purged_floors":[],"is_endless":false,"potions_floor_spawned":[1,5,8,16],"ascension_level":5}