{"gold_per_floor":[117,66,66,85,85,85,100,118,144,144,0,0,12,12,12,12],"floor_reached":16,"playtime":946,"items_purged":[],"score":90,"play_id":"03b5fb55-008f-4a1a-aa39-07a542ad93ce","local_time":"20190904094654","is_ascension_mode":false,"campfire_choices":[{"data":"Bash","floor":6,"key":"SMITH"},{"data":"True Grit","floor":10,"key":"SMITH"},{"data":"Feel No Pain","floor":12,"key":"SMITH"},{"floor":15,"key":"REST"}],"neow_cost":"NONE","seed_source_timestamp":1022569034406200,"circlet_count":0,"master_deck":["Strike_R","Strike_R","Strike_R","Strike_R","Defend_R+1","Defend_R","Defend_R+1","Defend_R","Bash+1","Burning Pact","Pommel Strike","Flex","Feel No Pain+1","True Grit+1","Cleave","Double Tap","Pommel Strike"],"relics":["Burning Blood","Pen Nib"],"potions_floor_usage":[16],"damage_taken":[{"damage":9,"enemies":"2 Louse","floor":1,"turns":3},{"damage":0,"enemies":"Jaw Worm","floor":4,"turns":4},{"damage":1,"enemies":"Cultist","floor":7,"turns":3},{"damage":18,"enemies":"Large Slime","floor":8,"turns":9},{"damage":26,"enemies":"Gremlin Gang","floor":13,"turns":5},{"damage":67,"enemies":"The Guardian","floor":16,"turns":13}],"seed_played":"-4656331617613659698","potions_obtained":[{"floor":4,"key":"PowerPotion"},{"floor":5,"key":"EssenceOfSteel"},{"floor":5,"key":"SkillPotion"}],"is_trial":false,"path_per_floor":["M","$","?","M","?","R","M","M","T","R","$","R","M","?","R","B"],"character_chosen":"IRONCLAD","items_purchased":["Flex","Double Tap"],"campfire_rested":1,"item_purchase_floors":[2,11],"current_hp_per_floor":[77,77,61,67,67,67,72,60,60,60,60,60,40,40,64,0],"gold":12,"neow_bonus":"TRANSFORM_CARD","is_prod":false,"is_daily":false,"chose_seed":false,"campfire_upgraded":3,"win_rate":0.0,"timestamp":1567604814,"path_taken":["M","$","?","M","?","R","?","M","T","R","$","R","M","?","R","BOSS"],"build_version":"2019-07-17","purchased_purges":0,"victory":false,"max_hp_per_floor":[80,80,80,80,80,80,80,80,80,80,80,80,80,80,80,80],"card_choices":[{"not_picked":["Heavy Blade","Clash"],"picked":"Pommel Strike","floor":1},{"not_picked":["Seeing Red","Entrench"],"picked":"Feel No Pain","floor":4},{"not_picked":["Infernal Blade","Metallicize"],"picked":"True Grit","floor":7},{"not_picked":["Thunderclap","Perfected Strike"],"picked":"Cleave","floor":8},{"not_picked":["Wild Strike","Carnage"],"picked":"Pommel Strike","floor":13}],"player_experience":41084,"relics_obtained":[{"floor":9,"key":"Pen Nib"}],"event_choices":[{"damage_healed":0,"gold_gain":0,"player_choice":"Entered Light","damage_taken":16,"max_hp_gain":0,"max_hp_loss":0,"event_name":"Shining Light","floor":3,"gold_loss":0,"cards_upgraded":["Defend_R","Defend_R"]},{"damage_healed":0,"gold_gain":0,"player_choice":"Got Potions","damage_taken":0,"max_hp_gain":0,"max_hp_loss":0,"event_name":"Lab","floor":5,"gold_loss":0},{"cards_removed":["Iron Wave"],"damage_healed":0,"gold_gain":0,"player_choice":"Took Card","damage_taken":0,"max_hp_gain":0,"max_hp_loss":0,"event_name":"NoteForYourself","floor":14,"gold_loss":0,"cards_obtained":["Iron Wave"]}],"is_beta":false,"boss_relics":[],"items_purged_floors":[],"is_endless":false,"potions_floor_spawned":[4,7,8],"killed_by":"The Guardian","ascension_level":0}