{"gold_per_floor":[112,112,112,129,54,54,70,70,70,70,84,101,112,112,112,112],"floor_reached":16,"playtime":959,"items_purged":[],"score":92,"play_id":"d7be80e5-82e5-4862-a8d0-5e22dc35e1b7","local_time":"20180626213023","is_ascension_mode":false,"campfire_choices":[{"data":"Strike_R","floor":6,"key":"SMITH"},{"data":"Bash","floor":8,"key":"SMITH"},{"floor":15,"key":"REST"}],"neow_cost":"","seed_source_timestamp":1105514606498139,"circlet_count":0,"master_deck":["Strike_R+1","Strike_R","Strike_R","Strike_R","Strike_R","Defend_R","Defend_R","Defend_R","Defend_R","Bash+1","Twin Strike","Bludgeon","Body Slam","Iron Wave","Shrug It Off","Carnage","Searing Blow","Perfected Strike","Pommel Strike"],"relics":["Burning Blood","Matryoshka"],"potions_floor_usage":[16,16,16],"damage_taken":[{"damage":0,"enemies":"Small Slimes","floor":1,"turns":3},{"damage":5,"enemies":"Cultist","floor":4,"turns":4},{"damage":2,"enemies":"2 Louse","floor":7,"turns":2},{"damage":10,"enemies":"2 Fungi Beasts","floor":11,"turns":4},{"damage":21,"enemies":"Exordium Wildlife","floor":12,"turns":4},{"damage":7,"enemies":"3 Louse","floor":13,"turns":2},{"damage":84,"enemies":"The Guardian","floor":16,"turns":9}],"seed_played":"7350302550029042667","potions_obtained":[{"floor":7,"key":"Swift Potion"},{"floor":11,"key":"PowerPotion"},{"floor":12,"key":"SkillPotion"}],"is_trial":false,"path_per_floor":["M","?","?","M","$","R","M","R","T","?","M","M","M","?","R"],"character_chosen":"IRONCLAD","items_purchased":["Iron Wave","Shrug It Off"],"campfire_rested":1,"item_purchase_floors":[5,5],"current_hp_per_floor":[80,80,80,80,80,80,80,80,80,80,76,61,60,57,80,0],"gold":112,"neow_bonus":"","is_prod":false,"is_daily":false,"chose_seed":false,"campfire_upgraded":2,"win_rate":0.0,"timestamp":1530063023,"path_taken":["M","?","?","M","$","R","M","R","T","?","M","M","?","?","R","BOSS"],"build_version":"2018-06-21v2","purchased_purges":0,"victory":false,"max_hp_per_floor":[80,80,80,80,80,80,80,80,80,80,80,80,80,80,80,80],"card_choices":[{"not_picked":["Inflame","Warcry"],"picked":"Twin Strike","floor":1},{"not_picked":["Clash","Power Through"],"picked":"Body Slam","floor":4},{"not_picked":["Flex","Infernal Blade"],"picked":"Carnage","floor":7},{"not_picked":["Seeing Red","True Grit"],"picked":"Searing Blow","floor":11},{"not_picked":["True Grit","Anger"],"picked":"Perfected Strike","floor":12},{"not_picked":["Clash","Headbutt"],"picked":"Pommel Strike","floor":13}],"player_experience":0,"relics_obtained":[{"floor":9,"key":"Matryoshka"}],"event_choices":[{"event_name":"Match and Keep!","player_choice":"1 cards matched","floor":2,"damage_taken":0},{"event_name":"The Cleric","player_choice":"Leave","floor":3,"damage_taken":0},{"event_name":"Golden Idol","player_choice":"Ignored","floor":10,"damage_taken":0},{"event_name":"Scrap Ooze","player_choice":"unsuccessful","floor":14,"damage_taken":3}],"boss_relics":[],"items_purged_floors":[],"is_endless":false,"potions_floor_spawned":[7,11,12],"killed_by":"The Guardian","ascension_level":0}