{"gold_per_floor":[113,113,113,129,199,235,235,215,288,308,328,348,371,371],"floor_reached":14,"playtime":1339,"items_purged":[],"score":92,"play_id":"251cd9be-e4ab-4b5f-a109-fc689b4741fc","local_time":"20190305002644","is_ascension_mode":false,"campfire_choices":[{"floor":7,"key":"REST"}],"neow_cost":"NONE","seed_source_timestamp":589588764058547,"circlet_count":0,"master_deck":["Strike_B","Strike_B","Strike_B","Defend_B","Defend_B","Defend_B","Defend_B","Zap","Dualcast","Hologram","Injury","Ball Lightning","Defragment","Go for the Eyes","Chill+1","Seek+1","Conserve Battery+1"],"relics":["Cracked Core","Bag of Preparation","Golden Idol","Sundial","Bottled Flame","Toxic Egg 2"],"potions_floor_usage":[13,14,14],"damage_taken":[{"damage":9,"enemies":"2 Louse","floor":1,"turns":3},{"damage":3,"enemies":"Small Slimes","floor":4,"turns":3},{"damage":44,"enemies":"3 Sentries","floor":6,"turns":7},{"damage":6,"enemies":"Jaw Worm","floor":10,"turns":3},{"damage":13,"enemies":"Large Slime","floor":11,"turns":4},{"damage":5,"enemies":"Red Slaver","floor":12,"turns":3},{"damage":0,"enemies":"Looter","floor":13,"turns":2},{"damage":14,"enemies":"Lagavulin","floor":14,"turns":6}],"seed_played":"4198016213692207842","potions_obtained":[{"floor":4,"key":"SneckoOil"},{"floor":8,"key":"Fire Potion"},{"floor":10,"key":"Weak Potion"}],"is_trial":false,"path_per_floor":["M","?","?","M","T","E","R","?","T","M","M","M","M","E"],"character_chosen":"DEFECT","items_purchased":[],"campfire_rested":1,"item_purchase_floors":[],"current_hp_per_floor":[66,59,59,56,56,12,34,34,34,28,15,10,10,0],"gold":371,"neow_bonus":"RANDOM_COMMON_RELIC","is_prod":false,"is_daily":false,"chose_seed":false,"campfire_upgraded":0,"win_rate":0.0,"timestamp":1551763604,"path_taken":["M","?","?","M","?","E","R","?","T","M","M","?","M","E"],"build_version":"2019-01-23","purchased_purges":0,"victory":false,"max_hp_per_floor":[75,75,75,75,75,75,75,75,75,75,75,75,75,75],"card_choices":[{"not_picked":["Streamline","Static Discharge"],"picked":"Hologram","floor":1},{"not_picked":["Steam","Gash"],"picked":"Ball Lightning","floor":4},{"not_picked":["Streamline","Heatsinks"],"picked":"Defragment","floor":6},{"not_picked":["Double Energy+1","Redo+1"],"picked":"Go for the Eyes","floor":10},{"not_picked":["Lockon","Redo+1"],"picked":"Chill+1","floor":11},{"not_picked":["Stack+1","Go for the Eyes"],"picked":"Seek+1","floor":12},{"not_picked":["Sweeping Beam","Genetic Algorithm+1"],"picked":"Conserve Battery+1","floor":13}],"player_experience":38509,"relics_obtained":[{"floor":5,"key":"Sundial"},{"floor":6,"key":"Bottled Flame"},{"floor":9,"key":"Toxic Egg 2"}],"event_choices":[{"cards_removed":["Strike_B"],"damage_healed":0,"gold_gain":0,"player_choice":"Card Removal","damage_taken":7,"max_hp_gain":0,"max_hp_loss":0,"event_name":"Golden Wing","floor":2,"gold_loss":0},{"damage_healed":0,"gold_gain":0,"player_choice":"Take Wound","damage_taken":0,"relics_obtained":["Golden Idol"],"max_hp_gain":0,"max_hp_loss":0,"event_name":"Golden Idol","floor":3,"gold_loss":0,"cards_obtained":["Injury"]},{"damage_healed":0,"gold_gain":0,"player_choice":"Bought 1 Potion","damage_taken":0,"max_hp_gain":0,"max_hp_loss":0,"event_name":"The Woman in Blue","floor":8,"gold_loss":0}],"is_beta":false,"boss_relics":[],"items_purged_floors":[],"is_endless":false,"potions_floor_spawned":[4,10,12],"killed_by":"Lagavulin","ascension_level":0}