{"gold_per_floor":[110,127,13,13,30,30,63,63,86,86,97,129,142,155,155,155],"floor_reached":16,"playtime":913,"items_purged":["Strike_G"],"score":140,"play_id":"a6d8116a-2535-4871-b3ea-3f1c18d9d7c3","local_time":"20190425043546","is_ascension_mode":true,"campfire_choices":[{"data":"Noxious Fumes","floor":6,"key":"SMITH"},{"floor":8,"key":"REST"},{"data":"Neutralize","floor":10,"key":"SMITH"},{"floor":15,"key":"REST"}],"neow_cost":"NONE","seed_source_timestamp":628416864138791,"circlet_count":0,"master_deck":["Defend_G","Defend_G","Defend_G","Defend_G","Defend_G","Strike_G","Strike_G","Strike_G","Survivor","Neutralize+1","Die Die Die","Noxious Fumes+1","Finisher","Leg Sweep","A Thousand Cuts","Quick Slash","Escape Plan","Caltrops","Cloak And Dagger","Dagger Spray","PiercingWail","Footwork"],"relics":["Ring of the Snake","Vajra","Bag of Marbles","Prayer Wheel"],"potions_floor_usage":[12,14,16],"damage_taken":[{"damage":6,"enemies":"Cultist","floor":1,"turns":3},{"damage":4,"enemies":"Small Slimes","floor":2,"turns":3},{"damage":2,"enemies":"2 Louse","floor":5,"turns":3},{"damage":31,"enemies":"Lagavulin","floor":7,"turns":8},{"damage":13,"enemies":"Looter","floor":11,"turns":4},{"damage":16,"enemies":"Gremlin Nob","floor":12,"turns":5},{"damage":8,"enemies":"Exordium Wildlife","floor":13,"turns":3},{"damage":0,"enemies":"Gremlin Gang","floor":14,"turns":3},{"damage":40,"enemies":"Slime Boss","floor":16,"turns":9}],"seed_played":"-6694606155174965891","potions_obtained":[{"floor":1,"key":"Energy Potion"},{"floor":7,"key":"EssenceOfSteel"},{"floor":11,"key":"Poison Potion"}],"is_trial":false,"path_per_floor":["M","M","$","?","M","R","E","R","T","R","M","E","M","M","R","B"],"character_chosen":"THE_SILENT","items_purchased":["Leg Sweep"],"campfire_rested":2,"item_purchase_floors":[3],"current_hp_per_floor":[64,60,60,60,58,58,27,48,48,48,35,19,11,11,32,0],"gold":155,"neow_bonus":"ONE_RANDOM_RARE_CARD","is_prod":false,"is_daily":false,"chose_seed":false,"campfire_upgraded":2,"win_rate":0,"timestamp":1556181346,"path_taken":["M","M","$","?","M","R","E","R","T","R","M","E","M","M","R","BOSS"],"build_version":"2019-01-23","purchased_purges":1,"victory":false,"max_hp_per_floor":[70,70,70,70,70,70,70,70,70,70,70,70,70,70,70,70],"card_choices":[{"not_picked":["Deflect","Bouncing Flask"],"picked":"Noxious Fumes","floor":1},{"not_picked":["Slice","Reflex"],"picked":"Finisher","floor":2},{"not_picked":["Deflect","Choke"],"picked":"A Thousand Cuts","floor":5},{"not_picked":["Finisher","Setup"],"picked":"Quick Slash","floor":7},{"not_picked":["Underhanded Strike","Dagger Throw"],"picked":"Escape Plan","floor":11},{"not_picked":["A Thousand Cuts","Backflip"],"picked":"Caltrops","floor":12},{"not_picked":["Deadly Poison","Poisoned Stab"],"picked":"Cloak And Dagger","floor":13},{"not_picked":["Quick Slash","Leg Sweep"],"picked":"Dagger Spray","floor":13},{"not_picked":["Slice","Deadly Poison"],"picked":"PiercingWail","floor":14},{"not_picked":["Bane","PiercingWail"],"picked":"Footwork","floor":14}],"player_experience":227361,"relics_obtained":[{"floor":7,"key":"Vajra"},{"floor":9,"key":"Bag of Marbles"},{"floor":12,"key":"Prayer Wheel"}],"event_choices":[{"cards_removed":["Strike_G"],"damage_healed":0,"gold_gain":0,"player_choice":"Offered Basic","damage_taken":0,"max_hp_gain":0,"max_hp_loss":0,"event_name":"Bonfire Elementals","floor":4,"gold_loss":0}],"is_beta":false,"boss_relics":[],"items_purged_floors":[3],"is_endless":false,"potions_floor_spawned":[1,7,11],"killed_by":"Slime Boss","ascension_level":5}