{"gold_per_floor":[110,110,110,190,62,62,91,91,91,91,118,118,130,146,146,225,225,242,242,242,242,16,48,48,48,72,72,122,133,133,333,333,407,407,418,48,0,0,19,19,36,36,36,36,36,36,86,86,86,86,86],"floor_reached":52,"playtime":1645,"items_purged":["Strike_R"],"score":1857,"play_id":"2fe51023-94c5-4c25-b834-ff5c3d32a19b","local_time":"20190709020808","is_ascension_mode":true,"campfire_choices":[{"floor":6,"key":"REST"},{"floor":8,"key":"REST"},{"data":"Rampage","floor":10,"key":"SMITH"},{"floor":12,"key":"REST"},{"floor":15,"key":"REST"},{"floor":24,"key":"REST"},{"data":"Double Tap","floor":30,"key":"SMITH"},{"floor":32,"key":"REST"},{"data":"Burning Pact","floor":40,"key":"SMITH"},{"data":"Battle Trance","floor":42,"key":"SMITH"},{"data":"Secret Weapon","floor":45,"key":"SMITH"},{"data":"Pommel Strike","floor":49,"key":"SMITH"}],"neow_cost":"NONE","seed_source_timestamp":516503859651357,"circlet_count":0,"master_deck":["AscendersBane","Strike_R","Strike_R","Defend_R","Defend_R","Defend_R","Defend_R","Bash","Rampage+1","Pommel Strike+1","Double Tap+1","Intimidate","Fiend Fire","Second Wind","Power Through","Battle Trance+1","Feed","Burning Pact+1","Secret Weapon+1"],"relics":["Burning Blood","Potion Belt","Lantern","Letter Opener","Kunai","Juzu Bracelet","Omamori","Cursed Key","PreservedInsect","Happy Flower","Boot","Runic Pyramid","Pantograph","Red Mask"],"potions_floor_usage":[11,16,16,23,23,23,50,50],"damage_taken":[{"damage":7,"enemies":"Jaw Worm","floor":1,"turns":5},{"damage":50,"enemies":"3 Sentries","floor":7,"turns":12},{"damage":40,"enemies":"Lagavulin","floor":11,"turns":6},{"damage":5,"enemies":"Small Slimes","floor":13,"turns":3},{"damage":1,"enemies":"2 Louse","floor":14,"turns":2},{"damage":28,"enemies":"The Guardian","floor":16,"turns":8},{"damage":19,"enemies":"Spheric Guardian","floor":18,"turns":4},{"damage":27,"enemies":"Slavers","floor":23,"turns":6},{"damage":18,"enemies":"Shell Parasite","floor":29,"turns":4},{"damage":21,"enemies":"Champ","floor":33,"turns":6},{"damage":17,"enemies":"3 Darklings","floor":35,"turns":4},{"damage":25,"enemies":"3 Shapes","floor":39,"turns":5},{"damage":0,"enemies":"Transient","floor":41,"turns":6},{"damage":39,"enemies":"Donu and Deca","floor":50,"turns":4},{"damage":26,"enemies":"Awakened One","floor":51,"turns":7}],"seed_played":"-2625266717344392167","potions_obtained":[{"floor":1,"key":"GamblersBrew"},{"floor":7,"key":"Dexterity Potion"},{"floor":13,"key":"Fire Potion"},{"floor":16,"key":"Explosive Potion"},{"floor":18,"key":"Fruit Juice"},{"floor":39,"key":"AttackPotion"},{"floor":41,"key":"Swift Potion"}],"is_trial":false,"path_per_floor":["M","?","?","T","$","R","E","R","T","R","E","R","M","M","R","B",null,"M","?","?","?","$","E","R","$","T","?","?","M","R","?","R","B",null,"M","$","?","?","M","R","M","R","T","?","R","$","?","T","R","B","B",null],"character_chosen":"IRONCLAD","items_purchased":["Pommel Strike","PreservedInsect","Swift Potion","Burning Pact","Pantograph"],"campfire_rested":6,"item_purchase_floors":[5,22,22,36,36],"current_hp_per_floor":[67,67,49,49,49,71,27,49,49,49,15,37,38,43,65,43,67,54,54,54,54,54,38,62,62,62,62,62,50,50,50,74,59,75,64,64,64,64,48,48,54,54,54,54,54,54,54,54,54,46,51],"gold":86,"neow_bonus":"RANDOM_COMMON_RELIC","is_prod":false,"is_daily":false,"chose_seed":false,"campfire_upgraded":6,"win_rate":0,"timestamp":1562605688,"path_taken":["M","?","?","?","$","R","E","R","T","R","E","R","M","M","R","BOSS","M","?","?","?","$","E","R","?","T","?","?","M","R","?","R","BOSS","M","$","?","?","M","R","M","R","T","?","R","?","?","?","R","BOSS","BOSS"],"build_version":"2019-07-05","purchased_purges":1,"victory":true,"max_hp_per_floor":[75,75,75,75,75,75,75,75,75,75,75,75,75,75,75,75,75,75,75,75,75,75,80,80,80,80,80,80,80,80,80,80,80,80,80,80,80,80,83,83,83,83,83,83,83,83,83,83,83,83,83],"card_choices":[{"not_picked":["Flex","Warcry"],"picked":"Rampage","floor":1},{"not_picked":["Anger","Searing Blow"],"picked":"Double Tap","floor":7},{"not_picked":["Perfected Strike","Heavy Blade"],"picked":"Intimidate","floor":11},{"not_picked":["Heavy Blade","Armaments","Spot Weakness"],"picked":"SKIP","floor":13},{"not_picked":["Clothesline","Anger","Armaments"],"picked":"SKIP","floor":14},{"not_picked":["Immolate","Berserk"],"picked":"Fiend Fire","floor":16},{"not_picked":["Rampage","Bloodletting"],"picked":"Second Wind","floor":18},{"not_picked":["Flex","Carnage","Clothesline"],"picked":"SKIP","floor":23},{"not_picked":["Thunderclap","Twin Strike","Armaments"],"picked":"SKIP","floor":29},{"not_picked":["Bludgeon","Immolate"],"picked":"Feed","floor":33},{"not_picked":["Armaments","Body Slam","Clash"],"picked":"SKIP","floor":35},{"not_picked":["Perfected Strike","Clash","Flame Barrier"],"picked":"SKIP","floor":39},{"not_picked":["Havoc","Anger","Body Slam"],"picked":"SKIP","floor":41},{"not_picked":["Mayhem","Chrysalis"],"picked":"Secret Weapon","floor":44}],"player_experience":698758,"relics_obtained":[{"floor":4,"key":"Letter Opener"},{"floor":7,"key":"Kunai"},{"floor":9,"key":"Juzu Bracelet"},{"floor":11,"key":"Omamori"},{"floor":23,"key":"Happy Flower"},{"floor":26,"key":"Boot"}],"event_choices":[{"damage_healed":0,"gold_gain":0,"player_choice":"Ignored","damage_taken":0,"max_hp_gain":0,"max_hp_loss":0,"event_name":"Shining Light","floor":2,"gold_loss":0},{"damage_healed":0,"gold_gain":0,"player_choice":"Success","damage_taken":18,"relics_obtained":["Lantern"],"max_hp_gain":0,"max_hp_loss":0,"event_name":"Scrap Ooze","floor":3,"gold_loss":0},{"damage_healed":0,"gold_gain":0,"player_choice":"Ignored","damage_taken":0,"max_hp_gain":0,"max_hp_loss":0,"event_name":"Ghosts","floor":19,"gold_loss":0},{"damage_healed":0,"gold_gain":0,"player_choice":"Smashed Altar","damage_taken":0,"max_hp_gain":0,"max_hp_loss":0,"event_name":"Forgotten Altar","floor":20,"gold_loss":0,"cards_obtained":["Decay"]},{"damage_healed":0,"gold_gain":0,"cards_transformed":["Strike_R","Strike_R"],"player_choice":"Became Test Subject","damage_taken":0,"max_hp_gain":0,"max_hp_loss":0,"event_name":"Drug Dealer","floor":21,"gold_loss":0,"cards_obtained":["Power Through","Battle Trance"]},{"damage_healed":0,"gold_gain":0,"player_choice":"Ignored","damage_taken":0,"max_hp_gain":0,"max_hp_loss":0,"event_name":"The Mausoleum","floor":27,"gold_loss":0},{"damage_healed":0,"gold_gain":50,"player_choice":"Stole From Cult","damage_taken":0,"max_hp_gain":0,"max_hp_loss":0,"event_name":"Nest","floor":28,"gold_loss":0},{"damage_healed":0,"gold_gain":200,"player_choice":"Gold","damage_taken":0,"max_hp_gain":0,"max_hp_loss":0,"event_name":"Wheel of Change","floor":31,"gold_loss":0},{"damage_healed":0,"gold_gain":0,"player_choice":"Paid","damage_taken":0,"relics_obtained":["Red Mask"],"max_hp_gain":0,"max_hp_loss":0,"event_name":"Tomb of Lord Red Mask","floor":37,"gold_loss":48},{"damage_healed":0,"gold_gain":0,"player_choice":"Ignored","damage_taken":0,"max_hp_gain":0,"max_hp_loss":0,"event_name":"Mysterious Sphere","floor":38,"gold_loss":0},{"damage_healed":0,"gold_gain":0,"player_choice":"Memory 1","damage_taken":0,"max_hp_gain":0,"max_hp_loss":0,"event_name":"SensoryStone","floor":44,"gold_loss":0},{"damage_healed":0,"gold_gain":50,"player_choice":"Pray","damage_taken":0,"max_hp_gain":0,"max_hp_loss":0,"event_name":"Golden Shrine","floor":47,"gold_loss":0}],"is_beta":false,"boss_relics":[{"not_picked":["Orrery","Snecko Eye"],"picked":"Cursed Key"},{"not_picked":["Velvet Choker","Black Star"],"picked":"Runic Pyramid"}],"items_purged_floors":[5],"is_endless":false,"potions_floor_spawned":[1,7,13,16,18,39,41],"ascension_level":20}