{"path_per_floor":["M","M","M","?","M","E","R","M","T","M","?","E","M","M","R","B",null,"M","$","M","?","M","E","?","E","T","M","$"],"character_chosen":"IRONCLAD","items_purchased":["Entrench","Master of Strategy","Toxic Egg"],"gold_per_floor":[109,119,134,134,149,180,180,193,193,209,209,234,252,265,265,364,364,383,169,186,101,117,152,152,177,177,195,76],"floor_reached":29,"campfire_rested":0,"playtime":2084,"current_hp_per_floor":[80,80,80,77,56,36,36,47,47,42,26,16,21,25,25,23,80,74,74,49,49,53,52,52,27,27,12,12],"items_purged":[],"gold":76,"play_id":"048372a1-20e6-4afa-bbf0-919e3301b97b","is_prod":false,"is_daily":false,"campfire_rituals":0,"campfire_upgraded":2,"is_hardmode":false,"path_taken":["M","M","M","?","M","E","R","M","T","M","?","E","M","M","R","BOSS","M","$","M","?","M","E","?","E","T","M","$","E"],"build_version":"2018-01-11-PROD2","purchased_purges":0,"victory":false,"master_deck":["Strike_R","Strike_R","Strike_R","Strike_R","Strike_R","Defend_R","Defend_R","Defend_R","Defend_R","Bash","Pommel Strike","Body Slam","Headbutt","Shrug It Off","Thunderclap","Battle Trance","Barricade","Battle Trance","Entrench","Master of Strategy","Ghostly Armor","Armaments","Flame Barrier"],"max_hp_per_floor":[80,80,80,80,80,80,80,80,80,80,80,80,80,80,80,80,80,80,80,80,80,80,80,80,80,80,80,80],"relics":["Burning Blood","NeowsBlessing","Torii","Ancient Tea Set","Ginger","The Courier","Sozu","Regal Pillow","Mummified Hand","Bag of Preparation","Self Forming Clay","Toxic Egg"],"campfire_meditates":0,"card_choices":[{"not_picked":["Perfected Strike","Carnage"],"picked":"Pommel Strike"},{"not_picked":["Warcry","Pommel Strike"],"picked":"Body Slam"},{"not_picked":["Clothesline","Shrug It Off"],"picked":"Headbutt"},{"not_picked":["Carnage","Metallicize"],"picked":"Shrug It Off"},{"not_picked":["Armaments","Feel No Pain"],"picked":"Thunderclap"},{"not_picked":["Fire Breathing","Clothesline"],"picked":"Battle Trance"},{"not_picked":["Brutality","Double Tap"],"picked":"Barricade"},{"not_picked":["Heavy Blade","Searing Blow"],"picked":"Battle Trance"},{"not_picked":["Warcry","Perfected Strike"],"picked":"Ghostly Armor"},{"not_picked":["Rampage","Iron Wave"],"picked":"Armaments"},{"not_picked":["Whirlwind","Combust"],"picked":"Flame Barrier"}],"player_experience":173857,"potions_floor_usage":[6,8,12,16],"damage_taken":[{"damage":0,"enemies":"Cultist","floor":1,"turns":1},{"damage":0,"enemies":"2 Louse","floor":2,"turns":1},{"damage":0,"enemies":"Small Slimes","floor":3,"turns":1},{"damage":27,"enemies":"Exordium Thugs","floor":5,"turns":6},{"damage":26,"enemies":"Lagavulin","floor":6,"turns":10},{"damage":10,"enemies":"Exordium Wildlife","floor":8,"turns":6},{"damage":11,"enemies":"Looter","floor":10,"turns":3},{"damage":16,"enemies":"3 Sentries","floor":12,"turns":7},{"damage":1,"enemies":"2 Fungi Beasts","floor":13,"turns":3},{"damage":2,"enemies":"Exordium Wildlife","floor":14,"turns":5},{"damage":8,"enemies":"Slime Boss","floor":16,"turns":8},{"damage":12,"enemies":"2 Thieves","floor":18,"turns":4},{"damage":31,"enemies":"Spheric Guardian","floor":20,"turns":7},{"damage":2,"enemies":"3 Cultists","floor":22,"turns":7},{"damage":7,"enemies":"Book of Stabbing","floor":23,"turns":8},{"damage":31,"enemies":"Gremlin Leader","floor":25,"turns":9},{"damage":21,"enemies":"Chosen and Byrds","floor":27,"turns":7},{"damage":12,"enemies":"Slavers","floor":29,"turns":4}],"event_choices":[{"event_name":"Scrap Ooze","player_choice":"success","floor":4,"damage_taken":3},{"event_name":"Shining Light","player_choice":"Entered Light","floor":11,"damage_taken":0},{"event_name":"Addict","player_choice":"Obtained Relic","floor":21,"damage_taken":0},{"event_name":"Drug Dealer","player_choice":"Ignored","floor":24,"damage_taken":0}],"boss_relics":[{"not_picked":["Orrery","Philosopher\u0027s Stone"],"picked":"Sozu"}],"potions_floor_spawned":[5,6,10,14,20,22,23],"seed_played":"1088005718088506190","killed_by":"Slavers","is_trial":false}