{"path_per_floor":["M","M","?","?","?","R","M","E","T","?","E","M","M","T","R","B",null,"M","$","M","$","?","E","M","R","T","R","E","M","M","E","R","B",null,"M","?","?","M","?","E","R","M","T","E","R","?","M","E","R","B"],"character_chosen":"IRONCLAD","items_purchased":["Apotheosis"],"gold_per_floor":[119,138,138,138,313,313,326,366,366,366,410,424,439,512,512,632,632,648,573,598,409,409,442,462,462,462,462,503,526,546,580,580,699,699,720,720,779,802,802,846,846,861,936,980,980,980,993,1029,1029,1029],"floor_reached":51,"campfire_rested":0,"playtime":3571,"current_hp_per_floor":[75,72,72,72,72,72,74,37,37,61,27,32,46,56,56,33,84,68,68,67,67,67,52,56,56,56,56,33,33,39,35,35,42,84,75,75,74,77,77,84,84,84,84,84,98,98,98,68,68,98],"items_purged":["Doubt"],"gold":1029,"play_id":"a2a36808-034e-4ac7-bde9-a8f3339daa57","is_prod":false,"is_daily":false,"campfire_rituals":0,"campfire_upgraded":5,"is_hardmode":false,"path_taken":["M","M","?","?","?","R","M","E","T","?","E","M","M","?","R","BOSS","M","$","M","?","?","E","?","R","T","R","E","M","M","E","R","BOSS","M","?","?","M","?","E","R","M","T","E","R","?","M","E","R","BOSS"],"build_version":"2018-01-11-PROD2","purchased_purges":1,"victory":true,"master_deck":["Strike_R","Defend_R","Defend_R","Defend_R","Defend_R","Bash","Rampage","Cleave","Metallicize","Ghostly Armor","Demon Form","Battle Trance","Apotheosis","Barricade","Flame Barrier","Pommel Strike","Thunderclap","Reaper","Evolve","Demon Form","Sword Boomerang","Entrench","Impervious","Headbutt","Entrench"],"max_hp_per_floor":[80,80,80,74,74,74,74,74,74,74,74,74,74,84,84,84,84,84,84,84,84,84,84,84,84,84,84,84,84,84,84,84,84,84,84,84,84,84,84,84,84,84,84,84,98,98,98,98,98,98],"relics":["Burning Blood","Golden Idol","Orichalcum","Torii","Mummified Hand","Pear","Runic Dome","Champion Belt","War Paint","Juzu Bracelet","Ornamental Fan","Pantograph","Astrolabe","Shovel","Centennial Puzzle","Bottled Flame","Blue Candle","Calipers","Mango","Art of War","Darkstone Periapt"],"campfire_meditates":0,"card_choices":[{"not_picked":["Anger","Hemokinesis"],"picked":"Cleave"},{"not_picked":["Thunderclap","Uppercut"],"picked":"Metallicize"},{"not_picked":["Heavy Blade","Pommel Strike"],"picked":"Ghostly Armor"},{"not_picked":["Berserk","Dark Embrace"],"picked":"Demon Form"},{"not_picked":["Body Slam","Clothesline"],"picked":"Battle Trance"},{"not_picked":["Burning Pact","Bloodletting"],"picked":"Barricade"},{"not_picked":["Perfected Strike","Fiend Fire"],"picked":"Flame Barrier"},{"not_picked":["Havoc","Cleave"],"picked":"Pommel Strike"},{"not_picked":["Clothesline","Pommel Strike"],"picked":"Thunderclap"},{"not_picked":["Brutality","Berserk"],"picked":"Reaper"},{"not_picked":["Dual Wield","Corruption"],"picked":"Entrench"},{"not_picked":["Warcry","Cleave"],"picked":"Impervious"},{"not_picked":["Disarm","Clothesline"],"picked":"Headbutt"}],"player_experience":216224,"potions_floor_usage":[7,8,13,16,23,28,31,37,50,50],"damage_taken":[{"damage":11,"enemies":"Jaw Worm","floor":1,"turns":4},{"damage":9,"enemies":"Blue Slaver","floor":2,"turns":4},{"damage":0,"enemies":"2 Louse","floor":7,"turns":1},{"damage":43,"enemies":"3 Sentries","floor":8,"turns":6},{"damage":40,"enemies":"Lagavulin","floor":11,"turns":8},{"damage":1,"enemies":"Exordium Wildlife","floor":12,"turns":4},{"damage":7,"enemies":"3 Louse","floor":13,"turns":7},{"damage":29,"enemies":"The Guardian","floor":16,"turns":13},{"damage":22,"enemies":"Spheric Guardian","floor":18,"turns":6},{"damage":7,"enemies":"Shell Parasite","floor":20,"turns":4},{"damage":21,"enemies":"Book of Stabbing","floor":23,"turns":5},{"damage":2,"enemies":"Snake Plant","floor":24,"turns":4},{"damage":29,"enemies":"Slavers","floor":28,"turns":9},{"damage":6,"enemies":"3 Cultists","floor":29,"turns":5},{"damage":0,"enemies":"Chosen and Byrds","floor":30,"turns":9},{"damage":10,"enemies":"Gremlin Leader","floor":31,"turns":8},{"damage":24,"enemies":"Collector","floor":33,"turns":12},{"damage":15,"enemies":"Orb Walker","floor":35,"turns":4},{"damage":64,"enemies":"Mysterious Sphere","floor":37,"turns":7},{"damage":13,"enemies":"3 Darklings","floor":38,"turns":5},{"damage":0,"enemies":"Giant Head","floor":40,"turns":8},{"damage":8,"enemies":"4 Shapes","floor":42,"turns":8},{"damage":0,"enemies":"Nemesis","floor":44,"turns":10},{"damage":26,"enemies":"Sphere and 2 Shapes","floor":47,"turns":7},{"damage":36,"enemies":"2 Orb Walkers","floor":48,"turns":6},{"damage":1,"enemies":"Time Eater","floor":50,"turns":9}],"event_choices":[{"event_name":"Wheel of Change","player_choice":"Curse","floor":3,"damage_taken":0},{"event_name":"Golden Idol","player_choice":"Lose Max HP","floor":4,"damage_taken":0},{"event_name":"Liars Game","player_choice":"agreed","floor":5,"damage_taken":0},{"event_name":"Big Fish","player_choice":"Banana","floor":10,"damage_taken":0},{"event_name":"The Mausoleum","player_choice":"Yes","floor":22,"damage_taken":0},{"event_name":"The Woman in Blue","player_choice":"Bought 0 Potions","floor":36,"damage_taken":0},{"event_name":"Mysterious Sphere","player_choice":"Fight","floor":37,"damage_taken":0},{"event_name":"Fountain of Cleansing","player_choice":"Removed Curse","floor":39,"damage_taken":0},{"event_name":"Duplicator","player_choice":"One dupe","floor":46,"damage_taken":0}],"boss_relics":[{"not_picked":["White Beast Statue","Pandora\u0027s Box"],"picked":"Runic Dome"},{"not_picked":["Runic Pyramid","Philosopher\u0027s Stone"],"picked":"Astrolabe"}],"potions_floor_spawned":[1,7,12,13,20,24,29,31,35,42,47],"seed_played":"-861635137551909725","is_trial":false}