{"gold_per_floor":[99],"floor_reached":0,"playtime":336,"items_purged":[],"score":50,"play_id":"a87ef079-5f6f-420d-be98-4c29165322ec","local_time":"20190508232655","daily_mods":["Diverse"],"is_ascension_mode":true,"campfire_choices":[],"neow_cost":"","seed_source_timestamp":0,"circlet_count":0,"master_deck":["Apotheosis","Wraith Form v2","A Thousand Cuts","Envenom","Accuracy","Infinite Blades","Fluid Movement","Tools of the Trade","After Image","Caltrops","Noxious Fumes","ReplayTheSpireMod:Scrap Shanks","Footwork","Well Laid Plans","Corpse Explosion","Phantasmal Killer","Storm of Steel","Night Terror","Bullet Time","ReplayTheSpireMod:Necrosis","infinitespire:Neurotoxin","Venomology","Burst","Adrenaline","Sneak Up","Doppelganger","Poison Darts","Replay:Bag of Tricks","Malaise","Draining Mist","Replay:Poison Smokescreen","Crippling Poison","Leg Sweep","ReplayTheSpireMod:Tripwire","Toxin Wave","Distraction","Blur","Catalyst","Bouncing Flask","Expertise","Setup","Terror","ReplayTheSpireMod:Exploit Weakness","ReplayTheSpireMod:The Works","Concentrate","Escape Plan","Calculated Gamble","ReplayTheSpireMod:Shiv Toss","ReplayTheSpireMod:Speed Training","Reflex","Tactician","Deadly Poison","Blade Dance","PiercingWail","Outmaneuver","Backflip","Acrobatics","Hidden Blade","Cloak And Dagger","Dodge and Roll","Deflect","Prepared","Survivor","Defend_G","Grand Finale","Die Die Die","Unload","Glass Knife","Atom Bomb","ReplayTheSpireMod:From All Sides","Eviscerate","Choke","Predator","Riddle With Holes","Flechettes","Finisher","All Out Attack","Heel Hook","Dash","Endless Agony","Backstab","Masterful Stab","Skewer","Underhanded Strike","Flying Knee","Sucker Punch","Quick Slash","Poisoned Stab","Dagger Spray","Bane","Dagger Throw","Slice","Neutralize","Barricade","Demon Form","Juggernaut","Combust","Corruption","Berserk","Brutality","Dark Embrace","Feel No Pain","Evolve","Inflame","Metallicize","Life Link","Limit Break","Impervious","Eclipse","Fire Breathing","Rupture","Exhume","Double Tap","Offering","Replay:Many Hands","Demonic Infusion","Spot Weakness","Entrench","Shockwave","Flame Barrier","Defy Death","Dual Wield","Infernal Blade","Burning Pact","Seeing Red","Disarm","Sentinel","ReplayReversal","ReplayTheSpireMod:Stacked","Power Through","ReplayTheSpireMod:Corrosion Curse","Second Wind","Ghostly Armor","Intimidate","Abandon","Battle Trance","Armaments","Shrug It Off","Rage","ReplayTheSpireMod:Muscle Training","Bloodletting","Havoc","True Grit","Warcry","Flex","Fiend Fire","Reaper","Immolate","Bludgeon","Hemogenesis","Feed","Blood for Blood","ReplayTheSpireMod:Limb From Limb","Uppercut","Sever Soul","ReplayTheSpireMod:LeadingStrike","Hemokinesis","Massacre","Carnage","Searing Blow","Pummel","Rampage","Dropkick","infinitespire:OneForAll","Reckless Charge","Cleave","Heavy Blade","Clothesline","Perfected Strike","Whirlwind","Iron Wave","Headbutt","Wild Strike","Sword Boomerang","ReplayTheSpireMod:Strike From Hell","Twin Strike","Pommel Strike","Thunderclap","Body Slam","Run Through","Anger","Clash","Replay:Undeath\u0027s Touch","Bash","Creative AI","Machine Learning","Biased Cognition","Buffer","Electrodynamics","Echo Form","FIFO Queue","Storm","ReplayTheSpireMod:GoodbyeWorld","Self Repair","Defragment","Capacitor","Heatsinks","Static Discharge","Loop","Hello World","Crystallizer","Rainbow","Mirror Shield","Amplify","Fission","Force Field","Multi-Cast","ReplayRNGCard","Seek","Reboot","Glacier","Consume","Undo","Fusion","Aggregate","Recycle","Auto Shields","Darkness","ReplaySort","Chaos","ReplayTheSpireMod:System Scan","Skim","Time Bomb","Genetic Algorithm","Double Energy","ReplayTheSpireMod:Reroute Power","ReplayTheSpireMod:Calculation Training","ReplayTheSpireMod:Repulse","ReplaySolidLightProjector","White Noise","Steam Power","Chill","BootSequence","Reprogram","Tempest","Stack","Redo","Coolheaded","BasicCrystalCard","Reinforced Body","Conserve Battery","Hologram","Leap","Panic Button","Turbo","Meteor Strike","Defend_B","Zap","Dualcast","Steam","Thunder Strike","ReplayTheSpireMod:Omega Cannon","All For One","Hyperbeam","Core Surge","Scrape","Melter","Doom and Gloom","ReplayGash","Sunder","Blizzard","Rip and Tear","Lockon","FTL","Streamline","Compile Driver","Ball Lightning","Cold Snap","Sweeping Beam","Rebound","Barrage","Gash","Go for the Eyes","Beam Cell","AbeCurse"],"relics":["Burning Blood","Abe\u0027s Treasure","Replay:Accelerometer","Anchor","Ancient Tea Set","Another Sword","Ancient Bracer","Arrowhead","Art of War","Astrolabe"],"potions_floor_usage":[],"damage_taken":[],"seed_played":"-4324553878324164119","potions_obtained":[],"is_trial":true,"path_per_floor":[],"character_chosen":"IRONCLAD","items_purchased":[],"campfire_rested":0,"item_purchase_floors":[],"current_hp_per_floor":[68],"gold":99,"neow_bonus":"","is_prod":false,"is_daily":false,"chose_seed":false,"campfire_upgraded":0,"win_rate":0,"timestamp":1557372415,"path_taken":[],"build_version":"2019-01-23","purchased_purges":0,"victory":false,"max_hp_per_floor":[75],"card_choices":[],"player_experience":279939,"relics_obtained":[],"event_choices":[],"is_beta":false,"boss_relics":[],"items_purged_floors":[],"is_endless":false,"potions_floor_spawned":[],"ascension_level":20}