{"gold_per_floor":[116,116,127,141,160,160,192,192,215,215,246,27,46,65,65,161,161,171,171,86,102,102,102,128,128,208,220,145,171,38,58,58,58],"floor_reached":33,"playtime":1900,"items_purged":["Decay","Strike_G"],"score":354,"play_id":"1175d3e0-5af4-4ed7-b9cf-b658ac9da1e5","local_time":"20190418052635","is_ascension_mode":true,"campfire_choices":[{"data":"Neutralize","floor":6,"key":"SMITH"},{"floor":8,"key":"REST"},{"data":"Noxious Fumes","floor":10,"key":"SMITH"},{"floor":15,"key":"REST"},{"data":"Malaise","floor":23,"key":"SMITH"},{"data":"Well Laid Plans","floor":25,"key":"SMITH"},{"data":"Footwork","floor":32,"key":"SMITH"}],"neow_cost":"NONE","seed_source_timestamp":25676766872833,"circlet_count":0,"master_deck":["Defend_G","Defend_G","Defend_G","Defend_G","Defend_G","Strike_G","Strike_G","Survivor","Neutralize+1","Deflect","Finisher","Quick Slash","Dash","Noxious Fumes+1","Cloak And Dagger","Backflip","Well Laid Plans","Malaise+1","Bouncing Flask+1","Blur","Well Laid Plans+1","Panacea","Sucker Punch","Accuracy","PiercingWail","Noxious Fumes+1","Footwork+1","Dagger Throw+1"],"relics":["Ring of the Snake","Oddly Smooth Stone","Orichalcum","Art of War","Pen Nib","Juzu Bracelet","Coffee Dripper","Mummified Hand","Shuriken","Molten Egg 2","Lantern"],"potions_floor_usage":[7,16,16,31,33],"damage_taken":[{"damage":0,"enemies":"2 Louse","floor":1,"turns":4},{"damage":4,"enemies":"Cultist","floor":3,"turns":4},{"damage":10,"enemies":"Small Slimes","floor":4,"turns":3},{"damage":2,"enemies":"Looter","floor":5,"turns":3},{"damage":41,"enemies":"Gremlin Nob","floor":7,"turns":6},{"damage":16,"enemies":"Lagavulin","floor":11,"turns":6},{"damage":0,"enemies":"Large Slime","floor":13,"turns":5},{"damage":4,"enemies":"Gremlin Gang","floor":14,"turns":4},{"damage":1,"enemies":"Hexaghost","floor":16,"turns":10},{"damage":16,"enemies":"2 Thieves","floor":18,"turns":4},{"damage":0,"enemies":"Chosen","floor":21,"turns":6},{"damage":8,"enemies":"Book of Stabbing","floor":24,"turns":7},{"damage":6,"enemies":"Snake Plant","floor":27,"turns":4},{"damage":30,"enemies":"Gremlin Leader","floor":29,"turns":7},{"damage":2,"enemies":"3 Cultists","floor":31,"turns":5},{"damage":14,"enemies":"Collector","floor":33,"turns":3}],"seed_played":"9135495319418576340","potions_obtained":[{"floor":4,"key":"EssenceOfSteel"},{"floor":5,"key":"GamblersBrew"},{"floor":14,"key":"PowerPotion"},{"floor":16,"key":"Fruit Juice"},{"floor":18,"key":"Swift Potion"},{"floor":21,"key":"Strength Potion"},{"floor":29,"key":"AttackPotion"}],"is_trial":false,"path_per_floor":["M","?","M","M","M","R","E","R","T","R","E","$","M","M","R","B",null,"M","?","?","M","?","R","E","R","T","M","?","E","$","M","R","B"],"character_chosen":"THE_SILENT","items_purchased":["Juzu Bracelet","Footwork"],"campfire_rested":2,"item_purchase_floors":[12,30],"current_hp_per_floor":[70,70,66,56,54,54,13,34,34,34,18,18,18,14,35,39,75,59,59,59,59,59,59,51,51,51,45,45,15,15,13,13,0],"gold":58,"neow_bonus":"RANDOM_COMMON_RELIC","is_prod":false,"is_daily":false,"chose_seed":false,"campfire_upgraded":5,"win_rate":0,"timestamp":1555579595,"path_taken":["M","?","M","M","?","R","E","R","T","R","E","$","M","M","R","BOSS","M","?","?","M","?","R","E","R","T","M","?","E","$","M","R","BOSS"],"build_version":"2019-01-23","purchased_purges":2,"victory":false,"max_hp_per_floor":[70,70,70,70,70,70,70,70,70,70,70,70,70,70,70,75,75,75,75,75,75,75,75,75,75,75,75,75,75,75,75,75,75],"card_choices":[{"not_picked":["All Out Attack","Calculated Gamble"],"picked":"Deflect","floor":1},{"not_picked":["Reflex","Deadly Poison"],"picked":"Finisher","floor":3},{"not_picked":["Riddle With Holes","Accuracy"],"picked":"Quick Slash","floor":4},{"not_picked":["Blur","Dodge and Roll"],"picked":"Dash","floor":5},{"not_picked":["Riddle With Holes","Sucker Punch"],"picked":"Noxious Fumes","floor":7},{"not_picked":["Poisoned Stab","Prepared"],"picked":"Cloak And Dagger","floor":11},{"not_picked":["Bane","Outmaneuver"],"picked":"Backflip","floor":13},{"not_picked":["Backflip","Poisoned Stab"],"picked":"Well Laid Plans","floor":14},{"not_picked":["Doppelganger","Grand Finale"],"picked":"Malaise","floor":16},{"not_picked":["Deflect","Predator"],"picked":"Bouncing Flask+1","floor":18},{"not_picked":["Dagger Throw","Finisher"],"picked":"Well Laid Plans","floor":21},{"not_picked":["Choke","Heel Hook+1"],"picked":"Accuracy","floor":24},{"not_picked":["Deflect","Dodge and Roll"],"picked":"PiercingWail","floor":27},{"not_picked":["Flying Knee+1","Outmaneuver"],"picked":"Noxious Fumes+1","floor":29},{"not_picked":["Deadly Poison+1","Blade Dance"],"picked":"Dagger Throw+1","floor":31}],"player_experience":206941,"relics_obtained":[{"floor":7,"key":"Orichalcum"},{"floor":9,"key":"Art of War"},{"floor":11,"key":"Pen Nib"},{"floor":24,"key":"Shuriken"},{"floor":26,"key":"Molten Egg 2"},{"floor":29,"key":"Lantern"}],"event_choices":[{"damage_healed":0,"gold_gain":0,"player_choice":"Cursed","damage_taken":0,"max_hp_gain":0,"max_hp_loss":0,"event_name":"Wheel of Change","floor":2,"gold_loss":0,"cards_obtained":["Decay"]},{"damage_healed":0,"gold_gain":0,"cards_transformed":["Strike_G","Strike_G"],"player_choice":"Became Test Subject","damage_taken":0,"max_hp_gain":0,"max_hp_loss":0,"event_name":"Drug Dealer","floor":19,"gold_loss":0,"cards_obtained":["Grand Finale","Blur"]},{"damage_healed":0,"gold_gain":0,"player_choice":"Obtained Relic","damage_taken":0,"relics_obtained":["Mummified Hand"],"max_hp_gain":0,"max_hp_loss":0,"event_name":"Addict","floor":20,"gold_loss":85},{"damage_healed":0,"gold_gain":0,"player_choice":"2 cards matched","damage_taken":0,"max_hp_gain":0,"max_hp_loss":0,"event_name":"Match and Keep!","floor":22,"gold_loss":0,"cards_obtained":["Panacea","Sucker Punch"]},{"cards_removed":["Grand Finale"],"damage_healed":0,"gold_gain":0,"player_choice":"Gave Gold","damage_taken":0,"max_hp_gain":0,"max_hp_loss":0,"event_name":"Beggar","floor":28,"gold_loss":75}],"is_beta":false,"boss_relics":[{"not_picked":["White Beast Statue","Philosopher\u0027s Stone"],"picked":"Coffee Dripper"}],"items_purged_floors":[12,30],"is_endless":false,"potions_floor_spawned":[4,5,14,16,18,21,29],"killed_by":"Collector","ascension_level":4}