{"gold_per_floor":[119,133,153,123,133,191,191,116,116,448,459,459,459],"floor_reached":13,"playtime":612,"items_purged":["Strike_R"],"score":114,"play_id":"e46b4580-5465-4eac-86c6-2181b0ae6da5","local_time":"20190418043907","is_ascension_mode":true,"campfire_choices":[{"data":"True Grit","floor":7,"key":"SMITH"},{"data":"True Grit","floor":12,"key":"SMITH"}],"neow_cost":"NONE","seed_source_timestamp":24116105994045,"circlet_count":0,"master_deck":["Strike_R","Strike_R","Strike_R","Strike_R","Defend_R","Defend_R","Defend_R","Defend_R","Bash","True Grit+1","Sword Boomerang","Clothesline","Headbutt","Pommel Strike","True Grit+1","Seeing Red"],"relics":["Burning Blood","Tiny Chest","Singing Bowl","Old Coin"],"potions_floor_usage":[6,10,10],"damage_taken":[{"damage":7,"enemies":"Small Slimes","floor":1,"turns":3},{"damage":3,"enemies":"Cultist","floor":2,"turns":4},{"damage":5,"enemies":"2 Louse","floor":3,"turns":3},{"damage":14,"enemies":"2 Fungi Beasts","floor":5,"turns":3},{"damage":32,"enemies":"Gremlin Nob","floor":6,"turns":5},{"damage":16,"enemies":"Lagavulin","floor":10,"turns":5},{"damage":12,"enemies":"3 Louse","floor":11,"turns":4},{"damage":37,"enemies":"3 Sentries","floor":13,"turns":5}],"seed_played":"5889691077796568214","potions_obtained":[{"floor":3,"key":"SpeedPotion"},{"floor":4,"key":"Fire Potion"},{"floor":4,"key":"SteroidPotion"}],"is_trial":false,"path_per_floor":["M","M","M","?","M","E","R","$","T","E","M","R","E"],"character_chosen":"IRONCLAD","items_purchased":[],"campfire_rested":0,"item_purchase_floors":[],"current_hp_per_floor":[79,80,80,80,72,46,46,46,46,38,32,32,0],"gold":459,"neow_bonus":"THREE_CARDS","is_prod":false,"is_daily":false,"chose_seed":false,"campfire_upgraded":2,"win_rate":0,"timestamp":1555576747,"path_taken":["M","M","M","?","M","E","R","$","T","E","M","R","E"],"build_version":"2019-01-23","purchased_purges":1,"victory":false,"max_hp_per_floor":[80,80,80,80,80,80,80,80,80,82,82,82,82],"card_choices":[{"not_picked":["Sword Boomerang","Sentinel"],"picked":"True Grit","floor":0},{"not_picked":["Anger","Rampage"],"picked":"Sword Boomerang","floor":1},{"not_picked":["Havoc","Sword Boomerang"],"picked":"Clothesline","floor":2},{"not_picked":["Shockwave","Intimidate"],"picked":"Headbutt","floor":3},{"not_picked":["Sentinel","Armaments"],"picked":"Pommel Strike","floor":5},{"not_picked":["Combust","Carnage"],"picked":"True Grit","floor":6},{"not_picked":["Fire Breathing","Bloodletting","Perfected Strike"],"picked":"Singing Bowl","floor":10},{"not_picked":["Wild Strike","Intimidate"],"picked":"Seeing Red","floor":11}],"player_experience":205404,"relics_obtained":[{"floor":6,"key":"Tiny Chest"},{"floor":9,"key":"Singing Bowl"},{"floor":10,"key":"Old Coin"}],"event_choices":[{"damage_healed":0,"gold_gain":0,"player_choice":"Bought 2 Potions","damage_taken":0,"max_hp_gain":0,"max_hp_loss":0,"event_name":"The Woman in Blue","floor":4,"gold_loss":0}],"is_beta":false,"boss_relics":[],"items_purged_floors":[8],"is_endless":false,"potions_floor_spawned":[3],"killed_by":"3 Sentries","ascension_level":4}