{"path_per_floor":["M","M","M","M","M","E","R","M","T","M","E","$","R","$","R","B"],"character_chosen":"IRONCLAD","items_purchased":["Body Slam","Finesse"],"gold_per_floor":[117,130,150,161,171,197,197,209,209,222,251,251,251,32,32,131],"floor_reached":17,"campfire_rested":0,"playtime":1247,"current_hp_per_floor":[76,80,80,80,80,50,50,56,56,77,67,67,67,67,67,40],"items_purged":["Feel No Pain"],"gold":161,"play_id":"da3bf71f-f2c3-4a2d-a503-cafb12956551","is_prod":false,"is_daily":false,"campfire_rituals":0,"campfire_upgraded":3,"is_hardmode":false,"path_taken":["M","M","M","?","M","E","R","M","T","M","E","$","R","$","R","BOSS"],"build_version":"2018-01-04-PROD1","purchased_purges":1,"victory":false,"master_deck":["Strike_R","Strike_R","Strike_R","Strike_R","Strike_R","Defend_R","Defend_R","Defend_R","Defend_R","Impervious","Pommel Strike","Body Slam","Intimidate","Shrug It Off","Cleave","Shrug It Off","Body Slam","Finesse","Feed","Flex"],"max_hp_per_floor":[80,80,80,80,80,80,80,80,80,80,80,80,80,80,80,80],"relics":["Burning Blood","Toxic Egg","Frozen Eye","Gremlin Horn","Tiny House"],"campfire_meditates":0,"card_choices":[{"not_picked":["Anger","Headbutt"],"picked":"Impervious"},{"not_picked":["Sever Soul","Headbutt"],"picked":"Pommel Strike"},{"not_picked":["Searing Blow","True Grit"],"picked":"Body Slam"},{"not_picked":["Dual Wield","Cleave"],"picked":"Intimidate"},{"not_picked":["Inflame","Flame Barrier"],"picked":"Shrug It Off"},{"not_picked":["Hemokinesis","Sword Boomerang"],"picked":"Cleave"},{"not_picked":["Hemokinesis","Sword Boomerang"],"picked":"Feel No Pain"},{"not_picked":["Combust","Battle Trance"],"picked":"Shrug It Off"},{"not_picked":["Bludgeon","Juggernaut"],"picked":"Feed"},{"not_picked":["Power Through","Metallicize"],"picked":"Flex"}],"player_experience":3039,"potions_floor_usage":[6,10],"damage_taken":[{"damage":10,"enemies":"Blue Slaver","floor":1,"turns":7},{"damage":2,"enemies":"2 Louse","floor":2,"turns":3},{"damage":4,"enemies":"Small Slimes","floor":3,"turns":4},{"damage":5,"enemies":"3 Louse","floor":4,"turns":4},{"damage":4,"enemies":"Exordium Wildlife","floor":5,"turns":3},{"damage":36,"enemies":"Gremlin Nob","floor":6,"turns":5},{"damage":0,"enemies":"Looter","floor":8,"turns":4},{"damage":0,"enemies":"2 Fungi Beasts","floor":10,"turns":6},{"damage":16,"enemies":"3 Sentries","floor":11,"turns":6},{"damage":33,"enemies":"Slime Boss","floor":16,"turns":10}],"event_choices":[],"boss_relics":[{"not_picked":["Velvet Choker","Mark of Pain"],"picked":"Tiny House"}],"potions_floor_spawned":[3,6,10,16],"seed_played":"-129552572410958322","is_trial":false}