{"gold_per_floor":[118,118,130,130,9,34,34,63,89,89,104,135,100,131,131,230,230,247,258,158,258,258,258],"floor_reached":23,"playtime":1250,"items_purged":["Strike_R","Strike_R"],"score":294,"play_id":"ffc26032-6a2a-487e-834d-5e0fc01b7a2a","local_time":"20190610235859","is_ascension_mode":true,"campfire_choices":[{"data":"Feed","floor":7,"key":"SMITH"},{"data":"Offering","floor":10,"key":"SMITH"},{"data":"Armaments","floor":15,"key":"SMITH"}],"neow_cost":"NONE","seed_source_timestamp":4672236878748495,"circlet_count":0,"master_deck":["Strike_R","Strike_R","Strike_R","Defend_R","Defend_R+1","Defend_R","Defend_R","Bash+1","Twin Strike","Shrug It Off+1","Cleave","Feed+1","Offering+1","Pommel Strike","Sword Boomerang","Armaments+1","Barricade"],"relics":["Burning Blood","PreservedInsect","Bag of Preparation","Ancient Tea Set","War Paint","Charon\u0027s Ashes","Juzu Bracelet","Busted Crown","Pocketwatch","Kunai"],"potions_floor_usage":[16,21,21,23],"damage_taken":[{"damage":1,"enemies":"Cultist","floor":1,"turns":3},{"damage":6,"enemies":"2 Louse","floor":3,"turns":3},{"damage":32,"enemies":"Lagavulin","floor":6,"turns":5},{"damage":22,"enemies":"3 Sentries","floor":8,"turns":5},{"damage":0,"enemies":"Jaw Worm","floor":11,"turns":4},{"damage":30,"enemies":"Lagavulin","floor":12,"turns":4},{"damage":26,"enemies":"3 Sentries","floor":14,"turns":3},{"damage":45,"enemies":"The Guardian","floor":16,"turns":17},{"damage":21,"enemies":"3 Byrds","floor":18,"turns":4},{"damage":10,"enemies":"Chosen","floor":19,"turns":5},{"damage":37,"enemies":"Colosseum Slavers","floor":21,"turns":4},{"damage":14,"enemies":"Colosseum Nobs","floor":21,"turns":4},{"damage":27,"enemies":"Book of Stabbing","floor":23,"turns":4}],"seed_played":"5228517442381460722","potions_obtained":[{"floor":6,"key":"GamblersBrew"},{"floor":12,"key":"Regen Potion"},{"floor":14,"key":"Explosive Potion"},{"floor":16,"key":"Ancient Potion"},{"floor":21,"key":"Energy Potion"}],"is_trial":false,"path_per_floor":["M","?","M","?","$","E","R","E","T","R","M","E","?","E","R","B",null,"M","M","$","?","?","E"],"character_chosen":"IRONCLAD","items_purchased":["Cleave"],"campfire_rested":0,"item_purchase_floors":[5],"current_hp_per_floor":[80,80,80,80,80,54,54,42,42,42,52,32,55,39,39,19,80,69,65,65,26,26,0],"gold":258,"neow_bonus":"RANDOM_COMMON_RELIC","is_prod":false,"is_daily":false,"chose_seed":false,"campfire_upgraded":3,"win_rate":0,"timestamp":1560225539,"path_taken":["M","?","M","?","$","E","R","E","T","R","?","E","?","E","R","BOSS","M","M","$","?","?","E"],"build_version":"2019-01-23","purchased_purges":2,"victory":false,"max_hp_per_floor":[80,80,80,80,80,80,80,84,84,84,88,92,92,96,96,100,100,104,104,104,104,104,104],"card_choices":[{"not_picked":["Reckless Charge","Pummel"],"picked":"Twin Strike","floor":1},{"not_picked":["Flex","Sever Soul"],"picked":"Shrug It Off","floor":3},{"not_picked":["Clothesline","Warcry"],"picked":"Feed","floor":6},{"not_picked":["Warcry","Battle Trance"],"picked":"Offering","floor":8},{"not_picked":["Infernal Blade","True Grit"],"picked":"Pommel Strike","floor":11},{"not_picked":["Bloodletting","Dropkick"],"picked":"Sword Boomerang","floor":12},{"not_picked":["Wild Strike","Whirlwind"],"picked":"Armaments","floor":14},{"not_picked":["Limit Break","Double Tap"],"picked":"Barricade","floor":16},{"not_picked":["Cleave+1"],"picked":"SKIP","floor":18},{"not_picked":["Second Wind"],"picked":"SKIP","floor":19}],"player_experience":315956,"relics_obtained":[{"floor":6,"key":"Bag of Preparation"},{"floor":8,"key":"Ancient Tea Set"},{"floor":9,"key":"War Paint"},{"floor":12,"key":"Charon\u0027s Ashes"},{"floor":14,"key":"Juzu Bracelet"},{"floor":21,"key":"Pocketwatch"},{"floor":21,"key":"Kunai"}],"event_choices":[{"damage_healed":0,"gold_gain":0,"player_choice":"Ignored","damage_taken":0,"max_hp_gain":0,"max_hp_loss":0,"event_name":"Liars Game","floor":2,"gold_loss":0},{"damage_healed":0,"gold_gain":0,"player_choice":"Grow","damage_taken":0,"max_hp_gain":0,"max_hp_loss":0,"event_name":"Living Wall","floor":4,"gold_loss":0,"cards_upgraded":["Bash"]},{"damage_healed":23,"gold_gain":0,"player_choice":"Healed","damage_taken":0,"max_hp_gain":0,"max_hp_loss":0,"event_name":"The Cleric","floor":13,"gold_loss":35},{"damage_healed":0,"gold_gain":0,"player_choice":"Fight","damage_taken":0,"max_hp_gain":0,"max_hp_loss":0,"event_name":"Colosseum","floor":21,"gold_loss":0},{"damage_healed":0,"gold_gain":0,"player_choice":"Fought Nobs","damage_taken":0,"max_hp_gain":0,"max_hp_loss":0,"event_name":"Colosseum","floor":21,"gold_loss":0},{"damage_healed":0,"gold_gain":0,"player_choice":"Ignored","damage_taken":0,"max_hp_gain":0,"max_hp_loss":0,"event_name":"The Mausoleum","floor":22,"gold_loss":0}],"is_beta":false,"boss_relics":[{"not_picked":["Runic Cube","Eternal Feather"],"picked":"Busted Crown"}],"items_purged_floors":[5,20],"is_endless":false,"potions_floor_spawned":[6,12,14,16,21,21],"killed_by":"Book of Stabbing","ascension_level":5}