{"gold_per_floor":[116,135,153,228,228,228,256,256,333,363,343,356,356,371,371,371],"floor_reached":16,"playtime":801,"items_purged":[],"score":138,"play_id":"a286ae55-5d83-4e8f-9ac1-0add6b923c4d","local_time":"20190424230641","is_ascension_mode":true,"campfire_choices":[{"data":"Neutralize","floor":6,"key":"SMITH"},{"floor":8,"key":"REST"},{"floor":13,"key":"REST"},{"data":"PiercingWail","floor":15,"key":"SMITH"}],"neow_cost":"NONE","seed_source_timestamp":608784246287591,"circlet_count":0,"master_deck":["Defend_G","Defend_G","Defend_G","Defend_G","Defend_G","Strike_G","Strike_G","Strike_G","Strike_G","Strike_G","Survivor","Neutralize+1","Infinite Blades","PiercingWail","Cloak And Dagger","PiercingWail+1","Leg Sweep","Skewer","Dagger Spray"],"relics":["Ring of the Snake","Centennial Puzzle","Mercury Hourglass","Shuriken"],"potions_floor_usage":[7,16,16,16],"damage_taken":[{"damage":0,"enemies":"Cultist","floor":1,"turns":4},{"damage":4,"enemies":"2 Louse","floor":2,"turns":4},{"damage":1,"enemies":"Small Slimes","floor":3,"turns":4},{"damage":33,"enemies":"Lagavulin","floor":7,"turns":9},{"damage":23,"enemies":"Gremlin Nob","floor":10,"turns":5},{"damage":5,"enemies":"Red Slaver","floor":12,"turns":4},{"damage":9,"enemies":"Large Slime","floor":14,"turns":4},{"damage":28,"enemies":"The Guardian","floor":16,"turns":7}],"seed_played":"-4811880755506341654","potions_obtained":[{"floor":2,"key":"Energy Potion"},{"floor":7,"key":"FearPotion"},{"floor":10,"key":"Energy Potion"},{"floor":11,"key":"GamblersBrew"},{"floor":14,"key":"SteroidPotion"}],"is_trial":false,"path_per_floor":["M","M","M","?","?","R","E","R","T","E","?","M","R","M","R","B"],"character_chosen":"THE_SILENT","items_purchased":[],"campfire_rested":2,"item_purchase_floors":[],"current_hp_per_floor":[70,66,65,54,54,54,21,42,42,19,19,14,35,26,26,0],"gold":371,"neow_bonus":"THREE_CARDS","is_prod":false,"is_daily":false,"chose_seed":false,"campfire_upgraded":2,"win_rate":0,"timestamp":1556161601,"path_taken":["M","M","?","?","?","R","E","R","T","E","?","M","R","M","R","BOSS"],"build_version":"2019-01-23","purchased_purges":0,"victory":false,"max_hp_per_floor":[70,70,70,70,70,70,70,70,70,70,70,70,70,70,70,70],"card_choices":[{"not_picked":["Blade Dance","Tactician"],"picked":"Infinite Blades","floor":0},{"not_picked":["Quick Slash","Deadly Poison"],"picked":"PiercingWail","floor":1},{"not_picked":["Deflect","Bane"],"picked":"Cloak And Dagger","floor":2},{"not_picked":["Blade Dance","Prepared"],"picked":"PiercingWail","floor":3},{"not_picked":["Venomology","Concentrate"],"picked":"Leg Sweep","floor":7},{"not_picked":["Cloak And Dagger","Choke"],"picked":"Skewer","floor":10},{"not_picked":["Cloak And Dagger","Setup"],"picked":"Dagger Spray","floor":12},{"not_picked":["All Out Attack","Masterful Stab","Quick Slash"],"picked":"SKIP","floor":14}],"player_experience":225666,"relics_obtained":[{"floor":7,"key":"Centennial Puzzle"},{"floor":9,"key":"Mercury Hourglass"},{"floor":10,"key":"Shuriken"}],"event_choices":[{"damage_healed":0,"gold_gain":75,"player_choice":"Gather Gold","damage_taken":11,"max_hp_gain":0,"max_hp_loss":0,"event_name":"World of Goop","floor":4,"gold_loss":0},{"damage_healed":0,"gold_gain":0,"player_choice":"Ignored","damage_taken":0,"max_hp_gain":0,"max_hp_loss":0,"event_name":"Liars Game","floor":5,"gold_loss":0},{"damage_healed":0,"gold_gain":0,"player_choice":"Bought 1 Potion","damage_taken":0,"max_hp_gain":0,"max_hp_loss":0,"event_name":"The Woman in Blue","floor":11,"gold_loss":0}],"is_beta":false,"boss_relics":[],"items_purged_floors":[],"is_endless":false,"potions_floor_spawned":[2,7,10,14],"killed_by":"The Guardian","ascension_level":5}