{"gold_per_floor":[119,44,44,56,71,97,97,97,123,154,131,156,168,213,225,368,380,417,429,64,78,91,20,20,20,95,126,149,17,17,50,50,173,173,189,189,64,189,189,228,243,243,243,42,81,100,100,134,134,134],"floor_reached":51,"playtime":11637,"items_purged":["Decay","Strike_R","Strike_R","Strike_R"],"score":804,"play_id":"a301331a-02e7-4691-ac3b-b2a61a2ac2af","local_time":"20190830114444","is_ascension_mode":false,"campfire_choices":[{"data":"Bash","floor":7.0,"key":"SMITH"},{"data":"Rage","floor":13.0,"key":"SMITH"},{"data":"Rampage","floor":15.0,"key":"SMITH"},{"data":"True Grit","floor":25.0,"key":"SMITH"},{"floor":30.0,"key":"REST"},{"data":"Power Through","floor":32.0,"key":"SMITH"},{"data":"Clothesline","floor":42,"key":"SMITH"},{"data":"1","floor":47,"key":"LIFT"},{"data":"2","floor":49,"key":"LIFT"}],"neow_cost":"CURSE","seed_source_timestamp":0,"circlet_count":0,"master_deck":["Strike_R","Strike_R","Defend_R","Defend_R","Defend_R","Defend_R","Bash+1","Rampage+1","Clothesline+1","Rage+1","Clothesline","Carnage","Second Wind","Impervious","Disarm","Panacea","Shrug It Off","True Grit+1","Power Through+1","Evolve+1","Pommel Strike+1","Evolve+1"],"special_seed":0,"relics":["Burning Blood","Ancient Tea Set","Golden Idol","MawBank","Pear","Busted Crown","Paper Frog","Pantograph","Frozen Egg 2","Vajra","Snecko Eye","Gambling Chip","Girya","Dodecahedron","Darkstone Periapt","Mummified Hand","Unceasing Top"],"potions_floor_usage":[40,40,45,48,50,50],"damage_taken":[{"damage":17.0,"enemies":"Jaw Worm","floor":1.0,"turns":4.0},{"damage":0.0,"enemies":"Small Slimes","floor":4.0,"turns":4.0},{"damage":1.0,"enemies":"2 Louse","floor":5.0,"turns":4.0},{"damage":31.0,"enemies":"3 Sentries","floor":6.0,"turns":10.0},{"damage":5.0,"enemies":"Exordium Thugs","floor":10.0,"turns":4.0},{"damage":5.0,"enemies":"Looter","floor":12.0,"turns":2.0},{"damage":10.0,"enemies":"Gremlin Nob","floor":14.0,"turns":4.0},{"damage":46.0,"enemies":"Hexaghost","floor":16.0,"turns":8.0},{"damage":27.0,"enemies":"3 Byrds","floor":18.0,"turns":7.0},{"damage":5.0,"enemies":"Chosen","floor":21.0,"turns":3.0},{"damage":9.0,"enemies":"Shelled Parasite and Fungi","floor":22.0,"turns":6.0},{"damage":12.0,"enemies":"Book of Stabbing","floor":27.0,"turns":7.0},{"damage":25.0,"enemies":"Sentry and Sphere","floor":28.0,"turns":10.0},{"damage":11.0,"enemies":"Gremlin Leader","floor":31.0,"turns":8.0},{"damage":61.0,"enemies":"Automaton","floor":33.0,"turns":14.0},{"damage":0,"enemies":"3 Shapes","floor":35,"turns":5},{"damage":7,"enemies":"Mind Bloom Boss Battle","floor":38,"turns":8},{"damage":32,"enemies":"Nemesis","floor":40,"turns":11},{"damage":0,"enemies":"Orb Walker","floor":41,"turns":3},{"damage":23,"enemies":"Giant Head","floor":45,"turns":10},{"damage":2,"enemies":"Jaw Worm Horde","floor":46,"turns":6},{"damage":0,"enemies":"Nemesis","floor":48,"turns":9},{"damage":43,"enemies":"Time Eater","floor":50,"turns":11}],"seed_played":"853400670334072757","potions_obtained":[{"floor":1.0,"key":"Swift Potion"},{"floor":5.0,"key":"LiquidBronze"},{"floor":6.0,"key":"GamblersBrew"},{"floor":14.0,"key":"AttackPotion"},{"floor":16.0,"key":"Poison Potion"},{"floor":21.0,"key":"Explosive Potion"},{"floor":27.0,"key":"Ancient Potion"},{"floor":28.0,"key":"Dexterity Potion"},{"floor":35,"key":"Energy Potion"},{"floor":38,"key":"Regen Potion"},{"floor":45,"key":"Regen Potion"},{"floor":48,"key":"AttackPotion"}],"is_trial":false,"path_per_floor":["M","$","?","M","M","E","R","?","T","M","?","M","R","E","R","B",null,"M","?","$","M","M","$","?","R","T","E","M","$","R","E","R","B",null,"M","?","$","?","T","E","M","R","T","$","E","M","R","E","R","B",null],"character_chosen":"IRONCLAD","items_purchased":["Paper Frog","Shrug It Off","Power Through","Evolve+1","Block Potion","Energy Potion"],"campfire_rested":1,"item_purchase_floors":[20,20,23,29,29,44],"current_hp_per_floor":[85,85,85,91,96,71,71,47,47,48,72,73,73,79,79,39,106,85,85,85,86,83,83,83,83,83,77,58,58,89,84,84,51,106,106,106,106,105,105,79,85,85,85,85,68,72,72,93,93,78],"gold":134,"neow_bonus":"TWENTY_PERCENT_HP_BONUS","is_prod":false,"is_daily":false,"chose_seed":false,"campfire_upgraded":6,"win_rate":0,"timestamp":1567158284,"path_taken":["M","$","?","M","M","E","R","?","T","M","?","?","R","E","R","BOSS","M","?","$","M","M","?","?","R","T","E","?","?","R","E","R","BOSS","M","?","$","?","?","E","M","R","T","$","E","M","R","E","R","BOSS"],"build_version":"2019-07-17","purchased_purges":4,"victory":true,"max_hp_per_floor":[96,96,96,96,96,96,96,96,96,96,96,96,96,106,106,106,106,106,106,106,106,106,106,106,106,106,106,106,106,106,106,106,106,106,106,106,106,106,106,106,106,106,106,106,106,106,106,106,106,106],"card_choices":[{"not_picked":["Shrug It Off","Seeing Red"],"picked":"Rampage","floor":1.0},{"not_picked":["Flex","Pommel Strike"],"picked":"Clothesline","floor":4.0},{"not_picked":["Feel No Pain","Clothesline"],"picked":"Rage","floor":5.0},{"not_picked":["Corruption","Twin Strike"],"picked":"Clothesline","floor":6.0},{"not_picked":["True Grit","Clothesline"],"picked":"Carnage","floor":10.0},{"not_picked":["Perfected Strike","True Grit","Feel No Pain"],"picked":"SKIP","floor":12.0},{"not_picked":["Warcry","Hemokinesis"],"picked":"Second Wind","floor":14.0},{"not_picked":["Limit Break","Brutality"],"picked":"Impervious","floor":16.0},{"not_picked":["Pummel+1"],"picked":"SKIP","floor":18.0},{"not_picked":["Anger"],"picked":"SKIP","floor":21.0},{"not_picked":["Anger"],"picked":"SKIP","floor":21.0},{"not_picked":["Anger"],"picked":"SKIP","floor":21.0},{"not_picked":["Anger"],"picked":"SKIP","floor":21.0},{"not_picked":[],"picked":"True Grit","floor":22.0},{"not_picked":["Iron Wave+1"],"picked":"SKIP","floor":27.0},{"not_picked":["True Grit"],"picked":"SKIP","floor":28.0},{"not_picked":["Havoc"],"picked":"SKIP","floor":31.0},{"not_picked":["Havoc"],"picked":"SKIP","floor":31.0},{"not_picked":["Headbutt"],"picked":"SKIP","floor":35},{"not_picked":["Sever Soul+1"],"picked":"SKIP","floor":40},{"not_picked":["Sword Boomerang"],"picked":"SKIP","floor":41},{"not_picked":[],"picked":"Pommel Strike+1","floor":45},{"not_picked":[],"picked":"Evolve+1","floor":46},{"not_picked":["Searing Blow+1"],"picked":"SKIP","floor":48}],"player_experience":242659,"relics_obtained":[{"floor":6.0,"key":"Ancient Tea Set"},{"floor":9.0,"key":"MawBank"},{"floor":14.0,"key":"Pear"},{"floor":26.0,"key":"Pantograph"},{"floor":27.0,"key":"Frozen Egg 2"},{"floor":31.0,"key":"Vajra"},{"floor":38,"key":"Gambling Chip"},{"floor":39,"key":"Girya"},{"floor":40,"key":"Dodecahedron"},{"floor":43,"key":"Darkstone Periapt"},{"floor":45,"key":"Mummified Hand"},{"floor":48,"key":"Unceasing Top"}],"event_choices":[{"damage_healed":0.0,"max_hp_gain":0.0,"max_hp_loss":0.0,"gold_gain":0.0,"event_name":"Liars Game","player_choice":"Ignored","floor":3.0,"gold_loss":0.0,"damage_taken":0.0},{"damage_healed":0.0,"max_hp_gain":0.0,"max_hp_loss":0.0,"gold_gain":0.0,"event_name":"Golden Idol","player_choice":"Take Damage","floor":8.0,"gold_loss":0.0,"damage_taken":24.0,"relics_obtained":["Golden Idol"]},{"damage_healed":24.0,"max_hp_gain":0.0,"max_hp_loss":0.0,"gold_gain":0.0,"event_name":"The Cleric","player_choice":"Healed","floor":11.0,"gold_loss":35.0,"damage_taken":0.0},{"damage_healed":0.0,"max_hp_gain":0.0,"max_hp_loss":0.0,"gold_gain":0.0,"event_name":"Match and Keep!","player_choice":"2 cards matched","floor":19.0,"gold_loss":0.0,"damage_taken":0.0,"cards_obtained":["Disarm","Panacea"]},{"damage_healed":0.0,"max_hp_gain":0.0,"max_hp_loss":0.0,"gold_gain":0.0,"event_name":"Match and Keep!","player_choice":"2 cards matched","floor":19.0,"gold_loss":0.0,"damage_taken":0.0,"cards_obtained":["Disarm","Panacea"]},{"damage_healed":0,"gold_gain":0,"player_choice":"Memory 1","damage_taken":0,"max_hp_gain":0,"max_hp_loss":0,"event_name":"SensoryStone","floor":36,"gold_loss":0},{"damage_healed":0,"gold_gain":0,"player_choice":"Fight","damage_taken":0,"max_hp_gain":0,"max_hp_loss":0,"event_name":"MindBloom","floor":38,"gold_loss":0}],"is_beta":false,"boss_relics":[{"not_picked":["Mark of Pain","Calling Bell"],"picked":"Busted Crown"},{"not_picked":["Runic Cube","Coffee Dripper"],"picked":"Snecko Eye"}],"items_purged_floors":[2,20,37,44],"is_endless":false,"potions_floor_spawned":[1,5,6,14,16,21,27,28,35,38,45,48],"ascension_level":0}