{"gold_per_floor":[117,117,136,152,51,51,66,66,113,133,133,163,175,203,203,203],"floor_reached":16,"playtime":455,"items_purged":[],"score":224,"play_id":"7b1bab14-c57a-421e-a1b1-3cfe3fb14709","local_time":"20191002121717","is_ascension_mode":true,"campfire_choices":[{"data":"Discovery","floor":6,"key":"SMITH"},{"data":"Inflame","floor":8,"key":"SMITH"},{"floor":11,"key":"REST"},{"floor":15,"key":"REST"}],"neow_cost":"TEN_PERCENT_HP_LOSS","seed_source_timestamp":79858034389800,"circlet_count":0,"master_deck":["AscendersBane","Strike_R","Strike_R","Strike_R","Strike_R","Defend_R","Defend_R","Defend_R","Bash","Inflame+1","Seeing Red","Evolve","Discovery+1","Metallicize","Hemokinesis","Shrug It Off"],"relics":["Burning Blood","FaceOfCleric","Omamori","Blue Candle","Singing Bowl"],"potions_floor_usage":[10,13,14],"damage_taken":[{"damage":1,"enemies":"Cultist","floor":1,"turns":3},{"damage":11,"enemies":"2 Louse","floor":3,"turns":3},{"damage":18,"enemies":"Small Slimes","floor":4,"turns":4},{"damage":34,"enemies":"Exordium Thugs","floor":7,"turns":5},{"damage":0,"enemies":"3 Louse","floor":10,"turns":1},{"damage":29,"enemies":"Lagavulin","floor":12,"turns":5},{"damage":9,"enemies":"2 Fungi Beasts","floor":13,"turns":4},{"damage":27,"enemies":"Gremlin Nob","floor":14,"turns":4},{"damage":32,"enemies":"Slime Boss","floor":16,"turns":8}],"seed_played":"5783157160191006765","potions_obtained":[{"floor":4,"key":"Explosive Potion"},{"floor":12,"key":"GamblersBrew"},{"floor":13,"key":"Weak Potion"}],"is_trial":false,"path_per_floor":["M","?","M","M","$","R","M","R","T","M","R","E","M","E","R","B"],"character_chosen":"IRONCLAD","items_purchased":["Discovery"],"campfire_rested":2,"item_purchase_floors":[5],"current_hp_per_floor":[68,68,64,53,53,53,26,26,26,33,54,32,30,10,32,0],"gold":203,"neow_bonus":"REMOVE_TWO","is_prod":false,"is_daily":false,"chose_seed":false,"campfire_upgraded":2,"win_rate":0,"timestamp":1570043837,"path_taken":["M","?","M","M","$","R","M","R","T","?","R","E","M","E","R","BOSS"],"build_version":"2019-10-01","purchased_purges":0,"victory":false,"max_hp_per_floor":[68,68,69,70,70,70,71,71,71,72,72,73,74,75,75,75],"card_choices":[{"not_picked":["Pommel Strike","Warcry"],"picked":"Inflame","floor":1},{"not_picked":["Iron Wave","Thunderclap"],"picked":"Seeing Red","floor":3},{"not_picked":["Clothesline","Sever Soul"],"picked":"Evolve","floor":4},{"not_picked":["Havoc","Body Slam"],"picked":"Metallicize","floor":7},{"not_picked":["Cleave","Body Slam","Seeing Red"],"picked":"SKIP","floor":10},{"not_picked":["Second Wind","Havoc","Flex"],"picked":"SKIP","floor":12},{"not_picked":["Whirlwind","Body Slam"],"picked":"Hemokinesis","floor":13},{"not_picked":["Clash","Reckless Charge"],"picked":"Shrug It Off","floor":14}],"player_experience":1194573,"relics_obtained":[{"floor":9,"key":"Omamori"},{"floor":12,"key":"Blue Candle"},{"floor":14,"key":"Singing Bowl"}],"event_choices":[{"damage_healed":0,"gold_gain":0,"player_choice":"Trade","damage_taken":0,"relics_obtained":["FaceOfCleric"],"max_hp_gain":0,"max_hp_loss":0,"event_name":"FaceTrader","floor":2,"gold_loss":0}],"is_beta":true,"boss_relics":[],"items_purged_floors":[],"is_endless":false,"potions_floor_spawned":[4,12,13],"killed_by":"Slime Boss","ascension_level":20}