{"gold_per_floor":[211,227,245,260,145,180,180,180,180,199,230,230,230,230,230,307,307,323,323,343,356,356,381,381,381],"floor_reached":25,"playtime":667,"items_purged":["Strike_R"],"score":462,"play_id":"b138769b-802c-4a69-b21c-aa8a51cf5d42","local_time":"20191004105635","is_ascension_mode":true,"campfire_choices":[{"data":"Clothesline","floor":7.0,"key":"SMITH"},{"data":"Disarm","floor":13.0,"key":"SMITH"},{"data":"Spot Weakness","floor":15.0,"key":"SMITH"},{"floor":24.0,"key":"REST"}],"neow_cost":"NONE","seed_source_timestamp":247567612119400,"circlet_count":0,"master_deck":["AscendersBane","Strike_R+1","Strike_R+1","Strike_R+1","Strike_R+1","Defend_R+1","Defend_R+1","Defend_R+1","Defend_R+1","Bash","Clothesline+1","Sword Boomerang","Ghostly Armor","Spot Weakness+1","Fire Breathing","Disarm+1","Shrug It Off","Shockwave","Limit Break","Shrug It Off","Cleave"],"special_seed":0,"relics":["Burning Blood","HornCleat","Lizard Tail","Happy Flower","Mark of Pain","InkBottle"],"potions_floor_usage":[],"damage_taken":[{"damage":17.0,"enemies":"Small Slimes","floor":1.0,"turns":4.0},{"damage":3.0,"enemies":"Cultist","floor":2.0,"turns":5.0},{"damage":5.0,"enemies":"2 Louse","floor":3.0,"turns":3.0},{"damage":12.0,"enemies":"Blue Slaver","floor":4.0,"turns":4.0},{"damage":32.0,"enemies":"Gremlin Nob","floor":6.0,"turns":4.0},{"damage":37.0,"enemies":"Exordium Wildlife","floor":10.0,"turns":6.0},{"damage":26.0,"enemies":"Lagavulin","floor":11.0,"turns":7.0},{"damage":18.0,"enemies":"The Guardian","floor":16.0,"turns":11.0},{"damage":34.0,"enemies":"Spheric Guardian","floor":18.0,"turns":6.0},{"damage":6.0,"enemies":"2 Thieves","floor":20.0,"turns":4.0},{"damage":12.0,"enemies":"3 Cultists","floor":21.0,"turns":5.0},{"damage":19.0,"enemies":"Book of Stabbing","floor":23.0,"turns":5.0},{"damage":44,"enemies":"Masked Bandits","floor":25,"turns":4}],"seed_played":"7115345192233654372","potions_obtained":[{"floor":1.0,"key":"SkillPotion"},{"floor":6.0,"key":"Fruit Juice"},{"floor":10.0,"key":"FearPotion"},{"floor":11.0,"key":"Strength Potion"},{"floor":21.0,"key":"AttackPotion"}],"is_trial":false,"path_per_floor":["M","M","M","M","$","E","R","?","T","M","E","?","R","?","R","B",null,"M","?","M","M","?","E","R","?"],"character_chosen":"IRONCLAD","items_purchased":["Fire Breathing"],"campfire_rested":1,"item_purchase_floors":[5],"current_hp_per_floor":[57,60,61,55,55,34,34,22,22,36,16,16,16,36,36,24,66,38,38,38,32,32,19,42,0],"gold":381,"neow_bonus":"HUNDRED_GOLD","is_prod":false,"is_daily":false,"chose_seed":false,"campfire_upgraded":3,"win_rate":0,"timestamp":1570211795,"path_taken":["M","M","M","M","$","E","R","?","T","?","E","?","R","?","R","BOSS","M","?","?","M","?","E","R","?"],"build_version":"2019-10-03","purchased_purges":1,"victory":false,"max_hp_per_floor":[75,75,75,75,75,80,80,80,80,80,80,80,80,80,80,80,80,80,77,77,77,77,77,77,77],"card_choices":[{"not_picked":["Sentinel","Perfected Strike"],"picked":"Clothesline","floor":1.0},{"not_picked":["Warcry","Clothesline"],"picked":"Sword Boomerang","floor":2.0},{"not_picked":["Body Slam","Wild Strike"],"picked":"Ghostly Armor","floor":3.0},{"not_picked":["Clash","Shrug It Off"],"picked":"Spot Weakness","floor":4.0},{"not_picked":["Cleave","Twin Strike"],"picked":"Disarm","floor":6.0},{"not_picked":["Iron Wave","Cleave"],"picked":"Shrug It Off","floor":10.0},{"not_picked":["Pommel Strike","Dual Wield"],"picked":"Shockwave","floor":11.0},{"not_picked":["Barricade","Juggernaut"],"picked":"Limit Break","floor":16.0},{"not_picked":["Twin Strike","Uppercut"],"picked":"Shrug It Off","floor":18.0},{"not_picked":["Clothesline","Twin Strike","Cleave"],"picked":"SKIP","floor":20.0},{"not_picked":["Clothesline","Twin Strike"],"picked":"Cleave","floor":20.0},{"not_picked":["Headbutt","Searing Blow","Bloodletting"],"picked":"SKIP","floor":21.0},{"not_picked":["Pommel Strike+1","Twin Strike","Blood for Blood"],"picked":"SKIP","floor":23.0}],"player_experience":1230834,"relics_obtained":[{"floor":6.0,"key":"HornCleat"},{"floor":9.0,"key":"Lizard Tail"},{"floor":11.0,"key":"Happy Flower"},{"floor":23.0,"key":"InkBottle"}],"event_choices":[{"damage_healed":0.0,"max_hp_gain":0.0,"max_hp_loss":0.0,"gold_gain":0.0,"event_name":"Wheel of Change","player_choice":"Damaged","floor":8.0,"gold_loss":0.0,"damage_taken":12.0},{"damage_healed":0.0,"max_hp_gain":0.0,"max_hp_loss":0.0,"gold_gain":0.0,"event_name":"Shining Light","player_choice":"Ignored","floor":12.0,"gold_loss":0.0,"damage_taken":0.0},{"damage_healed":20.0,"max_hp_gain":0.0,"max_hp_loss":0.0,"gold_gain":0.0,"event_name":"Mushrooms","player_choice":"Healed and dodged fight","floor":14.0,"gold_loss":0.0,"damage_taken":0.0,"cards_obtained":["Parasite"]},{"cards_removed":["Parasite"],"damage_healed":0.0,"max_hp_gain":0.0,"max_hp_loss":0.0,"gold_gain":0.0,"event_name":"Purifier","player_choice":"Purged","floor":19.0,"gold_loss":0.0,"damage_taken":0.0},{"damage_healed":0.0,"max_hp_gain":0.0,"max_hp_loss":0.0,"gold_gain":0.0,"event_name":"Back to Basics","player_choice":"Simplicity","floor":22.0,"gold_loss":0.0,"damage_taken":0.0,"cards_upgraded":["Strike_R","Strike_R","Strike_R","Strike_R","Defend_R","Defend_R","Defend_R","Defend_R"]},{"damage_healed":0,"gold_gain":0,"player_choice":"Fought Bandits","damage_taken":0,"max_hp_gain":0,"max_hp_loss":0,"event_name":"Masked Bandits","floor":25,"gold_loss":0}],"is_beta":true,"boss_relics":[{"not_picked":["Velvet Choker","Coffee Dripper"],"picked":"Mark of Pain"}],"items_purged_floors":[5],"is_endless":false,"potions_floor_spawned":[1,6,10,11,18,21],"killed_by":"Masked Bandits","ascension_level":20}