{"gold_per_floor":[109,129,141,141,0,30,30,64,64,64,82,82,93,126,126,202,202,218,238,77,91,141,141,171,171,171,196,216,216,246,265,265,265],"floor_reached":33,"playtime":1035,"items_purged":["Anger"],"score":650,"play_id":"c6a60968-a097-48b5-be20-fcd349bcd79a","local_time":"20191003135146","is_ascension_mode":true,"campfire_choices":[{"data":"Wild Strike","floor":7,"key":"SMITH"},{"data":"Armaments","floor":12,"key":"SMITH"},{"data":"Inflame","floor":15,"key":"SMITH"},{"data":"Immolate","floor":23,"key":"SMITH"},{"floor":25,"key":"REST"},{"floor":32,"key":"REST"}],"neow_cost":"NONE","seed_source_timestamp":171348645313700,"circlet_count":0,"master_deck":["AscendersBane","Strike_R","Strike_R","Strike_R","Strike_R","Defend_R","Defend_R","Defend_R","Defend_R","Bash","Armaments+1","Headbutt","Wild Strike+1","Feel No Pain","Impervious","True Grit","Rampage","Inflame+1","Immolate+1","Heavy Blade","Second Wind","Evolve","Shrug It Off"],"relics":["Burning Blood","NeowsBlessing","PreservedInsect","Letter Opener","Eternal Feather","Matryoshka","Red Skull","Snecko Eye","Art of War","Toy Ornithopter","InkBottle","Anchor","Strawberry"],"potions_floor_usage":[8,11,16,21,30,33,33],"damage_taken":[{"damage":0,"enemies":"Cultist","floor":1,"turns":1},{"damage":0,"enemies":"Jaw Worm","floor":2,"turns":1},{"damage":0,"enemies":"2 Louse","floor":3,"turns":1},{"damage":8,"enemies":"Gremlin Nob","floor":6,"turns":3},{"damage":12,"enemies":"Lagavulin","floor":8,"turns":6},{"damage":21,"enemies":"Exordium Thugs","floor":11,"turns":6},{"damage":5,"enemies":"2 Fungi Beasts","floor":13,"turns":3},{"damage":8,"enemies":"Gremlin Nob","floor":14,"turns":3},{"damage":27,"enemies":"Slime Boss","floor":16,"turns":12},{"damage":34,"enemies":"2 Thieves","floor":18,"turns":4},{"damage":13,"enemies":"Spheric Guardian","floor":19,"turns":4},{"damage":18,"enemies":"Snake Plant","floor":21,"turns":3},{"damage":35,"enemies":"Book of Stabbing","floor":24,"turns":4},{"damage":5,"enemies":"Gremlin Leader","floor":27,"turns":6},{"damage":8,"enemies":"Centurion and Healer","floor":28,"turns":4},{"damage":21,"enemies":"Book of Stabbing","floor":30,"turns":4},{"damage":24,"enemies":"Shelled Parasite and Fungi","floor":31,"turns":4},{"damage":90,"enemies":"Champ","floor":33,"turns":14}],"seed_played":"-1172100880003422458","potions_obtained":[{"floor":1,"key":"SkillPotion"},{"floor":2,"key":"SkillPotion"},{"floor":8,"key":"BloodPotion"},{"floor":21,"key":"Explosive Potion"},{"floor":24,"key":"PowerPotion"},{"floor":30,"key":"FearPotion"},{"floor":31,"key":"Swift Potion"}],"is_trial":false,"path_per_floor":["M","M","M","?","$","E","R","E","T","?","M","R","M","E","R","B",null,"M","M","$","M","?","R","E","R","T","E","M","?","E","M","R","B"],"character_chosen":"IRONCLAD","items_purchased":["Feel No Pain","Anger","Regen Potion"],"campfire_rested":2,"item_purchase_floors":[5,5,20],"current_hp_per_floor":[74,75,75,57,57,55,55,49,49,49,49,58,59,57,66,45,68,40,33,33,30,30,42,13,47,47,48,46,46,43,25,61,0],"gold":265,"neow_bonus":"THREE_ENEMY_KILL","is_prod":false,"is_daily":false,"chose_seed":false,"campfire_upgraded":4,"win_rate":0,"timestamp":1570135906,"path_taken":["M","?","M","?","$","E","R","E","T","?","?","R","M","E","R","BOSS","M","M","$","M","?","R","E","R","T","E","M","?","E","M","R","BOSS"],"build_version":"2019-10-03","purchased_purges":1,"victory":false,"max_hp_per_floor":[75,75,75,75,75,75,75,75,75,75,75,75,75,75,75,75,75,75,75,75,75,75,75,75,75,75,75,75,75,82,82,82,82],"card_choices":[{"not_picked":["Bloodletting","Iron Wave"],"picked":"Armaments","floor":1},{"not_picked":["Flex","Shockwave"],"picked":"Headbutt","floor":2},{"not_picked":["Blood for Blood","Shrug It Off"],"picked":"Wild Strike","floor":3},{"not_picked":["Body Slam","Corruption"],"picked":"Impervious","floor":6},{"not_picked":["Havoc","Heavy Blade"],"picked":"True Grit","floor":8},{"not_picked":["Sword Boomerang","Thunderclap"],"picked":"Rampage","floor":11},{"not_picked":["Anger","Havoc","Infernal Blade"],"picked":"SKIP","floor":13},{"not_picked":["Infernal Blade","Flame Barrier"],"picked":"Inflame","floor":14},{"not_picked":["Dark Embrace","Exhume"],"picked":"Immolate","floor":16},{"not_picked":["Uppercut","Wild Strike"],"picked":"Heavy Blade","floor":18},{"not_picked":["Entrench","Rupture","Warcry+1"],"picked":"SKIP","floor":19},{"not_picked":["Flex","Clash"],"picked":"Second Wind","floor":21},{"not_picked":["Iron Wave","Second Wind+1","Thunderclap"],"picked":"SKIP","floor":24},{"not_picked":["Sword Boomerang","Searing Blow"],"picked":"Evolve","floor":27},{"not_picked":["Reckless Charge+1","Anger","Battle Trance"],"picked":"SKIP","floor":28},{"not_picked":["Clash","Flex+1","Twin Strike"],"picked":"SKIP","floor":30},{"not_picked":["Battle Trance","Headbutt"],"picked":"Shrug It Off","floor":31}],"player_experience":1218187,"relics_obtained":[{"floor":6,"key":"Letter Opener"},{"floor":8,"key":"Eternal Feather"},{"floor":9,"key":"Matryoshka"},{"floor":14,"key":"Red Skull"},{"floor":24,"key":"Art of War"},{"floor":26,"key":"Toy Ornithopter"},{"floor":26,"key":"InkBottle"},{"floor":27,"key":"Anchor"},{"floor":30,"key":"Strawberry"}],"event_choices":[{"damage_healed":0,"gold_gain":0,"player_choice":"Success","damage_taken":18,"relics_obtained":["PreservedInsect"],"max_hp_gain":0,"max_hp_loss":0,"event_name":"Scrap Ooze","floor":4,"gold_loss":0},{"cards_removed":["Strike_R"],"damage_healed":0,"gold_gain":0,"player_choice":"Offered Basic","damage_taken":0,"max_hp_gain":0,"max_hp_loss":0,"event_name":"Bonfire Elementals","floor":10,"gold_loss":0},{"damage_healed":0,"gold_gain":50,"player_choice":"Stole From Cult","damage_taken":0,"max_hp_gain":0,"max_hp_loss":0,"event_name":"Nest","floor":22,"gold_loss":0},{"damage_healed":0,"gold_gain":0,"player_choice":"Got Potions","damage_taken":0,"max_hp_gain":0,"max_hp_loss":0,"event_name":"Lab","floor":29,"gold_loss":0}],"is_beta":true,"boss_relics":[{"not_picked":["Ectoplasm","Runic Pyramid"],"picked":"Snecko Eye"}],"items_purged_floors":[20],"is_endless":false,"potions_floor_spawned":[1,2,8,21,24,30,31],"killed_by":"Champ","ascension_level":20}