{"gold_per_floor":[111,261,261,277,10,35,35,62,142,107,137,165,165,4,4,80,80,96,96,106,124,138,138,171,191,191,191,208,225,225,235,235,313,313,330,330,348,348,360,360,386,78,78,110,110,126,136,162,162,162,162],"floor_reached":52,"playtime":1808,"items_purged":["Doubt","Pain"],"score":2060,"play_id":"15350170-090d-4fd6-98d3-e9ea6d4af9e6","local_time":"20191004113938","is_ascension_mode":true,"campfire_choices":[{"data":"Inflame","floor":7.0,"key":"SMITH"},{"data":"Demon Form","floor":15.0,"key":"SMITH"},{"floor":23.0,"key":"REST"},{"floor":27.0,"key":"REST"},{"floor":32.0,"key":"REST"},{"data":"Disarm","floor":40.0,"key":"SMITH"},{"data":"Apotheosis","floor":45.0,"key":"SMITH"},{"data":"Immolate","floor":49,"key":"SMITH"}],"neow_cost":"NONE","seed_source_timestamp":249032801390800,"circlet_count":0,"master_deck":["AscendersBane","Strike_R+1","Strike_R","Strike_R","Strike_R","Strike_R","Defend_R","Defend_R+1","Defend_R","Defend_R","Bash","Headbutt","Power Through","Inflame+1","Clothesline","Shrug It Off","Second Wind","Demon Form+1","Immolate+1","Offering","Burning Pact","Battle Trance","Sword Boomerang","Battle Trance+1","Immolate","Metallicize","Necronomicurse","Disarm+1","Offering","Bludgeon","Power Through","Power Through+1","Apotheosis+1","Offering"],"special_seed":0,"relics":["Burning Blood","NeowsBlessing","Bag of Marbles","Lizard Tail","Eternal Feather","Ornamental Fan","Orichalcum","Mark of Pain","WarpedTongs","Regal Pillow","Gremlin Horn","Necronomicon","Sozu","Bag of Preparation","Thread and Needle","Smiling Mask","Bottled Flame"],"potions_floor_usage":[50],"damage_taken":[{"damage":0.0,"enemies":"Cultist","floor":1.0,"turns":1.0},{"damage":0.0,"enemies":"2 Louse","floor":4.0,"turns":2.0},{"damage":0.0,"enemies":"Lagavulin","floor":6.0,"turns":1.0},{"damage":34.0,"enemies":"3 Sentries","floor":8.0,"turns":8.0},{"damage":25.0,"enemies":"Lagavulin","floor":12.0,"turns":6.0},{"damage":16.0,"enemies":"The Guardian","floor":16.0,"turns":9.0},{"damage":0.0,"enemies":"Chosen","floor":18.0,"turns":5.0},{"damage":34.0,"enemies":"Shell Parasite","floor":20.0,"turns":6.0},{"damage":21.0,"enemies":"Snake Plant","floor":21.0,"turns":4.0},{"damage":25.0,"enemies":"Snecko","floor":22.0,"turns":5.0},{"damage":32.0,"enemies":"Slavers","floor":24.0,"turns":3.0},{"damage":18.0,"enemies":"Centurion and Healer","floor":25.0,"turns":7.0},{"damage":50.0,"enemies":"Shelled Parasite and Fungi","floor":28.0,"turns":5.0},{"damage":7.0,"enemies":"Cultist and Chosen","floor":29.0,"turns":5.0},{"damage":2.0,"enemies":"3 Cultists","floor":31.0,"turns":2.0},{"damage":51.0,"enemies":"Collector","floor":33.0,"turns":7.0},{"damage":8.0,"enemies":"Orb Walker","floor":35.0,"turns":2.0},{"damage":2.0,"enemies":"3 Darklings","floor":37.0,"turns":2.0},{"damage":8.0,"enemies":"4 Shapes","floor":39.0,"turns":2.0},{"damage":25.0,"enemies":"Giant Head","floor":41.0,"turns":6.0},{"damage":0.0,"enemies":"Nemesis","floor":44.0,"turns":5.0},{"damage":12.0,"enemies":"Transient","floor":46.0,"turns":6.0},{"damage":6.0,"enemies":"Sphere and 2 Shapes","floor":47.0,"turns":3.0},{"damage":12.0,"enemies":"Reptomancer","floor":48.0,"turns":3.0},{"damage":27,"enemies":"Awakened One","floor":50,"turns":10},{"damage":37,"enemies":"Time Eater","floor":51,"turns":10}],"seed_played":"2476555632574860501","potions_obtained":[{"floor":4.0,"key":"Fire Potion"},{"floor":8.0,"key":"DuplicationPotion"},{"floor":18.0,"key":"ElixirPotion"},{"floor":20.0,"key":"GamblersBrew"},{"floor":22.0,"key":"Dexterity Potion"},{"floor":28.0,"key":"ElixirPotion"}],"is_trial":false,"path_per_floor":["M","?","?","M","$","E","R","E","T","?","?","E","T","$","R","B",null,"M","?","M","M","M","R","E","M","T","R","M","M","?","M","R","B",null,"M","?","M","?","M","R","E","$","T","E","R","M","M","E","R","B","B",null],"character_chosen":"IRONCLAD","items_purchased":["Inflame","Clothesline","Shrug It Off","Immolate","Apotheosis"],"campfire_rested":3,"item_purchase_floors":[5,5,5,14,42],"current_hp_per_floor":[74,74,51,57,57,63,63,35,35,53,53,34,34,34,46,36,65,71,71,43,28,9,46,20,8,8,60,16,15,37,41,75,30,64,62,62,66,66,64,75,56,56,56,62,75,69,69,63,75,54,23],"gold":162,"neow_bonus":"THREE_ENEMY_KILL","is_prod":false,"is_daily":false,"chose_seed":false,"campfire_upgraded":5,"win_rate":0,"timestamp":1570214378,"path_taken":["M","?","?","M","$","E","R","E","T","?","?","E","?","?","R","BOSS","M","?","?","M","M","R","E","M","T","R","M","M","?","M","R","BOSS","M","?","M","?","M","R","E","?","T","E","R","?","M","E","R","BOSS","BOSS"],"build_version":"2019-10-03","purchased_purges":2,"victory":true,"max_hp_per_floor":[75,75,75,75,75,75,75,75,75,75,75,75,75,75,75,75,75,75,75,75,75,75,75,75,75,75,75,75,75,75,75,75,75,75,75,75,75,75,75,75,75,75,75,75,75,75,75,75,75,75,75],"card_choices":[{"not_picked":["Perfected Strike","Heavy Blade"],"picked":"Headbutt","floor":1.0},{"not_picked":["Sword Boomerang","Perfected Strike"],"picked":"Power Through","floor":4.0},{"not_picked":["Body Slam","Ghostly Armor"],"picked":"Rampage","floor":6.0},{"not_picked":["Body Slam","Wild Strike"],"picked":"Second Wind","floor":8.0},{"not_picked":["Iron Wave","Havoc"],"picked":"Demon Form","floor":12.0},{"not_picked":["Double Tap","Limit Break"],"picked":"Offering","floor":16.0},{"not_picked":["Anger","Clothesline"],"picked":"Burning Pact","floor":18.0},{"not_picked":["Warcry","Sentinel"],"picked":"Battle Trance","floor":20.0},{"not_picked":["Armaments","Wild Strike"],"picked":"Sword Boomerang","floor":21.0},{"not_picked":["Clash","Rupture","Cleave"],"picked":"SKIP","floor":22.0},{"not_picked":["Iron Wave","Twin Strike","Perfected Strike"],"picked":"SKIP","floor":24.0},{"not_picked":["Flex","Headbutt"],"picked":"Battle Trance+1","floor":25.0},{"not_picked":["Body Slam","Shrug It Off"],"picked":"Immolate","floor":28.0},{"not_picked":["Bloodletting","Sword Boomerang+1"],"picked":"Metallicize","floor":29.0},{"not_picked":["Anger","True Grit"],"picked":"Disarm","floor":31.0},{"not_picked":["Berserk","Dark Embrace"],"picked":"Offering","floor":33.0},{"not_picked":["Twin Strike+1","Perfected Strike","Body Slam"],"picked":"SKIP","floor":35.0},{"not_picked":["Anger","Sword Boomerang"],"picked":"Bludgeon","floor":37.0},{"not_picked":["Iron Wave","Warcry+1"],"picked":"Power Through","floor":39.0},{"not_picked":["Perfected Strike","Cleave"],"picked":"Power Through+1","floor":41.0},{"not_picked":["Heavy Blade","Warcry"],"picked":"Offering","floor":44.0},{"not_picked":["Ghostly Armor","Carnage","Thunderclap+1"],"picked":"SKIP","floor":46.0},{"not_picked":["Blood for Blood+1","Thunderclap","Body Slam+1"],"picked":"SKIP","floor":47.0},{"not_picked":["Pommel Strike","Clothesline","Warcry"],"picked":"SKIP","floor":48}],"player_experience":1232242,"relics_obtained":[{"floor":6.0,"key":"Bag of Marbles"},{"floor":8.0,"key":"Lizard Tail"},{"floor":9.0,"key":"Eternal Feather"},{"floor":12.0,"key":"Ornamental Fan"},{"floor":13.0,"key":"Orichalcum"},{"floor":24.0,"key":"Regal Pillow"},{"floor":26.0,"key":"Gremlin Horn"},{"floor":30.0,"key":"Necronomicon"},{"floor":41.0,"key":"Bag of Preparation"},{"floor":43.0,"key":"Thread and Needle"},{"floor":44.0,"key":"Smiling Mask"},{"floor":48,"key":"Bottled Flame"}],"event_choices":[{"damage_healed":0.0,"max_hp_gain":0.0,"max_hp_loss":0.0,"gold_gain":150.0,"event_name":"Liars Game","player_choice":"AGREE","floor":2.0,"gold_loss":0.0,"damage_taken":0.0,"cards_obtained":["Doubt"]},{"damage_healed":0.0,"max_hp_gain":0.0,"max_hp_loss":0.0,"gold_gain":0.0,"event_name":"Shining Light","player_choice":"Entered Light","floor":3.0,"gold_loss":0.0,"damage_taken":23.0,"cards_upgraded":["Strike_R","Defend_R"]},{"damage_healed":18.0,"max_hp_gain":0.0,"max_hp_loss":0.0,"gold_gain":0.0,"event_name":"The Cleric","player_choice":"Healed","floor":10.0,"gold_loss":35.0,"damage_taken":0.0},{"damage_healed":0.0,"max_hp_gain":0.0,"max_hp_loss":0.0,"gold_gain":30.0,"event_name":"Dead Adventurer","player_choice":"Searched \u00271\u0027 times","floor":11.0,"gold_loss":0.0,"damage_taken":0.0},{"damage_healed":0.0,"max_hp_gain":0.0,"max_hp_loss":0.0,"gold_gain":0.0,"event_name":"Accursed Blacksmith","player_choice":"Rummage","floor":19.0,"gold_loss":0.0,"damage_taken":0.0,"relics_obtained":["WarpedTongs"],"cards_obtained":["Pain"]},{"damage_healed":0.0,"max_hp_gain":0.0,"max_hp_loss":0.0,"gold_gain":0.0,"event_name":"Cursed Tome","player_choice":"Obtained Book","floor":30.0,"gold_loss":0.0,"damage_taken":21.0},{"cards_removed":["Rampage"],"damage_healed":0.0,"max_hp_gain":0.0,"max_hp_loss":0.0,"gold_gain":0.0,"event_name":"Falling","player_choice":"Removed Attack","floor":36.0,"gold_loss":0.0,"damage_taken":0.0},{"damage_healed":0.0,"max_hp_gain":0.0,"max_hp_loss":0.0,"gold_gain":0.0,"event_name":"Tomb of Lord Red Mask","player_choice":"Ignored","floor":38.0,"gold_loss":0.0,"damage_taken":0.0}],"is_beta":true,"boss_relics":[{"not_picked":["Black Blood","Black Star"],"picked":"Mark of Pain"},{"not_picked":["SacredBark","Velvet Choker"],"picked":"Sozu"}],"items_purged_floors":[5,42],"is_endless":false,"potions_floor_spawned":[4,8,18,20,22,24,28,39,41,47],"ascension_level":20}