{"gold_per_floor":[116,126,126,136,155,155,188,205,251,251,251,277,307,232,232,304,304],"floor_reached":17,"playtime":428,"items_purged":[],"score":330,"play_id":"0a8ec181-c3c9-44e5-a344-c942a6391d28","local_time":"20191004083955","is_ascension_mode":true,"campfire_choices":[{"data":"Carnage","floor":6.0,"key":"SMITH"},{"data":"Armaments","floor":11.0,"key":"SMITH"},{"data":"Rage","floor":15.0,"key":"SMITH"}],"neow_cost":"NONE","seed_source_timestamp":0,"circlet_count":0,"master_deck":["AscendersBane","Strike_R","Strike_R","Strike_R","Defend_R","Defend_R","Defend_R","Defend_R","Bash","Headbutt","Rage+1","Carnage+1","Armaments+1","True Grit","Feed"],"special_seed":0,"relics":["Burning Blood","MealTicket","PreservedInsect","Bag of Marbles","Happy Flower"],"potions_floor_usage":[],"damage_taken":[{"damage":1.0,"enemies":"Cultist","floor":1.0,"turns":3.0},{"damage":0.0,"enemies":"2 Louse","floor":2.0,"turns":3.0},{"damage":1.0,"enemies":"Jaw Worm","floor":4.0,"turns":4.0},{"damage":9.0,"enemies":"3 Louse","floor":5.0,"turns":4.0},{"damage":32.0,"enemies":"3 Sentries","floor":7.0,"turns":7.0},{"damage":5.0,"enemies":"2 Fungi Beasts","floor":8.0,"turns":3.0},{"damage":6.0,"enemies":"Gremlin Nob","floor":13.0,"turns":3.0},{"damage":13.0,"enemies":"The Guardian","floor":16.0,"turns":10.0}],"seed_played":"-4967033632566105906","potions_obtained":[{"floor":2.0,"key":"BloodPotion"},{"floor":5.0,"key":"Dexterity Potion"},{"floor":7.0,"key":"PowerPotion"},{"floor":8.0,"key":"PowerPotion"},{"floor":16.0,"key":"SpeedPotion"}],"is_trial":false,"path_per_floor":["M","M","?","M","M","R","E","M","T","?","R","T","E","?","R","B",null],"character_chosen":"IRONCLAD","items_purchased":[],"campfire_rested":0,"item_purchase_floors":[],"current_hp_per_floor":[80,82,75,80,77,77,67,68,68,68,68,68,68,68,68,61,61],"gold":304,"neow_bonus":"TEN_PERCENT_HP_BONUS","is_prod":false,"is_daily":false,"chose_seed":false,"campfire_upgraded":3,"win_rate":0,"timestamp":1570203595,"path_taken":["M","?","?","M","M","R","E","M","T","?","R","?","E","?","R","BOSS"],"build_version":"2019-10-03","purchased_purges":0,"victory":false,"max_hp_per_floor":[82,82,82,82,82,82,82,82,82,82,82,82,82,82,82,82,82],"card_choices":[{"not_picked":["Havoc","Heavy Blade"],"picked":"Headbutt","floor":1.0},{"not_picked":["Fire Breathing","Infernal Blade"],"picked":"Rage","floor":2.0},{"not_picked":["Infernal Blade","Corruption"],"picked":"Carnage","floor":4.0},{"not_picked":["Reckless Charge","Wild Strike","Searing Blow"],"picked":"SKIP","floor":5.0},{"not_picked":["Pummel","Body Slam","Juggernaut"],"picked":"SKIP","floor":7.0},{"not_picked":["Second Wind","Heavy Blade"],"picked":"Armaments","floor":8.0},{"not_picked":["Body Slam","Sentinel"],"picked":"True Grit","floor":13.0},{"not_picked":["Impervious","Berserk"],"picked":"Feed","floor":16.0}],"player_experience":1223188,"relics_obtained":[{"floor":7.0,"key":"MealTicket"},{"floor":9.0,"key":"PreservedInsect"},{"floor":12.0,"key":"Bag of Marbles"},{"floor":13.0,"key":"Happy Flower"}],"event_choices":[{"cards_removed":["Strike_R"],"damage_healed":0.0,"max_hp_gain":0.0,"max_hp_loss":0.0,"gold_gain":0.0,"event_name":"Golden Wing","player_choice":"Card Removal","floor":3.0,"gold_loss":0.0,"damage_taken":7.0},{"damage_healed":0.0,"max_hp_gain":0.0,"max_hp_loss":0.0,"gold_gain":0.0,"event_name":"Liars Game","player_choice":"Ignored","floor":10.0,"gold_loss":0.0,"damage_taken":0.0},{"cards_removed":["Strike_R"],"damage_healed":0.0,"max_hp_gain":0.0,"max_hp_loss":0.0,"gold_gain":0.0,"event_name":"The Cleric","player_choice":"Card Removal","floor":14.0,"gold_loss":75.0,"damage_taken":0.0}],"is_beta":true,"boss_relics":[],"items_purged_floors":[],"is_endless":false,"potions_floor_spawned":[2,5,7,8,16],"ascension_level":20}