{"gold_per_floor":[114,130,150,150,164,164,183,183,183,201,212,222,251,9,9,81,81,92,92,92,102,117,117,147,164,164,186,198,210,240,302,314,326],"floor_reached":33,"playtime":2434,"items_purged":[],"score":530,"play_id":"2f74ff13-fe94-4754-95ce-ced59f32c5e6","local_time":"20191002014150","is_ascension_mode":true,"campfire_choices":[{"data":"Coolheaded","floor":6.0,"key":"SMITH"},{"floor":8.0,"key":"REST"},{"floor":15.0,"key":"REST"},{"floor":23,"key":"REST"},{"floor":28,"key":"REST"},{"floor":32,"key":"REST"}],"neow_cost":"NONE","seed_source_timestamp":19371673788900,"circlet_count":0,"master_deck":["AscendersBane","Strike_B+1","Strike_B+1","Strike_B+1","Strike_B+1","Defend_B+1","Defend_B+1","Defend_B+1","Defend_B+1","Zap","Dualcast","Coolheaded+1","Ball Lightning","FTL","Skim","Reinforced Body","Glacier","Hologram","Go for the Eyes","Core Surge","Echo Form","Coolheaded","Biased Cognition","Chill+1","Sunder","Hologram+1","Decay"],"special_seed":0,"relics":["Cracked Core","PreservedInsect","Pear","Gremlin Horn","Singing Bowl","Happy Flower","Orrery","Nilry\u0027s Codex","FossilizedHelix","MawBank"],"potions_floor_usage":[18,24,24,25,27,30],"damage_taken":[{"damage":4.0,"enemies":"Jaw Worm","floor":1.0,"turns":3.0},{"damage":0.0,"enemies":"Cultist","floor":2.0,"turns":4.0},{"damage":8.0,"enemies":"Small Slimes","floor":3.0,"turns":4.0},{"damage":13.0,"enemies":"3 Louse","floor":5.0,"turns":4.0},{"damage":4.0,"enemies":"2 Fungi Beasts","floor":7.0,"turns":4.0},{"damage":15.0,"enemies":"Large Slime","floor":10.0,"turns":5.0},{"damage":0.0,"enemies":"Looter","floor":11.0,"turns":3.0},{"damage":4.0,"enemies":"Red Slaver","floor":12.0,"turns":3.0},{"damage":11.0,"enemies":"Lagavulin","floor":13.0,"turns":6.0},{"damage":17.0,"enemies":"Slime Boss","floor":16.0,"turns":11.0},{"damage":18,"enemies":"3 Byrds","floor":18,"turns":4},{"damage":0,"enemies":"Chosen","floor":21,"turns":5},{"damage":19,"enemies":"Snecko","floor":22,"turns":9},{"damage":34,"enemies":"Slavers","floor":24,"turns":5},{"damage":6,"enemies":"Shelled Parasite and Fungi","floor":25,"turns":5},{"damage":2,"enemies":"Centurion and Healer","floor":27,"turns":5},{"damage":18,"enemies":"3 Cultists","floor":30,"turns":6},{"damage":65,"enemies":"Champ","floor":33,"turns":19}],"seed_played":"1944226212811026338","potions_obtained":[{"floor":3.0,"key":"SpeedPotion"},{"floor":11.0,"key":"LiquidBronze"},{"floor":12.0,"key":"LiquidBronze"},{"floor":16.0,"key":"Explosive Potion"},{"floor":21,"key":"LiquidBronze"},{"floor":24,"key":"LiquidBronze"},{"floor":25,"key":"SteroidPotion"},{"floor":27,"key":"SkillPotion"}],"is_trial":false,"path_per_floor":["M","M","M","?","M","R","M","R","T","M","M","M","E","$","R","B",null,"M","?","?","M","M","R","E","M","T","M","R","?","M","?","R","B"],"character_chosen":"DEFECT","items_purchased":["Core Surge","Happy Flower"],"campfire_rested":5,"item_purchase_floors":[14,14],"current_hp_per_floor":[60,60,52,62,49,49,45,69,69,54,54,50,41,41,65,48,80,62,41,41,43,26,53,19,15,15,13,41,41,25,25,54,0],"gold":326,"neow_bonus":"RANDOM_COMMON_RELIC","is_prod":false,"is_daily":false,"chose_seed":false,"campfire_upgraded":1,"win_rate":0,"timestamp":1570005710,"path_taken":["M","M","M","?","M","R","M","R","T","?","M","M","E","$","R","BOSS","M","?","?","M","M","R","E","M","T","M","R","?","M","?","R","BOSS"],"build_version":"2019-07-17","purchased_purges":0,"victory":false,"max_hp_per_floor":[71,71,71,81,81,81,81,81,81,81,81,81,83,83,83,83,89,89,89,89,91,93,93,93,95,95,95,95,95,97,97,97,97],"card_choices":[{"not_picked":["Static Discharge","Barrage"],"picked":"Coolheaded","floor":1.0},{"not_picked":["Aggregate","Steam"],"picked":"Ball Lightning","floor":2.0},{"not_picked":["Redo","Blizzard"],"picked":"FTL","floor":3.0},{"not_picked":["Reprogram","Recycle"],"picked":"Skim","floor":5.0},{"not_picked":["Consume","Force Field"],"picked":"Reinforced Body","floor":7.0},{"not_picked":["Rip and Tear","Auto Shields"],"picked":"Glacier","floor":10.0},{"not_picked":["Compile Driver","Static Discharge"],"picked":"Hologram","floor":11.0},{"not_picked":["Static Discharge","Cold Snap"],"picked":"Go for the Eyes","floor":12.0},{"not_picked":["Go for the Eyes","Steam","Doom and Gloom"],"picked":"Singing Bowl","floor":13.0},{"not_picked":["Rainbow","Hyperbeam"],"picked":"Echo Form","floor":16.0},{"not_picked":["Tempest","Hologram","Reinforced Body"],"picked":"Singing Bowl","floor":17},{"not_picked":["Compile Driver","Auto Shields"],"picked":"Coolheaded","floor":17},{"not_picked":["Coolheaded","Turbo"],"picked":"Biased Cognition","floor":17},{"not_picked":["Streamline","Hologram","Turbo"],"picked":"Singing Bowl","floor":17},{"not_picked":["Darkness","Undo","Heatsinks"],"picked":"Singing Bowl","floor":17},{"not_picked":["Cold Snap","Electrodynamics"],"picked":"Chill+1","floor":18},{"not_picked":["Stack","Blizzard+1","Steam"],"picked":"Singing Bowl","floor":21},{"not_picked":["Chaos","BootSequence","Doom and Gloom"],"picked":"Singing Bowl","floor":22},{"not_picked":["Beam Cell+1","Sweeping Beam"],"picked":"Sunder","floor":24},{"not_picked":["Glacier","Reinforced Body","Sweeping Beam+1"],"picked":"Singing Bowl","floor":25},{"not_picked":["Redo","Coolheaded"],"picked":"Hologram+1","floor":27},{"not_picked":["Darkness","FTL","Undo"],"picked":"Singing Bowl","floor":30}],"player_experience":659904,"relics_obtained":[{"floor":9.0,"key":"Gremlin Horn"},{"floor":13.0,"key":"Singing Bowl"},{"floor":19,"key":"Nilry\u0027s Codex"},{"floor":24,"key":"FossilizedHelix"},{"floor":26,"key":"MawBank"}],"event_choices":[{"damage_healed":0.0,"max_hp_gain":0.0,"max_hp_loss":0.0,"gold_gain":0.0,"event_name":"WeMeetAgain","player_choice":"Gave Potion","floor":4.0,"gold_loss":0.0,"damage_taken":0.0,"relics_obtained":["Pear"]},{"damage_healed":0,"gold_gain":0,"player_choice":"Obtained Book","damage_taken":21,"max_hp_gain":0,"max_hp_loss":0,"event_name":"Cursed Tome","floor":19,"gold_loss":0},{"damage_healed":0,"gold_gain":0,"player_choice":"Simplicity","damage_taken":0,"max_hp_gain":0,"max_hp_loss":0,"event_name":"Back to Basics","floor":20,"gold_loss":0,"cards_upgraded":["Strike_B","Strike_B","Strike_B","Strike_B","Defend_B","Defend_B","Defend_B","Defend_B"]},{"damage_healed":0,"gold_gain":0,"player_choice":"Smashed Altar","damage_taken":0,"max_hp_gain":0,"max_hp_loss":0,"event_name":"Forgotten Altar","floor":29,"gold_loss":0,"cards_obtained":["Decay"]},{"damage_healed":0,"gold_gain":50,"player_choice":"Stole From Cult","damage_taken":0,"max_hp_gain":0,"max_hp_loss":0,"event_name":"Nest","floor":31,"gold_loss":0}],"is_beta":false,"boss_relics":[{"not_picked":["Astrolabe","Eternal Feather"],"picked":"Orrery"}],"items_purged_floors":[],"is_endless":false,"potions_floor_spawned":[3,11,12,16,21,24,25,27],"killed_by":"Champ","ascension_level":17}