{"gold_per_floor":[115,125,140,153,165,165,198,198,198,273,288,288,288,306,306,379,379,391,411,426,445,456,456,456,472,472,472,488,519,537,555,555,555],"floor_reached":33,"playtime":3314,"items_purged":[],"score":499,"play_id":"f268fbe5-0583-42a0-8c2e-d69ee6ae6326","local_time":"20191004145647","is_ascension_mode":true,"campfire_choices":[{"data":"Bouncing Flask","floor":6.0,"key":"SMITH"},{"floor":8.0,"key":"REST"},{"floor":12.0,"key":"REST"},{"floor":15.0,"key":"REST"},{"floor":23.0,"key":"REST"},{"floor":27.0,"key":"REST"},{"floor":32.0,"key":"REST"}],"neow_cost":"NONE","seed_source_timestamp":0,"circlet_count":0,"master_deck":["AscendersBane","Strike_G","Strike_G","Strike_G","Strike_G","Defend_G","Defend_G","Defend_G","Defend_G","Defend_G","Survivor","Neutralize","Bouncing Flask+1","Deadly Poison","Well Laid Plans","Noxious Fumes","Backflip","Burst","Backflip","Prepared+1","Acrobatics","Backstab+1","Regret","PiercingWail","Noxious Fumes"],"special_seed":0,"relics":["White Beast Statue","Boot","Letter Opener","Cursed Key","Ice Cream","Bronze Scales"],"potions_floor_usage":[33],"damage_taken":[{"damage":0.0,"enemies":"Jaw Worm","floor":1.0,"turns":5.0},{"damage":3.0,"enemies":"Small Slimes","floor":2.0,"turns":6.0},{"damage":0.0,"enemies":"Cultist","floor":3.0,"turns":3.0},{"damage":24.0,"enemies":"Lots of Slimes","floor":4.0,"turns":5.0},{"damage":4.0,"enemies":"Large Slime","floor":5.0,"turns":8.0},{"damage":41.0,"enemies":"Gremlin Nob","floor":7.0,"turns":5.0},{"damage":4.0,"enemies":"Red Slaver","floor":11.0,"turns":4.0},{"damage":0.0,"enemies":"3 Louse","floor":14.0,"turns":4.0},{"damage":22.0,"enemies":"Slime Boss","floor":16.0,"turns":8.0},{"damage":5.0,"enemies":"3 Byrds","floor":18.0,"turns":3.0},{"damage":0.0,"enemies":"Spheric Guardian","floor":19.0,"turns":2.0},{"damage":29.0,"enemies":"3 Cultists","floor":20.0,"turns":6.0},{"damage":15.0,"enemies":"Shelled Parasite and Fungi","floor":21.0,"turns":5.0},{"damage":0.0,"enemies":"Snake Plant","floor":22.0,"turns":4.0},{"damage":0.0,"enemies":"Chosen and Byrds","floor":25.0,"turns":5.0},{"damage":3.0,"enemies":"3 Cultists","floor":28.0,"turns":6.0},{"damage":9.0,"enemies":"Slavers","floor":29.0,"turns":5.0},{"damage":1.0,"enemies":"Snake Plant","floor":30.0,"turns":3.0},{"damage":6.0,"enemies":"Shelled Parasite and Fungi","floor":31.0,"turns":6.0},{"damage":74,"enemies":"Collector","floor":33,"turns":7}],"seed_played":"-4864969119611401942","potions_obtained":[{"floor":1.0,"key":"Energy Potion"},{"floor":2.0,"key":"GamblersBrew"},{"floor":3.0,"key":"Regen Potion"},{"floor":4.0,"key":"Dexterity Potion"},{"floor":5.0,"key":"Energy Potion"},{"floor":7.0,"key":"GhostInAJar"},{"floor":11.0,"key":"Dexterity Potion"},{"floor":14.0,"key":"PowerPotion"},{"floor":16.0,"key":"AttackPotion"},{"floor":18.0,"key":"FearPotion"},{"floor":19.0,"key":"Ancient Potion"},{"floor":20.0,"key":"Block Potion"},{"floor":21.0,"key":"GhostInAJar"},{"floor":22.0,"key":"Strength Potion"},{"floor":24.0,"key":"Block Potion"},{"floor":25.0,"key":"FearPotion"},{"floor":28.0,"key":"Energy Potion"},{"floor":29.0,"key":"SteroidPotion"},{"floor":30.0,"key":"Swift Potion"},{"floor":31.0,"key":"SpeedPotion"}],"is_trial":false,"path_per_floor":["M","M","M","M","M","R","E","R","T","?","M","R","?","M","R","B",null,"M","M","M","M","M","R","?","M","T","R","M","E","M","M","R","B"],"character_chosen":"THE_SILENT","items_purchased":[],"campfire_rested":6,"item_purchase_floors":[],"current_hp_per_floor":[59,56,56,32,43,43,2,21,21,10,6,25,25,25,44,22,55,50,50,21,6,6,25,25,25,25,44,41,32,31,25,44,0],"gold":555,"neow_bonus":"BOSS_RELIC","is_prod":false,"is_daily":false,"chose_seed":false,"campfire_upgraded":1,"win_rate":0,"timestamp":1570215407,"path_taken":["M","M","M","M","M","R","E","R","T","?","M","R","?","M","R","BOSS","M","M","M","?","?","R","?","M","T","R","M","E","?","M","R","BOSS"],"build_version":"2019-07-17","purchased_purges":0,"victory":false,"max_hp_per_floor":[66,66,66,66,66,66,66,66,66,66,66,66,66,66,66,66,66,66,66,66,66,66,66,66,66,66,66,66,66,66,66,66,66],"card_choices":[{"not_picked":["Acrobatics","Tactician","Dagger Spray"],"picked":"SKIP","floor":1.0},{"not_picked":["Cloak And Dagger","Flying Knee"],"picked":"Bouncing Flask","floor":2.0},{"not_picked":["Accuracy","Distraction","Slice"],"picked":"SKIP","floor":3.0},{"not_picked":["Unload","Flying Knee"],"picked":"Deadly Poison","floor":4.0},{"not_picked":["Dagger Spray","Endless Agony"],"picked":"Well Laid Plans","floor":5.0},{"not_picked":["Dagger Throw","Setup"],"picked":"Noxious Fumes","floor":7.0},{"not_picked":["Bane","Dagger Spray"],"picked":"Backflip","floor":11.0},{"not_picked":["Poisoned Stab","Dagger Throw","Backstab"],"picked":"SKIP","floor":14.0},{"not_picked":["Die Die Die","Malaise"],"picked":"Burst","floor":16.0},{"not_picked":["Setup","Slice"],"picked":"Backflip","floor":18.0},{"not_picked":["Slice","Quick Slash","Endless Agony"],"picked":"SKIP","floor":19.0},{"not_picked":["Dodge and Roll","Outmaneuver","Deadly Poison"],"picked":"SKIP","floor":20.0},{"not_picked":["Quick Slash","Bouncing Flask"],"picked":"Prepared+1","floor":21.0},{"not_picked":["Outmaneuver","Dagger Spray"],"picked":"Acrobatics","floor":22.0},{"not_picked":["Predator+1","Eviscerate"],"picked":"Backstab+1","floor":25.0},{"not_picked":["Well Laid Plans","Infinite Blades"],"picked":"PiercingWail","floor":28.0},{"not_picked":["Bouncing Flask","Dodge and Roll","Quick Slash"],"picked":"SKIP","floor":29.0},{"not_picked":["Poisoned Stab","Finisher"],"picked":"Noxious Fumes","floor":30.0},{"not_picked":["Phantasmal Killer","Prepared","Expertise"],"picked":"SKIP","floor":31.0}],"player_experience":652218,"relics_obtained":[{"floor":7.0,"key":"Boot"},{"floor":9.0,"key":"Letter Opener"},{"floor":26.0,"key":"Ice Cream"},{"floor":29.0,"key":"Bronze Scales"}],"event_choices":[{"damage_healed":0.0,"max_hp_gain":0.0,"max_hp_loss":0.0,"gold_gain":75.0,"event_name":"World of Goop","player_choice":"Gather Gold","floor":10.0,"gold_loss":0.0,"damage_taken":11.0},{"cards_removed":["Strike_G"],"damage_healed":0.0,"max_hp_gain":0.0,"max_hp_loss":0.0,"gold_gain":0.0,"event_name":"Purifier","player_choice":"Purged","floor":13.0,"gold_loss":0.0,"damage_taken":0.0},{"damage_healed":0.0,"max_hp_gain":0.0,"max_hp_loss":0.0,"gold_gain":0.0,"event_name":"Lab","player_choice":"Got Potions","floor":24.0,"gold_loss":0.0,"damage_taken":0.0}],"is_beta":false,"boss_relics":[{"not_picked":["Astrolabe","Sozu"],"picked":"Cursed Key"}],"items_purged_floors":[],"is_endless":false,"potions_floor_spawned":[1,2,3,4,5,7,11,14,16,18,19,20,21,22,25,28,29,30,31],"killed_by":"Collector","ascension_level":16}