{"gold_per_floor":[360,235,249,174,48,48,76,88,88,88,115,265,288,64,64,138,138,156,173,223,236,236,236,31,57,84,84,44,54,74,103,115,198,210,234,261,273,302,314,326,354,366,378,390,414,6,6],"floor_reached":47,"playtime":2300,"items_purged":["Writhe","Doubt","Strike_R","Shame"],"score":1117,"play_id":"69adf983-ac7e-4992-bf19-430c864357fb","local_time":"20191004121849","is_ascension_mode":true,"campfire_choices":[{"data":"Inflame","floor":6,"key":"SMITH"},{"data":"Bash","floor":10,"key":"SMITH"},{"data":"Carnage","floor":15,"key":"SMITH"},{"floor":23,"key":"REST"},{"floor":27,"key":"REST"},{"data":"Rampage","floor":32,"key":"SMITH"},{"data":"Demon Form","floor":40,"key":"SMITH"},{"data":"Apotheosis","floor":42,"key":"SMITH"},{"data":"Heavy Blade","floor":44,"key":"SMITH"}],"neow_cost":"CURSE","seed_source_timestamp":250909299194300,"circlet_count":0,"master_deck":["AscendersBane","Defend_R","Defend_R","Defend_R","Defend_R","Bash+1","Wild Strike","Shrug It Off","Seeing Red","Inflame+1","Pummel","Headbutt","Carnage+1","Evolve","Pummel","Immolate","Second Wind+1","Body Slam+1","Pommel Strike+1","Flame Barrier","Warcry+1","Disarm+1","Reaper","Power Through","Metallicize+1","Shrug It Off+1","Rampage+1","Demon Form+1","Disarm+1","Apotheosis+1","Finesse","Discovery","Heavy Blade+1"],"relics":["Burning Blood","Regal Pillow","Ginger","InkBottle","Bronze Scales","Astrolabe","Centennial Puzzle","Anchor","MawBank","Cursed Key","Red Skull","Eternal Feather","HornCleat"],"potions_floor_usage":[16,16,25,31,33,47],"damage_taken":[{"damage":4,"enemies":"2 Louse","floor":1,"turns":3},{"damage":7,"enemies":"Jaw Worm","floor":3,"turns":4},{"damage":27,"enemies":"Lagavulin","floor":7,"turns":7},{"damage":0,"enemies":"Cultist","floor":8,"turns":3},{"damage":32,"enemies":"Gremlin Nob","floor":11,"turns":4},{"damage":0,"enemies":"Slime Boss","floor":16,"turns":5},{"damage":40,"enemies":"Shell Parasite","floor":18,"turns":5},{"damage":22,"enemies":"Spheric Guardian","floor":19,"turns":4},{"damage":10,"enemies":"Snecko","floor":21,"turns":4},{"damage":51,"enemies":"Gremlin Leader","floor":25,"turns":6},{"damage":10,"enemies":"Centurion and Healer","floor":29,"turns":7},{"damage":18,"enemies":"3 Cultists","floor":30,"turns":4},{"damage":21,"enemies":"Slavers","floor":31,"turns":5},{"damage":44,"enemies":"Champ","floor":33,"turns":21},{"damage":14,"enemies":"Orb Walker","floor":35,"turns":5},{"damage":3,"enemies":"3 Shapes","floor":36,"turns":12},{"damage":35,"enemies":"Writhing Mass","floor":38,"turns":11},{"damage":19,"enemies":"Transient","floor":41,"turns":6},{"damage":42,"enemies":"Spire Growth","floor":45,"turns":11},{"damage":100,"enemies":"Giant Head","floor":47,"turns":8}],"seed_played":"-3956357848463818323","potions_obtained":[{"floor":3,"key":"Fire Potion"},{"floor":7,"key":"SteroidPotion"},{"floor":11,"key":"Strength Potion"},{"floor":18,"key":"FearPotion"},{"floor":29,"key":"BloodPotion"},{"floor":36,"key":"Explosive Potion"},{"floor":45,"key":"SpeedPotion"}],"is_trial":false,"path_per_floor":["M","$","M","?","$","R","E","M","T","R","E","?","T","$","R","B",null,"M","M","?","M","?","R","$","E","T","R","$","M","M","E","R","B",null,"M","M","?","M","?","R","M","R","T","R","M","$","E"],"character_chosen":"IRONCLAD","items_purchased":["Shrug It Off","Inflame","Pummel","Evolve","Pummel","Regen Potion","Power Through","HornCleat"],"campfire_rested":2,"item_purchase_floors":[2,5,5,14,14,24,28,46],"current_hp_per_floor":[70,70,69,69,69,69,48,54,54,54,28,28,28,28,28,34,65,31,15,15,11,11,48,48,18,18,55,55,61,49,53,53,15,60,52,75,65,50,50,50,75,75,75,75,71,71,0],"gold":6,"neow_bonus":"TWO_FIFTY_GOLD","is_prod":false,"is_daily":false,"chose_seed":false,"campfire_upgraded":7,"win_rate":0,"timestamp":1570216729,"path_taken":["M","$","M","?","$","R","E","M","T","R","E","?","?","$","R","BOSS","M","?","?","M","?","R","?","E","T","R","$","M","M","E","R","BOSS","M","M","?","M","?","R","M","R","T","R","?","$","E"],"build_version":"2019-10-03","purchased_purges":4,"victory":false,"max_hp_per_floor":[75,75,75,75,75,75,75,75,75,75,75,75,75,75,75,75,75,75,75,75,75,75,75,75,75,75,75,75,75,75,75,75,75,75,75,75,75,75,75,75,75,75,75,75,75,75,75],"card_choices":[{"not_picked":["Pummel","True Grit"],"picked":"Wild Strike","floor":1},{"not_picked":["True Grit","Sword Boomerang"],"picked":"Seeing Red","floor":3},{"not_picked":["Havoc","Warcry","Blood for Blood"],"picked":"SKIP","floor":7},{"not_picked":["Flex","Twin Strike"],"picked":"Headbutt","floor":8},{"not_picked":["Perfected Strike","Intimidate"],"picked":"Carnage","floor":11},{"not_picked":["Fiend Fire","Dark Embrace"],"picked":"Immolate","floor":16},{"not_picked":["True Grit","Clothesline+1"],"picked":"Flame Barrier","floor":18},{"not_picked":["Clothesline+1","Heavy Blade"],"picked":"Warcry+1","floor":19},{"not_picked":["Sword Boomerang","Blood for Blood"],"picked":"Disarm+1","floor":21},{"not_picked":["Battle Trance","Heavy Blade"],"picked":"Reaper","floor":25},{"not_picked":["Heavy Blade","Fire Breathing"],"picked":"Metallicize+1","floor":29},{"not_picked":["Warcry","Iron Wave"],"picked":"Shrug It Off+1","floor":30},{"not_picked":["Cleave","Anger"],"picked":"Rampage","floor":31},{"not_picked":["Dark Embrace","Double Tap"],"picked":"Demon Form","floor":33},{"not_picked":["Anger","Pummel"],"picked":"Disarm+1","floor":35},{"not_picked":["Clash+1","Twin Strike","Flex"],"picked":"SKIP","floor":36},{"not_picked":["Secret Technique","Deep Breath"],"picked":"Apotheosis","floor":37},{"not_picked":["Sadistic Nature","Thinking Ahead"],"picked":"Finesse","floor":37},{"not_picked":["Impatience","Good Instincts"],"picked":"Discovery","floor":37},{"not_picked":["Clothesline","Pommel Strike+1","Anger"],"picked":"SKIP","floor":38},{"not_picked":["Carnage","Twin Strike"],"picked":"Heavy Blade","floor":41},{"not_picked":["Armaments","Inflame","Corruption"],"picked":"SKIP","floor":45}],"player_experience":1234050,"relics_obtained":[{"floor":7,"key":"Regal Pillow"},{"floor":9,"key":"Ginger"},{"floor":11,"key":"InkBottle"},{"floor":13,"key":"Bronze Scales"},{"floor":25,"key":"Centennial Puzzle"},{"floor":26,"key":"Anchor"},{"floor":31,"key":"MawBank"},{"floor":43,"key":"Eternal Feather"}],"event_choices":[{"cards_removed":["Strike_R"],"damage_healed":0,"gold_gain":0,"player_choice":"Card Removal","damage_taken":0,"max_hp_gain":0,"max_hp_loss":0,"event_name":"The Cleric","floor":4,"gold_loss":75},{"damage_healed":0,"gold_gain":150,"player_choice":"AGREE","damage_taken":0,"max_hp_gain":0,"max_hp_loss":0,"event_name":"Liars Game","floor":12,"gold_loss":0,"cards_obtained":["Doubt"]},{"damage_healed":0,"gold_gain":50,"player_choice":"Stole From Cult","damage_taken":0,"max_hp_gain":0,"max_hp_loss":0,"event_name":"Nest","floor":20,"gold_loss":0},{"damage_healed":0,"gold_gain":0,"player_choice":"Ignored","damage_taken":0,"max_hp_gain":0,"max_hp_loss":0,"event_name":"Cursed Tome","floor":22,"gold_loss":0},{"damage_healed":0,"gold_gain":0,"player_choice":"Memory 3","damage_taken":10,"max_hp_gain":0,"max_hp_loss":0,"event_name":"SensoryStone","floor":37,"gold_loss":0},{"damage_healed":0,"gold_gain":0,"player_choice":"Gave Potion","damage_taken":0,"relics_obtained":["Red Skull"],"max_hp_gain":0,"max_hp_loss":0,"event_name":"WeMeetAgain","floor":39,"gold_loss":0}],"is_beta":true,"boss_relics":[{"not_picked":["Black Blood","Coffee Dripper"],"picked":"Astrolabe"},{"not_picked":["Tiny House","Calling Bell"],"picked":"Cursed Key"}],"items_purged_floors":[2,14,24,46],"is_endless":false,"potions_floor_spawned":[3,7,11,18,29,30,36,45],"killed_by":"Giant Head","ascension_level":20}