{"gold_per_floor":[117,117,127,147,160,160,172,172,172,190,210,135,135],"floor_reached":13,"playtime":1239,"items_purged":[],"score":138,"play_id":"56828aa9-9bf3-4210-ac07-949b2b98c37d","local_time":"20191003220543","is_ascension_mode":true,"campfire_choices":[{"data":"Well Laid Plans","floor":6.0,"key":"SMITH"},{"floor":8.0,"key":"REST"}],"neow_cost":"NONE","seed_source_timestamp":2160341409503934,"circlet_count":0,"master_deck":["AscendersBane","Strike_G","Strike_G","Strike_G","Strike_G","Strike_G","Defend_G","Defend_G","Defend_G","Defend_G","Survivor","Neutralize","PiercingWail","Catalyst","Backflip","Well Laid Plans+1"],"special_seed":0,"relics":["Ring of the Snake","Mummified Hand"],"potions_floor_usage":[13],"damage_taken":[{"damage":9.0,"enemies":"Jaw Worm","floor":1.0,"turns":6.0},{"damage":0.0,"enemies":"Cultist","floor":3.0,"turns":4.0},{"damage":2.0,"enemies":"2 Louse","floor":4.0,"turns":3.0},{"damage":2.0,"enemies":"Red Slaver","floor":5.0,"turns":7.0},{"damage":15.0,"enemies":"Gremlin Gang","floor":7.0,"turns":9.0},{"damage":4,"enemies":"2 Fungi Beasts","floor":10,"turns":5},{"damage":18,"enemies":"Large Slime","floor":11,"turns":10},{"damage":30,"enemies":"Lagavulin","floor":13,"turns":9}],"seed_played":"1027342445716295910","potions_obtained":[{"floor":4.0,"key":"EssenceOfSteel"},{"floor":11,"key":"SteroidPotion"}],"is_trial":false,"path_per_floor":["M","?","M","M","M","R","M","R","T","M","M","?","E"],"character_chosen":"THE_SILENT","items_purchased":[],"campfire_rested":1,"item_purchase_floors":[],"current_hp_per_floor":[56,56,56,54,52,52,37,58,58,54,36,36,6],"gold":135,"neow_bonus":"TEN_PERCENT_HP_BONUS","is_prod":false,"is_daily":false,"chose_seed":false,"campfire_upgraded":1,"win_rate":0,"timestamp":1570154743,"path_taken":["M","?","M","M","M","R","M","R","T","M","M","?","E"],"build_version":"2019-07-17","purchased_purges":0,"victory":false,"max_hp_per_floor":[72,72,72,72,72,72,72,72,72,72,72,72,72],"card_choices":[{"not_picked":["Finisher","Dagger Throw"],"picked":"PiercingWail","floor":1.0},{"not_picked":["Escape Plan","Noxious Fumes"],"picked":"Catalyst","floor":3.0},{"not_picked":["Backstab","Distraction"],"picked":"Backflip","floor":4.0},{"not_picked":["Slice","Outmaneuver"],"picked":"Well Laid Plans","floor":5.0},{"not_picked":["Masterful Stab","Dagger Spray","Dodge and Roll"],"picked":"SKIP","floor":7.0},{"not_picked":["Cloak And Dagger","Blade Dance","Accuracy"],"picked":"SKIP","floor":10},{"not_picked":["Sucker Punch","Masterful Stab","Bane"],"picked":"SKIP","floor":11}],"player_experience":644416,"relics_obtained":[{"floor":9.0,"key":"Mummified Hand"}],"event_choices":[{"damage_healed":0.0,"max_hp_gain":0.0,"max_hp_loss":0.0,"gold_gain":0.0,"event_name":"Liars Game","player_choice":"Ignored","floor":2.0,"gold_loss":0.0,"damage_taken":0.0},{"cards_removed":["Defend_G"],"damage_healed":0,"gold_gain":0,"player_choice":"Card Removal","damage_taken":0,"max_hp_gain":0,"max_hp_loss":0,"event_name":"The Cleric","floor":12,"gold_loss":75}],"is_beta":false,"boss_relics":[],"items_purged_floors":[],"is_endless":false,"potions_floor_spawned":[4,11],"killed_by":"Lagavulin","ascension_level":15}