{"gold_per_floor":[110,128,140,154,214,247,247,261,261,18,45,45,45,62,62,162,162,172,188,198,6,6,6,36,46,71,88,88,38,38],"floor_reached":30,"playtime":3924,"items_purged":["Strike_B","Strike_B","Strike_B"],"score":362,"play_id":"01b43507-1bfd-4e9c-91fa-1e4285f7da59","local_time":"20190911213003","is_ascension_mode":false,"campfire_choices":[{"data":"Zap","floor":7.0,"key":"SMITH"},{"data":"Streamline","floor":13.0,"key":"SMITH"},{"data":"Go for the Eyes","floor":15.0,"key":"SMITH"},{"floor":23.0,"key":"REST"}],"neow_cost":"NONE","seed_source_timestamp":0,"circlet_count":0,"master_deck":["Strike_B","Defend_B","Defend_B","Defend_B","Defend_B","Zap+1","Dualcast","Glacier","Streamline+1","Compile Driver","Capacitor","Go for the Eyes+1","Ball Lightning","Loop","Echo Form","Static Discharge+1","Redo+1","Self Repair","Glacier+1","White Noise+1","Fusion+1"],"special_seed":0,"relics":["Cracked Core","Smiling Mask","Bottled Lightning","Ornamental Fan","Membership Card","Bag of Preparation","Lizard Tail","Frozen Egg 2","Bottled Flame","Centennial Puzzle"],"potions_floor_usage":[],"damage_taken":[{"damage":1.0,"enemies":"Jaw Worm","floor":1.0,"turns":3.0},{"damage":0.0,"enemies":"Small Slimes","floor":2.0,"turns":4.0},{"damage":0.0,"enemies":"2 Louse","floor":3.0,"turns":3.0},{"damage":1.0,"enemies":"Exordium Thugs","floor":4.0,"turns":5.0},{"damage":15.0,"enemies":"Gremlin Nob","floor":6.0,"turns":6.0},{"damage":6.0,"enemies":"Lots of Slimes","floor":8.0,"turns":4.0},{"damage":10.0,"enemies":"Lagavulin","floor":11.0,"turns":8.0},{"damage":1.0,"enemies":"Blue Slaver","floor":14.0,"turns":2.0},{"damage":22.0,"enemies":"Hexaghost","floor":16.0,"turns":10.0},{"damage":21.0,"enemies":"3 Byrds","floor":18.0,"turns":7.0},{"damage":25.0,"enemies":"2 Thieves","floor":19.0,"turns":4.0},{"damage":20.0,"enemies":"Centurion and Healer","floor":20.0,"turns":7.0},{"damage":51.0,"enemies":"Slavers","floor":24.0,"turns":5.0},{"damage":7.0,"enemies":"Snake Plant","floor":25.0,"turns":4.0},{"damage":18,"enemies":"Sentry and Sphere","floor":27,"turns":4},{"damage":24,"enemies":"Centurion and Healer","floor":30,"turns":2}],"seed_played":"-2641436397923870399","potions_obtained":[{"floor":1.0,"key":"Regen Potion"},{"floor":6.0,"key":"Ancient Potion"},{"floor":8.0,"key":"Regen Potion"},{"floor":16.0,"key":"PowerPotion"},{"floor":18.0,"key":"Regen Potion"},{"floor":27,"key":"Block Potion"}],"is_trial":false,"path_per_floor":["M","M","M","M","?","E","R","M","T","$","E","$","R","M","R","B",null,"M","M","M","$","?","R","E","M","T","M","?","$","M"],"character_chosen":"DEFECT","items_purchased":["Membership Card","Self Repair","Frozen Egg 2"],"campfire_rested":1,"item_purchase_floors":[10,21,21],"current_hp_per_floor":[74,74,74,73,73,58,58,52,52,52,57,57,57,56,56,49,75,54,29,21,21,21,43,42,42,42,24,24,24,0],"gold":38,"neow_bonus":"RANDOM_COMMON_RELIC","is_prod":false,"is_daily":false,"chose_seed":false,"campfire_upgraded":3,"win_rate":0,"timestamp":1568230203,"path_taken":["M","M","M","M","?","E","R","M","T","$","E","$","R","M","R","BOSS","BOSS","M","M","M","$","?","R","E","M","T","M","?","?","M"],"build_version":"2019-07-17","purchased_purges":3,"victory":false,"max_hp_per_floor":[75,75,75,75,75,75,75,75,75,75,75,75,75,75,75,75,75,75,75,75,75,75,75,75,75,75,75,75,75,75],"card_choices":[{"not_picked":["Gash","Conserve Battery"],"picked":"Glacier","floor":1.0},{"not_picked":["Redo","Turbo"],"picked":"Streamline","floor":2.0},{"not_picked":["Chill","Reprogram"],"picked":"Compile Driver","floor":3.0},{"not_picked":["Sunder","Steam"],"picked":"Capacitor","floor":4.0},{"not_picked":["Force Field","BootSequence","All For One"],"picked":"SKIP","floor":6.0},{"not_picked":["Coolheaded","Hologram"],"picked":"Go for the Eyes","floor":8.0},{"not_picked":["Leap","Conserve Battery"],"picked":"Ball Lightning","floor":11.0},{"not_picked":["Coolheaded","Gash"],"picked":"Loop","floor":14.0},{"not_picked":["Meteor Strike","Multi-Cast"],"picked":"Echo Form","floor":16.0},{"not_picked":["Rebound","Sweeping Beam"],"picked":"Static Discharge+1","floor":18.0},{"not_picked":["Stack","Sweeping Beam"],"picked":"Redo+1","floor":19.0},{"not_picked":["Force Field","Turbo","Stack"],"picked":"SKIP","floor":20.0},{"not_picked":["Thunder Strike","Turbo"],"picked":"Glacier+1","floor":24.0},{"not_picked":["Redo","Beam Cell+1"],"picked":"White Noise+1","floor":25.0},{"not_picked":["Streamline+1","Go for the Eyes"],"picked":"Fusion+1","floor":27}],"player_experience":295814,"relics_obtained":[{"floor":6.0,"key":"Bottled Lightning"},{"floor":9.0,"key":"Ornamental Fan"},{"floor":11.0,"key":"Bag of Preparation"},{"floor":24.0,"key":"Bottled Flame"},{"floor":26.0,"key":"Centennial Puzzle"}],"event_choices":[{"damage_healed":0.0,"max_hp_gain":0.0,"max_hp_loss":0.0,"gold_gain":60.0,"event_name":"Golden Wing","player_choice":"Gained Gold","floor":5.0,"gold_loss":0.0,"damage_taken":0.0},{"damage_healed":0.0,"max_hp_gain":0.0,"max_hp_loss":0.0,"gold_gain":0.0,"event_name":"Forgotten Altar","player_choice":"Smashed Altar","floor":22.0,"gold_loss":0.0,"damage_taken":0.0,"cards_obtained":["Decay"]},{"cards_removed":["Decay"],"damage_healed":0,"gold_gain":0,"player_choice":"Elegance","damage_taken":0,"max_hp_gain":0,"max_hp_loss":0,"event_name":"Back to Basics","floor":28,"gold_loss":0}],"is_beta":false,"boss_relics":[{"not_picked":["Snecko Eye","Philosopher\u0027s Stone"],"picked":"Lizard Tail"}],"items_purged_floors":[10,21,29],"is_endless":false,"potions_floor_spawned":[1,6,8,16,18,27],"killed_by":"Centurion and Healer","ascension_level":0}