{"gold_per_floor":[111,126,140,153,166,192,210,210,210,225,258,258,268,282,282,361,361,378,578,597,70,89,89,115,115,115,115,129,129,139,166,166,244,244,254,48,60,79,0,0,30,1,1,11,11,25,25,39,39,39,39],"floor_reached":52,"playtime":2701,"items_purged":["Strike_R"],"score":1905,"play_id":"d767c4bf-439f-48fc-892b-94f23a596f61","local_time":"20191003095440","is_ascension_mode":true,"campfire_choices":[{"floor":8.0,"key":"REST"},{"data":"Juggernaut","floor":12.0,"key":"SMITH"},{"data":"True Grit","floor":15.0,"key":"SMITH"},{"floor":23.0,"key":"REST"},{"floor":29.0,"key":"REST"},{"floor":32.0,"key":"REST"},{"floor":40.0,"key":"REST"},{"floor":45,"key":"REST"},{"floor":47,"key":"REST"},{"floor":49,"key":"REST"}],"neow_cost":"NONE","seed_source_timestamp":0,"circlet_count":0,"master_deck":["AscendersBane","Strike_R","Strike_R","Strike_R","Strike_R","Defend_R+1","Defend_R","Defend_R","Defend_R","Bash","Feel No Pain","Metallicize","Power Through","Wild Strike","Sword Boomerang","Juggernaut+1","Uppercut","True Grit+1","Rampage","Offering","Clothesline+1","Fiend Fire","Power Through","Body Slam","Shrug It Off","Power Through+1","Power Through","Evolve","Body Slam","Fire Breathing","Barricade","Body Slam+1","Apotheosis","Power Through","Shrug It Off"],"special_seed":0,"relics":["Burning Blood","HornCleat","Ornamental Fan","Turnip","Fusion Hammer","Question Card","Orrery","War Paint","Du-Vu Doll","Regal Pillow","Cursed Key","Red Mask","Mummified Hand"],"potions_floor_usage":[51,51],"damage_taken":[{"damage":9.0,"enemies":"Jaw Worm","floor":1.0,"turns":5.0},{"damage":2.0,"enemies":"Cultist","floor":2.0,"turns":4.0},{"damage":17.0,"enemies":"Small Slimes","floor":3.0,"turns":6.0},{"damage":18.0,"enemies":"3 Louse","floor":4.0,"turns":4.0},{"damage":0.0,"enemies":"Blue Slaver","floor":5.0,"turns":9.0},{"damage":2.0,"enemies":"3 Sentries","floor":6.0,"turns":19.0},{"damage":41.0,"enemies":"Large Slime","floor":7.0,"turns":10.0},{"damage":6.0,"enemies":"3 Louse","floor":10.0,"turns":4.0},{"damage":21.0,"enemies":"Gremlin Nob","floor":11.0,"turns":4.0},{"damage":6.0,"enemies":"2 Fungi Beasts","floor":13.0,"turns":5.0},{"damage":3.0,"enemies":"Blue Slaver","floor":14.0,"turns":4.0},{"damage":35.0,"enemies":"The Guardian","floor":16.0,"turns":13.0},{"damage":6.0,"enemies":"Spheric Guardian","floor":18.0,"turns":4.0},{"damage":14.0,"enemies":"Shell Parasite","floor":20.0,"turns":4.0},{"damage":26.0,"enemies":"Cultist and Chosen","floor":22.0,"turns":4.0},{"damage":19.0,"enemies":"Slavers","floor":24.0,"turns":6.0},{"damage":0.0,"enemies":"Snake Plant","floor":28.0,"turns":4.0},{"damage":17.0,"enemies":"Sentry and Sphere","floor":30.0,"turns":4.0},{"damage":26.0,"enemies":"Gremlin Leader","floor":31.0,"turns":7.0},{"damage":25.0,"enemies":"Champ","floor":33.0,"turns":17.0},{"damage":26.0,"enemies":"3 Shapes","floor":35.0,"turns":4.0},{"damage":30.0,"enemies":"3 Darklings","floor":37.0,"turns":6.0},{"damage":11.0,"enemies":"Writhing Mass","floor":38.0,"turns":7.0},{"damage":53.0,"enemies":"Nemesis","floor":41.0,"turns":9.0},{"damage":6,"enemies":"Sphere and 2 Shapes","floor":44,"turns":6},{"damage":23,"enemies":"Transient","floor":46,"turns":6},{"damage":19,"enemies":"Writhing Mass","floor":48,"turns":7},{"damage":41,"enemies":"Time Eater","floor":50,"turns":8},{"damage":46,"enemies":"Donu and Deca","floor":51,"turns":9}],"seed_played":"-6551188295905189547","potions_obtained":[{"floor":1.0,"key":"ElixirPotion"},{"floor":3.0,"key":"Fire Potion"},{"floor":6.0,"key":"SteroidPotion"},{"floor":7.0,"key":"GamblersBrew"},{"floor":11.0,"key":"FearPotion"},{"floor":16.0,"key":"Dexterity Potion"},{"floor":20.0,"key":"Swift Potion"},{"floor":28.0,"key":"Explosive Potion"},{"floor":37.0,"key":"Dexterity Potion"},{"floor":41.0,"key":"SpeedPotion"}],"is_trial":false,"path_per_floor":["M","M","M","M","M","E","M","R","T","M","E","R","M","M","R","B",null,"M","?","M","$","M","R","E","?","T","?","M","R","M","E","R","B",null,"M","$","M","M","?","R","E","$","T","M","R","M","R","M","R","B","B",null],"character_chosen":"IRONCLAD","items_purchased":["Question Card","Orrery","Apotheosis","Shrug It Off"],"campfire_rested":8,"item_purchase_floors":[21,21,36,42],"current_hp_per_floor":[72,76,65,53,59,63,28,52,52,52,37,37,37,40,40,11,64,64,64,56,56,36,60,47,47,47,47,53,77,66,46,82,63,77,57,57,33,28,28,67,20,20,20,20,59,42,81,68,82,47,7],"gold":39,"neow_bonus":"TEN_PERCENT_HP_BONUS","is_prod":false,"is_daily":false,"chose_seed":false,"campfire_upgraded":2,"win_rate":0,"timestamp":1570121680,"path_taken":["M","M","M","M","M","E","M","R","T","M","E","R","M","M","R","BOSS","M","?","?","$","M","R","E","?","T","?","M","R","M","E","R","BOSS","M","$","M","M","?","R","E","$","T","M","R","M","R","M","R","BOSS","BOSS"],"build_version":"2019-10-02","purchased_purges":1,"victory":true,"max_hp_per_floor":[82,82,82,82,82,82,82,82,82,82,82,82,82,82,82,82,82,82,82,82,82,82,82,82,82,82,82,82,82,82,82,82,82,82,82,82,82,82,82,82,82,82,82,82,82,82,82,82,82,82,82],"card_choices":[{"not_picked":["Entrench","Pommel Strike","Havoc"],"picked":"SKIP","floor":1.0},{"not_picked":["Shrug It Off","Carnage"],"picked":"Feel No Pain","floor":2.0},{"not_picked":["Pommel Strike","Second Wind"],"picked":"Metallicize","floor":3.0},{"not_picked":["Combust","Warcry"],"picked":"Power Through","floor":4.0},{"not_picked":["Rage","Corruption"],"picked":"Wild Strike","floor":5.0},{"not_picked":["Pommel Strike","Iron Wave"],"picked":"Sword Boomerang","floor":6.0},{"not_picked":["Searing Blow","Flex"],"picked":"Juggernaut","floor":7.0},{"not_picked":["Pommel Strike","Wild Strike"],"picked":"Uppercut","floor":10.0},{"not_picked":["Second Wind","Clothesline"],"picked":"True Grit","floor":11.0},{"not_picked":["Cleave","Shockwave"],"picked":"Rampage","floor":13.0},{"not_picked":["Rampage","True Grit","Sword Boomerang"],"picked":"SKIP","floor":14.0},{"not_picked":["Bludgeon","Limit Break"],"picked":"Offering","floor":16.0},{"not_picked":["Clash","Twin Strike"],"picked":"Clothesline+1","floor":18.0},{"not_picked":["Iron Wave","Disarm"],"picked":"Fiend Fire","floor":20.0},{"not_picked":["Reckless Charge","Flex","Thunderclap"],"picked":"Power Through","floor":21.0},{"not_picked":["Perfected Strike","Dual Wield","Combust"],"picked":"Body Slam","floor":21.0},{"not_picked":["Thunderclap","Bloodletting","Cleave"],"picked":"Shrug It Off","floor":21.0},{"not_picked":["Exhume","Combust","Anger+1"],"picked":"Power Through","floor":21.0},{"not_picked":["Clash","Intimidate","Warcry"],"picked":"Power Through","floor":22.0},{"not_picked":["Wild Strike","Armaments","Flame Barrier","Anger"],"picked":"SKIP","floor":24.0},{"not_picked":["Reaper","Pommel Strike","Iron Wave"],"picked":"Body Slam","floor":28.0},{"not_picked":["Wild Strike","Rage","Anger"],"picked":"Fire Breathing","floor":30.0},{"not_picked":["Pommel Strike","Limit Break","Twin Strike","Flex"],"picked":"SKIP","floor":31.0},{"not_picked":["Feed","Demon Form","Exhume"],"picked":"Barricade","floor":33.0},{"not_picked":["Pummel","Disarm","Twin Strike"],"picked":"Body Slam+1","floor":35.0},{"not_picked":["Thunderclap","Body Slam+1","Anger","Limit Break"],"picked":"SKIP","floor":37.0},{"not_picked":["Headbutt","Warcry","Spot Weakness+1"],"picked":"Power Through","floor":38.0},{"not_picked":["Wild Strike","Havoc","Demon Form","Clash"],"picked":"SKIP","floor":41.0},{"not_picked":["Bloodletting","Searing Blow","Clothesline","Inflame"],"picked":"SKIP","floor":44},{"not_picked":["Thunderclap","Pummel+1","Clothesline","Searing Blow"],"picked":"SKIP","floor":46},{"not_picked":["Thunderclap","Clothesline","Sword Boomerang+1","Inflame+1"],"picked":"SKIP","floor":48}],"player_experience":1207797,"relics_obtained":[{"floor":6.0,"key":"HornCleat"},{"floor":9.0,"key":"Ornamental Fan"},{"floor":11.0,"key":"Turnip"},{"floor":24.0,"key":"War Paint"},{"floor":26.0,"key":"Du-Vu Doll"},{"floor":31.0,"key":"Regal Pillow"},{"floor":41.0,"key":"Mummified Hand"}],"event_choices":[{"damage_healed":0.0,"max_hp_gain":0.0,"max_hp_loss":0.0,"gold_gain":200.0,"event_name":"Wheel of Change","player_choice":"Gold","floor":19.0,"gold_loss":0.0,"damage_taken":0.0},{"damage_healed":0.0,"max_hp_gain":0.0,"max_hp_loss":0.0,"gold_gain":0.0,"event_name":"The Library","player_choice":"Read","floor":25.0,"gold_loss":0.0,"damage_taken":0.0,"cards_obtained":["Evolve"]},{"damage_healed":0.0,"max_hp_gain":0.0,"max_hp_loss":0.0,"gold_gain":0.0,"event_name":"The Mausoleum","player_choice":"Ignored","floor":27.0,"gold_loss":0.0,"damage_taken":0.0},{"damage_healed":0.0,"max_hp_gain":0.0,"max_hp_loss":0.0,"gold_gain":0.0,"event_name":"Tomb of Lord Red Mask","player_choice":"Paid","floor":39.0,"gold_loss":79.0,"damage_taken":0.0,"relics_obtained":["Red Mask"]}],"is_beta":true,"boss_relics":[{"not_picked":["SlaversCollar","Philosopher\u0027s Stone"],"picked":"Fusion Hammer"},{"not_picked":["Runic Cube","Black Star"],"picked":"Cursed Key"}],"items_purged_floors":[21],"is_endless":false,"potions_floor_spawned":[1,3,6,7,11,14,16,20,28,30,37,41,44],"ascension_level":20}