{"gold_per_floor":[109,109,122,133,152,152,166,52,76,110,110,120,133,153,153,153],"floor_reached":16,"playtime":480,"items_purged":["Strike_B"],"score":196,"play_id":"47b8d0e5-ede8-49b6-a317-1521e349c714","local_time":"20191002232205","is_ascension_mode":true,"campfire_choices":[{"data":"Ball Lightning","floor":6,"key":"SMITH"},{"floor":15,"key":"REST"}],"neow_cost":"NONE","seed_source_timestamp":99330919606000,"circlet_count":0,"master_deck":["AscendersBane","Strike_B","Strike_B","Strike_B","Defend_B","Defend_B","Defend_B","Defend_B","Zap","Dualcast","Ball Lightning+1","Compile Driver","Gash","Genetic Algorithm","Barrage","Chill","Hologram"],"relics":["Cracked Core","NeowsBlessing","Regal Pillow","Vajra","Potion Belt"],"potions_floor_usage":[10,16,16],"damage_taken":[{"damage":0,"enemies":"Small Slimes","floor":1,"turns":1},{"damage":0,"enemies":"Jaw Worm","floor":3,"turns":1},{"damage":0,"enemies":"Cultist","floor":4,"turns":1},{"damage":4,"enemies":"Exordium Thugs","floor":5,"turns":4},{"damage":12,"enemies":"Red Slaver","floor":7,"turns":3},{"damage":18,"enemies":"Gremlin Nob","floor":10,"turns":3},{"damage":4,"enemies":"Looter","floor":12,"turns":2},{"damage":5,"enemies":"Large Slime","floor":13,"turns":5},{"damage":15,"enemies":"Exordium Thugs","floor":14,"turns":4},{"damage":53,"enemies":"Slime Boss","floor":16,"turns":9}],"seed_played":"-8632362762631802664","potions_obtained":[{"floor":4,"key":"PowerPotion"},{"floor":5,"key":"FearPotion"},{"floor":13,"key":"Swift Potion"},{"floor":14,"key":"Ancient Potion"}],"is_trial":false,"path_per_floor":["M","?","M","M","M","R","M","$","T","E","?","M","M","M","R","B"],"character_chosen":"DEFECT","items_purchased":["Chill"],"campfire_rested":1,"item_purchase_floors":[8],"current_hp_per_floor":[64,69,69,69,65,65,53,53,53,35,35,31,26,11,48,0],"gold":153,"neow_bonus":"THREE_ENEMY_KILL","is_prod":false,"is_daily":false,"chose_seed":false,"campfire_upgraded":1,"win_rate":0,"timestamp":1570083725,"path_taken":["M","?","M","M","M","R","M","$","T","E","?","?","M","M","R","BOSS"],"build_version":"2019-07-17","purchased_purges":1,"victory":false,"max_hp_per_floor":[71,76,76,76,76,76,76,76,76,76,76,76,76,76,76,76],"card_choices":[{"not_picked":["Sweeping Beam","Rip and Tear"],"picked":"Ball Lightning","floor":1},{"not_picked":["Double Energy","Beam Cell"],"picked":"Compile Driver","floor":3},{"not_picked":["Turbo","Chaos"],"picked":"Gash","floor":4},{"not_picked":["Recycle","Conserve Battery"],"picked":"Genetic Algorithm","floor":5},{"not_picked":["Streamline","Redo"],"picked":"Barrage","floor":7},{"not_picked":["Reprogram","Hyperbeam","Stack"],"picked":"SKIP","floor":10},{"not_picked":["Compile Driver","Streamline","Steam"],"picked":"SKIP","floor":12},{"not_picked":["Turbo","Rebound","Darkness"],"picked":"SKIP","floor":13},{"not_picked":["Compile Driver","Stack"],"picked":"Hologram","floor":14}],"player_experience":664746,"relics_obtained":[{"floor":9,"key":"Regal Pillow"},{"floor":10,"key":"Vajra"}],"event_choices":[{"damage_healed":0,"gold_gain":0,"player_choice":"Donut","damage_taken":0,"max_hp_gain":5,"max_hp_loss":0,"event_name":"Big Fish","floor":2,"gold_loss":0},{"damage_healed":0,"gold_gain":0,"player_choice":"Gave Potion","damage_taken":0,"relics_obtained":["Potion Belt"],"max_hp_gain":0,"max_hp_loss":0,"event_name":"WeMeetAgain","floor":11,"gold_loss":0}],"is_beta":false,"boss_relics":[],"items_purged_floors":[8],"is_endless":false,"potions_floor_spawned":[4,5,7,13,14],"killed_by":"Slime Boss","ascension_level":17}