{"gold_per_floor":[119,131,131,131,150,150,180,180,180,208,208,208,208,229,229,322,322,338,338,369,369,281,281,281],"floor_reached":24,"playtime":560,"items_purged":[],"score":400,"play_id":"78dcc587-1e51-4f04-8d59-e35e1c988b21","local_time":"20191002122646","is_ascension_mode":true,"campfire_choices":[{"data":"Perfected Strike","floor":6,"key":"SMITH"},{"data":"Offering","floor":8,"key":"SMITH"},{"floor":12,"key":"REST"},{"data":"Barricade","floor":15,"key":"SMITH"},{"floor":23,"key":"REST"}],"neow_cost":"NONE","seed_source_timestamp":80321713329700,"circlet_count":0,"master_deck":["AscendersBane","Strike_R","Strike_R","Strike_R","Strike_R","Strike_R","Defend_R","Defend_R","Defend_R","Defend_R+1","Bash+1","Anger","Perfected Strike+1","Offering+1","Barricade+1","Pommel Strike","Dark Embrace","Flame Barrier","Power Through"],"relics":["Burning Blood","Strawberry","Bronze Scales","Dodecahedron","Ginger","Sundial","Golden Idol","Snecko Eye","Red Mask","Turnip"],"potions_floor_usage":[7,16,20],"damage_taken":[{"damage":4,"enemies":"Small Slimes","floor":1,"turns":4},{"damage":7,"enemies":"Jaw Worm","floor":2,"turns":3},{"damage":7,"enemies":"2 Louse","floor":5,"turns":2},{"damage":17,"enemies":"Lagavulin","floor":7,"turns":5},{"damage":38,"enemies":"3 Sentries","floor":10,"turns":9},{"damage":6,"enemies":"Large Slime","floor":14,"turns":2},{"damage":8,"enemies":"Slime Boss","floor":16,"turns":6},{"damage":28,"enemies":"2 Thieves","floor":18,"turns":3},{"damage":43,"enemies":"Masked Bandits","floor":20,"turns":4},{"damage":36,"enemies":"Book of Stabbing","floor":24,"turns":5}],"seed_played":"-9203611537796314107","potions_obtained":[{"floor":2,"key":"SkillPotion"},{"floor":10,"key":"AttackPotion"},{"floor":16,"key":"Ancient Potion"}],"is_trial":false,"path_per_floor":["M","M","?","?","M","R","E","R","T","E","?","R","?","M","R","B",null,"M","?","?","?","?","R","E"],"character_chosen":"IRONCLAD","items_purchased":[],"campfire_rested":2,"item_purchase_floors":[],"current_hp_per_floor":[77,76,51,56,55,55,44,44,44,12,12,38,38,38,38,36,68,46,46,9,9,9,32,0],"gold":281,"neow_bonus":"RANDOM_COMMON_RELIC","is_prod":false,"is_daily":false,"chose_seed":false,"campfire_upgraded":3,"win_rate":0,"timestamp":1570044406,"path_taken":["M","M","?","?","M","R","E","R","T","E","?","R","?","M","R","BOSS","M","?","?","?","?","R","E"],"build_version":"2019-10-01","purchased_purges":0,"victory":false,"max_hp_per_floor":[82,82,82,87,87,87,87,87,87,87,87,87,79,79,79,79,79,79,79,79,79,79,79,79],"card_choices":[{"not_picked":["Cleave","Armaments"],"picked":"Anger","floor":1},{"not_picked":["True Grit","Pommel Strike"],"picked":"Perfected Strike","floor":2},{"not_picked":["Metallicize","Second Wind"],"picked":"Offering","floor":5},{"not_picked":["Dark Embrace","Bloodletting"],"picked":"Barricade","floor":7},{"not_picked":["Barricade","Dual Wield","Sword Boomerang"],"picked":"SKIP","floor":10},{"not_picked":["Heavy Blade","Dropkick"],"picked":"Pommel Strike","floor":14},{"not_picked":["Feed","Demon Form"],"picked":"Dark Embrace","floor":16},{"not_picked":["Shrug It Off","Heavy Blade"],"picked":"Flame Barrier","floor":18}],"player_experience":1195028,"relics_obtained":[{"floor":7,"key":"Bronze Scales"},{"floor":9,"key":"Dodecahedron"},{"floor":10,"key":"Ginger"},{"floor":20,"key":"Red Mask"}],"event_choices":[{"damage_healed":0,"gold_gain":0,"player_choice":"Entered Light","damage_taken":25,"max_hp_gain":0,"max_hp_loss":0,"event_name":"Shining Light","floor":3,"gold_loss":0,"cards_upgraded":["Bash","Defend_R"]},{"damage_healed":0,"gold_gain":0,"player_choice":"Donut","damage_taken":0,"max_hp_gain":5,"max_hp_loss":0,"event_name":"Big Fish","floor":4,"gold_loss":0},{"damage_healed":0,"gold_gain":0,"player_choice":"Searched \u00271\u0027 times","damage_taken":0,"relics_obtained":["Sundial"],"max_hp_gain":0,"max_hp_loss":0,"event_name":"Dead Adventurer","floor":11,"gold_loss":0},{"damage_healed":0,"gold_gain":0,"player_choice":"Lose Max HP","damage_taken":0,"relics_obtained":["Golden Idol"],"max_hp_gain":0,"max_hp_loss":8,"event_name":"Golden Idol","floor":13,"gold_loss":0},{"damage_healed":0,"gold_gain":0,"player_choice":"Read","damage_taken":0,"max_hp_gain":0,"max_hp_loss":0,"event_name":"The Library","floor":19,"gold_loss":0,"cards_obtained":["Power Through"]},{"damage_healed":0,"gold_gain":0,"player_choice":"Fought Bandits","damage_taken":0,"max_hp_gain":0,"max_hp_loss":0,"event_name":"Masked Bandits","floor":20,"gold_loss":0},{"damage_healed":0,"gold_gain":0,"player_choice":"Ignored","damage_taken":0,"max_hp_gain":0,"max_hp_loss":0,"event_name":"Cursed Tome","floor":21,"gold_loss":0},{"damage_healed":0,"gold_gain":0,"player_choice":"Paid Gold","damage_taken":0,"relics_obtained":["Turnip"],"max_hp_gain":0,"max_hp_loss":0,"event_name":"WeMeetAgain","floor":22,"gold_loss":88}],"is_beta":true,"boss_relics":[{"not_picked":["Cursed Key","Runic Dome"],"picked":"Snecko Eye"}],"items_purged_floors":[],"is_endless":false,"potions_floor_spawned":[2,10,16],"killed_by":"Book of Stabbing","ascension_level":20}