{"gold_per_floor":[210,100,117,135,149,149,49,75,153,153,170,170,181,215,215,315,315,331,341,358,36,36,71,71,85,85,120,130,130,144,156,156,254,254,267,267,267,281,298,326,326,326,326,339,354,364,49,49,49,49],"floor_reached":51,"playtime":15345,"items_purged":["Strike_B","Strike_B","Defend_B+1"],"score":758,"play_id":"e9806a98-c321-438c-8bf4-674ab788ce8c","local_time":"20190907022238","is_ascension_mode":false,"campfire_choices":[{"data":"Zap","floor":6.0,"key":"SMITH"},{"data":"Dualcast","floor":12.0,"key":"SMITH"},{"data":"Sweeping Beam","floor":15.0,"key":"SMITH"},{"floor":24.0,"key":"REST"},{"data":"Fission","floor":29.0,"key":"SMITH"},{"data":"Defragment","floor":32.0,"key":"SMITH"},{"data":"Static Discharge","floor":42.0,"key":"SMITH"},{"data":"The Bomb","floor":49.0,"key":"SMITH"}],"neow_cost":"NONE","seed_source_timestamp":13156084630222,"circlet_count":0,"master_deck":["Strike_B+1","Defend_B+1","Defend_B+1","Defend_B+1","Zap+1","Dualcast+1","Sweeping Beam+1","Self Repair","Ball Lightning","Steam+1","Defragment+1","All For One","Go for the Eyes","Coolheaded","Fission+1","Rebound+1","Leap","Leap+1","Static Discharge+1","Chill+1","Go for the Eyes+1","Streamline+1","Force Field","Defragment+1","Seek","Stack+1","Panache","Rebound+1","Capacitor+1","Ball Lightning","The Bomb+1"],"special_seed":0,"relics":["Cracked Core","Unceasing Top","Bottled Tornado","Centennial Puzzle","Black Star","Mummified Hand","Gambling Chip","Juzu Bracelet","Kunai","Lantern","Pear","Runic Pyramid","Bag of Marbles","Singing Bowl","War Paint","Darkstone Periapt"],"potions_floor_usage":[50,50],"damage_taken":[{"damage":0.0,"enemies":"Cultist","floor":1.0,"turns":3.0},{"damage":7.0,"enemies":"2 Louse","floor":3.0,"turns":3.0},{"damage":0.0,"enemies":"Small Slimes","floor":4.0,"turns":3.0},{"damage":1.0,"enemies":"3 Louse","floor":5.0,"turns":3.0},{"damage":29.0,"enemies":"3 Sentries","floor":8.0,"turns":6.0},{"damage":3.0,"enemies":"Exordium Thugs","floor":11.0,"turns":4.0},{"damage":13.0,"enemies":"Large Slime","floor":13.0,"turns":4.0},{"damage":0.0,"enemies":"Lagavulin","floor":14.0,"turns":6.0},{"damage":0.0,"enemies":"Slime Boss","floor":16.0,"turns":7.0},{"damage":9.0,"enemies":"3 Byrds","floor":18.0,"turns":4.0},{"damage":14.0,"enemies":"Spheric Guardian","floor":19.0,"turns":4.0},{"damage":21.0,"enemies":"Snecko","floor":20.0,"turns":7.0},{"damage":14.0,"enemies":"Gremlin Leader","floor":23.0,"turns":10.0},{"damage":1.0,"enemies":"3 Cultists","floor":25.0,"turns":6.0},{"damage":14.0,"enemies":"Slavers","floor":27.0,"turns":6.0},{"damage":3.0,"enemies":"Sentry and Sphere","floor":28.0,"turns":5.0},{"damage":3.0,"enemies":"Chosen and Byrds","floor":30.0,"turns":5.0},{"damage":2.0,"enemies":"Centurion and Healer","floor":31.0,"turns":6.0},{"damage":46.0,"enemies":"Automaton","floor":33.0,"turns":9.0},{"damage":5.0,"enemies":"3 Darklings","floor":35.0,"turns":6.0},{"damage":0.0,"enemies":"Orb Walker","floor":38.0,"turns":2.0},{"damage":0.0,"enemies":"Spire Growth","floor":39.0,"turns":4.0},{"damage":2.0,"enemies":"Giant Head","floor":40.0,"turns":9.0},{"damage":0.0,"enemies":"Writhing Mass","floor":44.0,"turns":7.0},{"damage":0.0,"enemies":"4 Shapes","floor":45.0,"turns":6.0},{"damage":0.0,"enemies":"Transient","floor":46.0,"turns":5.0},{"damage":15,"enemies":"Time Eater","floor":50,"turns":10}],"seed_played":"-6607124069186658457","potions_obtained":[{"floor":1.0,"key":"LiquidBronze"},{"floor":11.0,"key":"GamblersBrew"},{"floor":13.0,"key":"Fire Potion"},{"floor":14.0,"key":"FocusPotion"},{"floor":16.0,"key":"AttackPotion"},{"floor":18.0,"key":"Swift Potion"},{"floor":20.0,"key":"FairyPotion"},{"floor":33.0,"key":"Ancient Potion"}],"is_trial":false,"path_per_floor":["M","$","M","M","M","R","$","E","T","?","M","R","M","E","R","B",null,"M","M","M","$","?","E","R","M","T","E","M","R","M","M","R","B",null,"M","?","T","M","M","E","?","R","T","M","M","M","$","?","R","B",null],"character_chosen":"DEFECT","items_purchased":["Self Repair","Mummified Hand","Static Discharge","The Bomb"],"campfire_rested":1,"item_purchase_floors":[2,21,21,47],"current_hp_per_floor":[75,75,75,75,75,75,75,53,53,46,50,50,44,51,51,58,75,73,66,52,52,52,45,67,73,73,76,80,80,84,85,85,46,85,85,85,85,85,85,87,83,83,83,85,85,87,87,79,79,71],"gold":49,"neow_bonus":"HUNDRED_GOLD","is_prod":false,"is_daily":false,"chose_seed":false,"campfire_upgraded":7,"win_rate":0,"timestamp":1567815758,"path_taken":["M","$","M","M","M","R","?","E","T","?","M","R","M","E","R","BOSS","M","M","M","$","?","E","R","M","T","E","M","R","M","M","R","BOSS","M","?","?","M","M","E","?","R","T","M","M","M","?","?","R","BOSS"],"build_version":"2019-07-17","purchased_purges":3,"victory":true,"max_hp_per_floor":[75,75,75,75,75,75,75,75,75,75,75,75,75,75,75,75,75,75,75,75,75,75,75,75,75,75,85,85,85,85,85,85,85,85,85,85,85,85,85,87,83,83,83,85,85,87,87,87,87,87],"card_choices":[{"not_picked":["Undo","Coolheaded"],"picked":"Sweeping Beam","floor":1.0},{"not_picked":["Redo","Compile Driver"],"picked":"Ball Lightning","floor":3.0},{"not_picked":["Stack","Hologram"],"picked":"Steam","floor":4.0},{"not_picked":["Gash","Streamline"],"picked":"Defragment","floor":5.0},{"not_picked":["Leap","Ball Lightning"],"picked":"All For One","floor":8.0},{"not_picked":["Cold Snap","Aggregate"],"picked":"Go for the Eyes","floor":11.0},{"not_picked":["Streamline","Compile Driver"],"picked":"Coolheaded","floor":13.0},{"not_picked":["Gash","Redo","Tempest"],"picked":"SKIP","floor":14.0},{"not_picked":["Buffer","Echo Form"],"picked":"Fission","floor":16.0},{"not_picked":["Consume","Cold Snap"],"picked":"Rebound+1","floor":18.0},{"not_picked":["Stack","Lockon"],"picked":"Leap","floor":19.0},{"not_picked":["Gash","Conserve Battery"],"picked":"Leap+1","floor":20.0},{"not_picked":["Lockon","Ball Lightning"],"picked":"Chill+1","floor":23.0},{"not_picked":["Compile Driver","Fusion"],"picked":"Go for the Eyes+1","floor":25.0},{"not_picked":["Reinforced Body","Redo"],"picked":"Streamline+1","floor":27.0},{"not_picked":["Hologram","Reinforced Body"],"picked":"Force Field","floor":28.0},{"not_picked":["Steam","Coolheaded","FTL+1"],"picked":"SKIP","floor":30.0},{"not_picked":["Steam","Coolheaded","FTL+1"],"picked":"SKIP","floor":30.0},{"not_picked":["Redo","Creative AI"],"picked":"Defragment+1","floor":31.0},{"not_picked":["Buffer","Meteor Strike"],"picked":"Seek","floor":33.0},{"not_picked":["Darkness","Auto Shields+1"],"picked":"Stack","floor":35.0},{"not_picked":["Enlightenment","Deep Breath"],"picked":"Panache","floor":36.0},{"not_picked":["Doom and Gloom+1","Loop"],"picked":"Rebound+1","floor":38.0},{"not_picked":["Chill","Heatsinks"],"picked":"Capacitor+1","floor":39.0},{"not_picked":["Stack","Amplify","Hologram+1"],"picked":"Singing Bowl","floor":40.0},{"not_picked":["Loop","Blizzard","Barrage"],"picked":"Singing Bowl","floor":44.0},{"not_picked":["Melter+1","Reprogram"],"picked":"Ball Lightning","floor":45.0},{"not_picked":["Turbo+1","Storm","Compile Driver+1"],"picked":"Singing Bowl","floor":46.0}],"player_experience":280469,"relics_obtained":[{"floor":8.0,"key":"Unceasing Top"},{"floor":9.0,"key":"Bottled Tornado"},{"floor":14.0,"key":"Centennial Puzzle"},{"floor":23.0,"key":"Gambling Chip"},{"floor":23.0,"key":"Juzu Bracelet"},{"floor":26.0,"key":"Kunai"},{"floor":27.0,"key":"Lantern"},{"floor":27.0,"key":"Pear"},{"floor":37.0,"key":"Bag of Marbles"},{"floor":40.0,"key":"Singing Bowl"},{"floor":40.0,"key":"War Paint"},{"floor":43.0,"key":"Darkstone Periapt"}],"event_choices":[{"cards_removed":["Strike_B"],"damage_healed":0.0,"max_hp_gain":0.0,"max_hp_loss":0.0,"gold_gain":0.0,"event_name":"Golden Wing","player_choice":"Card Removal","floor":10.0,"gold_loss":0.0,"damage_taken":7.0},{"damage_healed":0.0,"max_hp_gain":0.0,"max_hp_loss":0.0,"gold_gain":0.0,"event_name":"Back to Basics","player_choice":"Simplicity","floor":22.0,"gold_loss":0.0,"damage_taken":0.0,"cards_upgraded":["Strike_B","Defend_B","Defend_B","Defend_B","Defend_B"]},{"damage_healed":0.0,"max_hp_gain":0.0,"max_hp_loss":0.0,"gold_gain":0.0,"event_name":"SensoryStone","player_choice":"Memory 1","floor":36.0,"gold_loss":0.0,"damage_taken":0.0},{"damage_healed":0.0,"max_hp_gain":0.0,"max_hp_loss":4.0,"gold_gain":0.0,"event_name":"Winding Halls","player_choice":"Max HP","floor":41.0,"gold_loss":0.0,"damage_taken":0.0},{"damage_healed":0.0,"max_hp_gain":0.0,"max_hp_loss":0.0,"gold_gain":0.0,"event_name":"Wheel of Change","player_choice":"Damaged","floor":48.0,"gold_loss":0.0,"damage_taken":8.0}],"is_beta":false,"boss_relics":[{"not_picked":["Philosopher\u0027s Stone","Fusion Hammer"],"picked":"Black Star"},{"not_picked":["Astrolabe","Snecko Eye"],"picked":"Runic Pyramid"}],"items_purged_floors":[2,7,47],"is_endless":false,"potions_floor_spawned":[1,11,13,14,16,18,19,20,33,44,45],"ascension_level":0}