{"gold_per_floor":[116,135,135,45,59,89,102,121,121,106],"floor_reached":10,"playtime":352,"items_purged":[],"score":126,"play_id":"688b9cef-31b2-4c38-bbd8-2426276cd989","local_time":"20190928180524","is_ascension_mode":true,"campfire_choices":[],"neow_cost":"NONE","seed_source_timestamp":23051314389400,"circlet_count":0,"master_deck":["AscendersBane","Strike_B","Strike_B","Strike_B","Defend_B","Defend_B","Defend_B","Defend_B","Zap","Dualcast","Barrage","FTL","Machine Learning","Barrage","Fission","Defragment","Conserve Battery"],"relics":["Cracked Core","NeowsBlessing","Turnip","Sundial"],"potions_floor_usage":[6,8],"damage_taken":[{"damage":0,"enemies":"2 Louse","floor":1,"turns":1},{"damage":0,"enemies":"Cultist","floor":2,"turns":1},{"damage":0,"enemies":"Jaw Worm","floor":5,"turns":1},{"damage":35,"enemies":"3 Sentries","floor":6,"turns":6},{"damage":26,"enemies":"Exordium Thugs","floor":7,"turns":6},{"damage":2,"enemies":"2 Fungi Beasts","floor":8,"turns":3},{"damage":11,"enemies":"Looter","floor":10,"turns":1}],"seed_played":"5098675370107682255","potions_obtained":[{"floor":2,"key":"FocusPotion"},{"floor":6,"key":"Swift Potion"}],"is_trial":false,"path_per_floor":["M","M","?","$","M","E","M","M","T","M"],"character_chosen":"DEFECT","items_purchased":["Machine Learning"],"campfire_rested":0,"item_purchase_floors":[4],"current_hp_per_floor":[64,64,64,64,64,29,3,1,1,0],"gold":106,"neow_bonus":"THREE_ENEMY_KILL","is_prod":false,"is_daily":false,"chose_seed":false,"campfire_upgraded":0,"win_rate":0,"timestamp":1569719124,"path_taken":["M","M","?","$","M","E","M","M","T","?"],"build_version":"2019-07-17","purchased_purges":0,"victory":false,"max_hp_per_floor":[71,71,71,71,71,71,71,71,71,71],"card_choices":[{"not_picked":["Turbo","Storm"],"picked":"Barrage","floor":1},{"not_picked":["Compile Driver","Sweeping Beam"],"picked":"FTL","floor":2},{"not_picked":["Aggregate","Streamline"],"picked":"Barrage","floor":5},{"not_picked":["Beam Cell","Barrage"],"picked":"Fission","floor":6},{"not_picked":["Scrape","Loop"],"picked":"Defragment","floor":7},{"not_picked":["Rebound","Rip and Tear"],"picked":"Conserve Battery","floor":8}],"player_experience":655857,"relics_obtained":[{"floor":6,"key":"Turnip"},{"floor":9,"key":"Sundial"}],"event_choices":[{"cards_removed":["Strike_B"],"damage_healed":0,"gold_gain":0,"player_choice":"Purged","damage_taken":0,"max_hp_gain":0,"max_hp_loss":0,"event_name":"Purifier","floor":3,"gold_loss":0}],"is_beta":false,"boss_relics":[],"items_purged_floors":[],"is_endless":false,"potions_floor_spawned":[2,6],"killed_by":"Looter","ascension_level":16}