{"gold_per_floor":[115,129,71,88,104,104,115,115,141,23,56,75,75,105,105,180,180,197,208,225,225],"floor_reached":21,"playtime":1444,"items_purged":["Strike_B"],"score":339,"play_id":"d81dbcb5-399b-42be-a925-eb3af9ca304e","local_time":"20191003001428","is_ascension_mode":true,"campfire_choices":[{"floor":6.0,"key":"REST"},{"floor":8.0,"key":"REST"},{"floor":15.0,"key":"REST"}],"neow_cost":"NONE","seed_source_timestamp":0,"circlet_count":0,"master_deck":["AscendersBane","Strike_B","Strike_B","Strike_B","Defend_B","Defend_B+1","Defend_B","Defend_B","Zap","Dualcast","Amplify","Ball Lightning","Coolheaded","Cold Snap","Double Energy","Reinforced Body+1","Defragment+1","Glacier","Gash","Loop","Biased Cognition","Hologram","Self Repair"],"special_seed":0,"relics":["Cracked Core","Bag of Preparation","War Paint","Eternal Feather"],"potions_floor_usage":[21,21],"damage_taken":[{"damage":14.0,"enemies":"2 Louse","floor":1.0,"turns":3.0},{"damage":4.0,"enemies":"Small Slimes","floor":2.0,"turns":3.0},{"damage":0.0,"enemies":"Cultist","floor":4.0,"turns":2.0},{"damage":20.0,"enemies":"Exordium Wildlife","floor":5.0,"turns":6.0},{"damage":6.0,"enemies":"Looter","floor":7.0,"turns":3.0},{"damage":16.0,"enemies":"3 Sentries","floor":11.0,"turns":13.0},{"damage":0.0,"enemies":"Large Slime","floor":12.0,"turns":5.0},{"damage":31.0,"enemies":"Slime Boss","floor":16.0,"turns":11.0},{"damage":9.0,"enemies":"3 Byrds","floor":18.0,"turns":7.0},{"damage":0.0,"enemies":"Spheric Guardian","floor":19.0,"turns":6.0},{"damage":21,"enemies":"Snake Plant","floor":20,"turns":11},{"damage":42,"enemies":"Centurion and Healer","floor":21,"turns":14}],"seed_played":"-1280785253275898888","potions_obtained":[{"floor":1.0,"key":"Poison Potion"},{"floor":4.0,"key":"SmokeBomb"},{"floor":11.0,"key":"SkillPotion"},{"floor":19.0,"key":"Strength Potion"},{"floor":20,"key":"Block Potion"}],"is_trial":false,"path_per_floor":["M","M","$","M","M","R","M","R","T","$","E","M","?","?","R","B",null,"M","M","M","M"],"character_chosen":"DEFECT","items_purchased":["Cold Snap","Glacier"],"campfire_rested":3,"item_purchase_floors":[3,10],"current_hp_per_floor":[50,46,46,46,26,47,41,62,62,62,46,46,46,46,67,36,62,53,53,39,0],"gold":225,"neow_bonus":"ONE_RANDOM_RARE_CARD","is_prod":false,"is_daily":false,"chose_seed":false,"campfire_upgraded":0,"win_rate":0,"timestamp":1570086868,"path_taken":["M","M","$","M","M","R","M","R","T","$","E","M","?","?","R","BOSS","M","M","M","M"],"build_version":"2019-07-17","purchased_purges":1,"victory":false,"max_hp_per_floor":[71,71,71,71,71,71,71,71,71,71,71,71,71,71,71,71,71,71,71,71,71],"card_choices":[{"not_picked":["Tempest","Recycle"],"picked":"Ball Lightning","floor":1.0},{"not_picked":["Hello World","Stack"],"picked":"Coolheaded","floor":2.0},{"not_picked":["Hyperbeam","Beam Cell"],"picked":"Double Energy","floor":4.0},{"not_picked":["Rip and Tear","Doom and Gloom"],"picked":"Reinforced Body","floor":5.0},{"not_picked":["Redo","Steam"],"picked":"Defragment","floor":7.0},{"not_picked":["Storm","Lockon"],"picked":"Gash","floor":11.0},{"not_picked":["Beam Cell","Fusion"],"picked":"Loop","floor":12.0},{"not_picked":["Machine Learning","Rainbow"],"picked":"Biased Cognition","floor":16.0},{"not_picked":["Double Energy+1","Barrage"],"picked":"Hologram","floor":18.0},{"not_picked":["Defragment","Aggregate"],"picked":"Self Repair","floor":19.0},{"not_picked":["Reinforced Body+1","Steam+1","Conserve Battery"],"picked":"SKIP","floor":20}],"player_experience":665226,"relics_obtained":[{"floor":9.0,"key":"Bag of Preparation"},{"floor":11.0,"key":"War Paint"}],"event_choices":[{"damage_healed":0.0,"max_hp_gain":0.0,"max_hp_loss":0.0,"gold_gain":0.0,"event_name":"Living Wall","player_choice":"Grow","floor":13.0,"gold_loss":0.0,"damage_taken":0.0,"cards_upgraded":["Defragment"]},{"damage_healed":0.0,"max_hp_gain":0.0,"max_hp_loss":0.0,"gold_gain":30.0,"event_name":"Dead Adventurer","player_choice":"Searched \u00271\u0027 times","floor":14.0,"gold_loss":0.0,"damage_taken":0.0}],"is_beta":false,"boss_relics":[{"not_picked":["Runic Dome","White Beast Statue"],"picked":"Eternal Feather"}],"items_purged_floors":[10],"is_endless":false,"potions_floor_spawned":[1,4,7,11,19,20],"killed_by":"Centurion and Healer","ascension_level":17}