{"gold_per_floor":[114,114,129,143,161,161,188,244,293,311,91,119,136,136,136,266,329,348,109,133,157,157,177,77,77,77,77,90,90],"floor_reached":29,"playtime":5641,"items_purged":["Defend_B","Defend_B","Strike_B"],"score":262,"play_id":"ac0d1569-dbc7-4325-8222-3583eae31d8a","local_time":"20191002153750","is_ascension_mode":false,"campfire_choices":[{"data":"Zap","floor":6.0,"key":"SMITH"},{"data":"Echo Form","floor":15.0,"key":"SMITH"},{"floor":25.0,"key":"REST"},{"data":"Reinforced Body","floor":27.0,"key":"SMITH"}],"neow_cost":"NONE","seed_source_timestamp":1189608936861305,"circlet_count":0,"master_deck":["Strike_B+1","Defend_B","Defend_B","Zap+1","Dualcast","Ball Lightning","Reinforced Body+1","FTL","Doom and Gloom","Core Surge","Darkness","Loop","Echo Form+1","Injury","Machine Learning","Leap","Static Discharge+1"],"special_seed":0,"relics":["Cracked Core","Darkstone Periapt","Boot","Bag of Preparation","Lantern","The Courier","Golden Idol","Tiny House","Frozen Eye","Bottled Flame"],"potions_floor_usage":[29],"damage_taken":[{"damage":0.0,"enemies":"2 Louse","floor":1.0,"turns":2.0},{"damage":0.0,"enemies":"Cultist","floor":3.0,"turns":3.0},{"damage":0.0,"enemies":"Jaw Worm","floor":4.0,"turns":3.0},{"damage":0.0,"enemies":"Looter","floor":5.0,"turns":3.0},{"damage":4.0,"enemies":"3 Sentries","floor":7.0,"turns":7.0},{"damage":17.0,"enemies":"3 Sentries","floor":8.0,"turns":7.0},{"damage":0.0,"enemies":"Large Slime","floor":10.0,"turns":3.0},{"damage":0.0,"enemies":"Gremlin Nob","floor":12.0,"turns":3.0},{"damage":11.0,"enemies":"Exordium Thugs","floor":13.0,"turns":3.0},{"damage":10.0,"enemies":"Hexaghost","floor":16.0,"turns":7.0},{"damage":6.0,"enemies":"3 Byrds","floor":18.0,"turns":4.0},{"damage":24.0,"enemies":"2 Thieves","floor":20.0,"turns":3.0},{"damage":21.0,"enemies":"Centurion and Healer","floor":21.0,"turns":6.0},{"damage":16.0,"enemies":"3 Cultists","floor":23.0,"turns":4.0},{"damage":0,"enemies":"Snecko","floor":28,"turns":4},{"damage":45,"enemies":"Slavers","floor":29,"turns":3}],"seed_played":"-3657571971356031063","potions_obtained":[{"floor":3.0,"key":"SpeedPotion"},{"floor":7.0,"key":"PowerPotion"},{"floor":8.0,"key":"EssenceOfSteel"},{"floor":10.0,"key":"FearPotion"},{"floor":16.0,"key":"Explosive Potion"},{"floor":17.0,"key":"GamblersBrew"}],"is_trial":false,"path_per_floor":["M","?","M","M","M","R","E","?","T","M","$","E","M","?","R","B",null,"M","$","M","M","?","M","$","R","T","R","M","E"],"character_chosen":"DEFECT","items_purchased":["Lantern","Frozen Eye"],"campfire_rested":1,"item_purchase_floors":[11,19],"current_hp_per_floor":[75,75,75,75,75,75,71,54,54,54,54,54,43,49,49,39,86,80,80,56,35,35,19,19,44,44,44,44,0],"gold":90,"neow_bonus":"REMOVE_CARD","is_prod":false,"is_daily":false,"chose_seed":false,"campfire_upgraded":3,"win_rate":0,"timestamp":1570023470,"path_taken":["M","?","M","M","?","R","E","?","T","M","$","E","M","?","R","BOSS","M","$","M","M","?","M","?","R","T","R","M","E"],"build_version":"2019-07-17","purchased_purges":3,"victory":false,"max_hp_per_floor":[75,75,75,75,75,75,75,75,75,75,75,75,75,81,81,81,86,86,86,86,86,86,86,86,86,86,86,86,86],"card_choices":[{"not_picked":["Hologram","Compile Driver"],"picked":"Ball Lightning","floor":1.0},{"not_picked":["Stack","Redo"],"picked":"Reinforced Body","floor":3.0},{"not_picked":["Compile Driver","Conserve Battery"],"picked":"FTL","floor":4.0},{"not_picked":["Steam","Gash"],"picked":"Doom and Gloom","floor":5.0},{"not_picked":["Coolheaded","Leap"],"picked":"Core Surge","floor":7.0},{"not_picked":["Genetic Algorithm","Ball Lightning"],"picked":"Darkness","floor":8.0},{"not_picked":["FTL","Chaos"],"picked":"Loop","floor":10.0},{"not_picked":["Heatsinks","Recycle","Aggregate"],"picked":"SKIP","floor":12.0},{"not_picked":["Sweeping Beam","Hologram"],"picked":"Echo Form","floor":13.0},{"not_picked":["Creative AI","Echo Form"],"picked":"Machine Learning","floor":16.0},{"not_picked":["White Noise","Heatsinks"],"picked":"Leap","floor":17.0},{"not_picked":["Barrage","Chaos","Reprogram"],"picked":"SKIP","floor":18.0},{"not_picked":["Barrage","Leap","Streamline"],"picked":"SKIP","floor":20.0},{"not_picked":["Melter","Heatsinks"],"picked":"Static Discharge+1","floor":21.0},{"not_picked":["Ball Lightning","Double Energy","Gash+1"],"picked":"SKIP","floor":23.0},{"not_picked":["Compile Driver","All For One","Barrage"],"picked":"SKIP","floor":28}],"player_experience":299738,"relics_obtained":[{"floor":7.0,"key":"Darkstone Periapt"},{"floor":8.0,"key":"Boot"},{"floor":9.0,"key":"Bag of Preparation"},{"floor":12.0,"key":"The Courier"},{"floor":26.0,"key":"Bottled Flame"}],"event_choices":[{"cards_removed":["Strike_B"],"damage_healed":0.0,"max_hp_gain":0.0,"max_hp_loss":0.0,"gold_gain":0.0,"event_name":"Purifier","player_choice":"Purged","floor":2.0,"gold_loss":0.0,"damage_taken":0.0},{"damage_healed":0.0,"max_hp_gain":0.0,"max_hp_loss":0.0,"gold_gain":0.0,"event_name":"Dead Adventurer","player_choice":"Searched \u00271\u0027 times","floor":8.0,"gold_loss":0.0,"damage_taken":0.0},{"damage_healed":0.0,"max_hp_gain":0.0,"max_hp_loss":0.0,"gold_gain":0.0,"event_name":"Golden Idol","player_choice":"Take Wound","floor":14.0,"gold_loss":0.0,"damage_taken":0.0,"relics_obtained":["Golden Idol"],"cards_obtained":["Injury"]},{"damage_healed":0.0,"max_hp_gain":0.0,"max_hp_loss":0.0,"gold_gain":0.0,"event_name":"NoteForYourself","player_choice":"Ignored","floor":22.0,"gold_loss":0.0,"damage_taken":0.0}],"is_beta":false,"boss_relics":[{"not_picked":["Snecko Eye","Ectoplasm"],"picked":"Tiny House"}],"items_purged_floors":[11,19,24],"is_endless":false,"potions_floor_spawned":[3,7,8,10,16,20],"killed_by":"Slavers","ascension_level":0}