{"gold_per_floor":[116,266,8,26,101,128,128,157,457,477,501,501,513,543,543,614,614,626,642,642,336,336,336,367,367,392,426,444,359,176,190,190,264,264,274,374,388,238,238,272,272,290,317,329,363,363,363,34,34,34,34],"floor_reached":52,"playtime":2048,"items_purged":["Doubt","Strike_R","Strike_R","Strike_R"],"score":1953,"play_id":"d21d4c04-36a9-41e4-90ad-1063a3656ad6","local_time":"20191002175215","is_ascension_mode":true,"campfire_choices":[{"floor":7.0,"key":"REST"},{"data":"Uppercut","floor":12.0,"key":"SMITH"},{"data":"Heavy Blade","floor":15.0,"key":"SMITH"},{"data":"Demon Form","floor":23.0,"key":"SMITH"},{"data":"Mayhem","floor":25.0,"key":"SMITH"},{"floor":32.0,"key":"REST"},{"data":"Heavy Blade","floor":41,"key":"SMITH"},{"data":"Heavy Blade","floor":46,"key":"SMITH"},{"data":"Disarm","floor":49,"key":"SMITH"}],"neow_cost":"NONE","seed_source_timestamp":97661630157200,"circlet_count":0,"master_deck":["AscendersBane","Strike_R","Defend_R","Defend_R","Defend_R","Defend_R","Bash","Wild Strike+1","Spot Weakness","Metallicize","Heavy Blade+1","Immolate","Shrug It Off","Uppercut+1","Spot Weakness","Fire Breathing","Heavy Blade+1","Immolate","Demon Form+1","Warcry+1","Spot Weakness","Mayhem+1","Impervious","Disarm+1","Shrug It Off","Shrug It Off","Havoc+1","Reaper+1","Heavy Blade+1","Evolve","Clothesline+1","Impervious","Disarm"],"special_seed":0,"relics":["Burning Blood","Potion Belt","HornCleat","Orichalcum","Old Coin","Odd Mushroom","Juzu Bracelet","Velvet Choker","Centennial Puzzle","Mercury Hourglass","InkBottle","Bag of Preparation","StoneCalendar","Snecko Eye","Nunchaku","Mummified Hand","Whetstone","Dream Catcher","Orrery"],"potions_floor_usage":[40],"damage_taken":[{"damage":4.0,"enemies":"Jaw Worm","floor":1.0,"turns":5.0},{"damage":0.0,"enemies":"2 Louse","floor":4.0,"turns":3.0},{"damage":43.0,"enemies":"Lagavulin","floor":6.0,"turns":7.0},{"damage":7.0,"enemies":"3 Sentries","floor":8.0,"turns":4.0},{"damage":0.0,"enemies":"Small Slimes","floor":10.0,"turns":3.0},{"damage":0.0,"enemies":"The Mushroom Lair","floor":11.0,"turns":2.0},{"damage":14.0,"enemies":"Exordium Thugs","floor":13.0,"turns":5.0},{"damage":18.0,"enemies":"Lagavulin","floor":14.0,"turns":8.0},{"damage":22.0,"enemies":"Slime Boss","floor":16.0,"turns":9.0},{"damage":0.0,"enemies":"Chosen","floor":18.0,"turns":3.0},{"damage":14.0,"enemies":"2 Thieves","floor":19.0,"turns":5.0},{"damage":2.0,"enemies":"Gremlin Leader","floor":24.0,"turns":4.0},{"damage":35.0,"enemies":"Slavers","floor":27.0,"turns":3.0},{"damage":1.0,"enemies":"Centurion and Healer","floor":28.0,"turns":6.0},{"damage":6.0,"enemies":"Snake Plant","floor":31.0,"turns":5.0},{"damage":30.0,"enemies":"Collector","floor":33.0,"turns":4.0},{"damage":27,"enemies":"3 Shapes","floor":35,"turns":6},{"damage":3,"enemies":"Mind Bloom Boss Battle","floor":36,"turns":8},{"damage":0,"enemies":"Orb Walker","floor":37,"turns":3},{"damage":8,"enemies":"Giant Head","floor":40,"turns":6},{"damage":20,"enemies":"3 Darklings","floor":42,"turns":6},{"damage":8,"enemies":"Jaw Worm Horde","floor":44,"turns":3},{"damage":16,"enemies":"Nemesis","floor":45,"turns":7},{"damage":37,"enemies":"Time Eater","floor":50,"turns":10},{"damage":27,"enemies":"Awakened One","floor":51,"turns":7}],"seed_played":"-6158151861327923876","potions_obtained":[{"floor":8.0,"key":"Explosive Potion"},{"floor":10.0,"key":"FearPotion"},{"floor":14.0,"key":"SkillPotion"},{"floor":16.0,"key":"ElixirPotion"},{"floor":28.0,"key":"GamblersBrew"},{"floor":31.0,"key":"AttackPotion"},{"floor":33.0,"key":"SkillPotion"},{"floor":39,"key":"DuplicationPotion"},{"floor":39,"key":"DuplicationPotion"},{"floor":42,"key":"Dexterity Potion"}],"is_trial":false,"path_per_floor":["M","?","$","M","?","E","R","E","T","M","?","R","M","E","R","B",null,"M","M","?","$","?","R","E","R","T","E","M","?","$","M","R","B",null,"M","?","M","$","?","E","R","M","T","M","E","R","?","$","R","B","B",null],"character_chosen":"IRONCLAD","items_purchased":["Spot Weakness","Metallicize","Heavy Blade","Mayhem","Shrug It Off","Impervious","Orrery"],"campfire_rested":2,"item_purchase_floors":[3,3,3,21,30,48,48],"current_hp_per_floor":[70,70,70,75,64,27,49,48,48,54,60,60,52,40,40,24,62,68,60,60,60,60,60,64,64,64,35,40,40,40,40,62,38,66,75,75,75,75,75,73,73,75,75,75,75,75,75,75,75,75,54],"gold":34,"neow_bonus":"RANDOM_COMMON_RELIC","is_prod":false,"is_daily":false,"chose_seed":false,"campfire_upgraded":7,"win_rate":0,"timestamp":1570063935,"path_taken":["M","?","$","M","?","E","R","E","T","M","?","R","M","E","R","BOSS","M","M","?","$","?","R","E","R","T","E","M","?","$","M","R","BOSS","M","?","M","$","?","E","R","M","T","M","E","R","?","$","R","BOSS","BOSS"],"build_version":"2019-10-01","purchased_purges":4,"victory":true,"max_hp_per_floor":[75,75,75,75,75,75,75,75,75,75,75,75,75,75,75,75,75,75,75,75,75,75,75,75,75,75,75,75,75,75,75,75,75,75,75,75,75,75,75,75,75,75,75,75,75,75,75,75,75,75,75],"card_choices":[{"not_picked":["Clothesline","Body Slam"],"picked":"Wild Strike","floor":1.0},{"not_picked":["Iron Wave","Clothesline"],"picked":"Immolate","floor":4.0},{"not_picked":["Havoc","Clash"],"picked":"Shrug It Off","floor":6.0},{"not_picked":["Searing Blow","Shrug It Off"],"picked":"Uppercut","floor":8.0},{"not_picked":["Infernal Blade","True Grit"],"picked":"Spot Weakness","floor":10.0},{"not_picked":["Iron Wave","True Grit"],"picked":"Fire Breathing","floor":11.0},{"not_picked":["Intimidate","Flame Barrier"],"picked":"Heavy Blade","floor":13.0},{"not_picked":["Anger","Perfected Strike"],"picked":"Immolate","floor":14.0},{"not_picked":["Barricade","Brutality"],"picked":"Demon Form","floor":16.0},{"not_picked":["Havoc","Dual Wield","Sentinel"],"picked":"SKIP","floor":18.0},{"not_picked":["Headbutt","Havoc"],"picked":"Warcry+1","floor":19.0},{"not_picked":["Perfected Strike+1","Entrench"],"picked":"Impervious","floor":24.0},{"not_picked":["Whirlwind","Armaments"],"picked":"Disarm","floor":27.0},{"not_picked":["Inflame","Dual Wield"],"picked":"Shrug It Off","floor":28.0},{"not_picked":["Sword Boomerang","Wild Strike","Havoc+1"],"picked":"SKIP","floor":31.0},{"not_picked":["Sword Boomerang","Wild Strike"],"picked":"Havoc+1","floor":31.0},{"not_picked":["Brutality","Dark Embrace"],"picked":"Reaper","floor":33.0},{"not_picked":["Second Wind","Thunderclap","Headbutt"],"picked":"SKIP","floor":35},{"not_picked":["Body Slam+1","Pommel Strike"],"picked":"Heavy Blade","floor":36},{"not_picked":["True Grit+1","Wild Strike","Perfected Strike+1"],"picked":"SKIP","floor":37},{"not_picked":["Entrench","Fire Breathing","Clothesline"],"picked":"SKIP","floor":40},{"not_picked":["Uppercut","Seeing Red+1","Perfected Strike"],"picked":"SKIP","floor":42},{"not_picked":["Pommel Strike+1","Sword Boomerang+1"],"picked":"Evolve","floor":44},{"not_picked":["Twin Strike","Sword Boomerang"],"picked":"Clothesline+1","floor":45},{"not_picked":["Shrug It Off","Inflame+1"],"picked":"Disarm","floor":48}],"player_experience":1205498,"relics_obtained":[{"floor":6.0,"key":"HornCleat"},{"floor":8.0,"key":"Orichalcum"},{"floor":9.0,"key":"Old Coin"},{"floor":11.0,"key":"Odd Mushroom"},{"floor":14.0,"key":"Juzu Bracelet"},{"floor":24.0,"key":"Mercury Hourglass"},{"floor":26.0,"key":"InkBottle"},{"floor":27.0,"key":"Bag of Preparation"},{"floor":36,"key":"Nunchaku"},{"floor":40,"key":"Mummified Hand"},{"floor":43,"key":"Whetstone"},{"floor":45,"key":"Dream Catcher"}],"event_choices":[{"damage_healed":0.0,"max_hp_gain":0.0,"max_hp_loss":0.0,"gold_gain":150.0,"event_name":"Liars Game","player_choice":"AGREE","floor":2.0,"gold_loss":0.0,"damage_taken":0.0,"cards_obtained":["Doubt"]},{"damage_healed":0.0,"max_hp_gain":0.0,"max_hp_loss":0.0,"gold_gain":75.0,"event_name":"World of Goop","player_choice":"Gather Gold","floor":5.0,"gold_loss":0.0,"damage_taken":11.0},{"damage_healed":0.0,"max_hp_gain":0.0,"max_hp_loss":0.0,"gold_gain":0.0,"event_name":"Mushrooms","player_choice":"Fought Mushrooms","floor":11.0,"gold_loss":0.0,"damage_taken":0.0},{"damage_healed":0.0,"max_hp_gain":0.0,"max_hp_loss":0.0,"gold_gain":0.0,"event_name":"The Library","player_choice":"Read","floor":20.0,"gold_loss":0.0,"damage_taken":0.0,"cards_obtained":["Spot Weakness"]},{"damage_healed":0.0,"max_hp_gain":0.0,"max_hp_loss":0.0,"gold_gain":0.0,"event_name":"WeMeetAgain","player_choice":"Gave Potion","floor":22.0,"gold_loss":0.0,"damage_taken":0.0,"relics_obtained":["Centennial Puzzle"]},{"damage_healed":0.0,"max_hp_gain":0.0,"max_hp_loss":0.0,"gold_gain":0.0,"event_name":"Addict","player_choice":"Obtained Relic","floor":29.0,"gold_loss":85.0,"damage_taken":0.0,"relics_obtained":["StoneCalendar"]},{"damage_healed":0,"gold_gain":0,"player_choice":"Fight","damage_taken":0,"max_hp_gain":0,"max_hp_loss":0,"event_name":"MindBloom","floor":36,"gold_loss":0},{"damage_healed":0,"gold_gain":0,"player_choice":"Got Potions","damage_taken":0,"max_hp_gain":0,"max_hp_loss":0,"event_name":"Lab","floor":39,"gold_loss":0},{"cards_removed":["Strike_R"],"damage_healed":0,"gold_gain":0,"player_choice":"Removed Attack","damage_taken":0,"max_hp_gain":0,"max_hp_loss":0,"event_name":"Falling","floor":47,"gold_loss":0}],"is_beta":true,"boss_relics":[{"not_picked":["Coffee Dripper","Philosopher\u0027s Stone"],"picked":"Velvet Choker"},{"not_picked":["Black Blood","SacredBark"],"picked":"Snecko Eye"}],"items_purged_floors":[3,21,30,38],"is_endless":false,"potions_floor_spawned":[8,10,14,16,28,31,33,42,45],"ascension_level":20}