{"gold_per_floor":[114,124,137,124,124,158,158,169,246,246,246,274,274,307,307,407,407,425,524,110,121,121,121,141,169,169,169,201,213,233,243,243,348,348,364,410,420,420,420,420,440,440,440,455,247,257,289,299,299,299],"floor_reached":51,"playtime":11819,"items_purged":["Coolheaded"],"score":716,"play_id":"95131785-25d7-4411-9d43-a9089c948a41","local_time":"20191004151120","is_ascension_mode":false,"campfire_choices":[{"floor":10.0,"key":"REST"},{"data":"Zap","floor":15.0,"key":"SMITH"},{"data":"Auto Shields","floor":23.0,"key":"SMITH"},{"floor":32.0,"key":"REST"},{"floor":40.0,"key":"REST"},{"data":"Seek","floor":42.0,"key":"SMITH"},{"floor":49,"key":"REST"}],"neow_cost":"NONE","seed_source_timestamp":0,"circlet_count":0,"master_deck":["Zap+1","Dualcast","Conserve Battery","Doom and Gloom","Compile Driver","Undo","Auto Shields+1","Lockon","Hyperbeam","Cold Snap","Core Surge","Sunder","FTL","Undo","Seek+1","Streamline","White Noise","Static Discharge+1","Thunder Strike","Blizzard+1","Capacitor","Loop+1"],"special_seed":0,"relics":["Cracked Core","Gambling Chip","Shuriken","Pocketwatch","Pantograph","Boot","Pandora\u0027s Box","Nunchaku","FossilizedHelix","Strawberry","Pen Nib","Torii","Busted Crown","Dead Branch","Dodecahedron","Strange Spoon","Kunai"],"potions_floor_usage":[50,50,50,50,50,50,50,50],"damage_taken":[{"damage":1.0,"enemies":"Jaw Worm","floor":1.0,"turns":3.0},{"damage":0.0,"enemies":"2 Louse","floor":2.0,"turns":2.0},{"damage":3.0,"enemies":"Small Slimes","floor":3.0,"turns":2.0},{"damage":10.0,"enemies":"Exordium Thugs","floor":4.0,"turns":5.0},{"damage":13.0,"enemies":"Gremlin Nob","floor":6.0,"turns":4.0},{"damage":6.0,"enemies":"Large Slime","floor":8.0,"turns":5.0},{"damage":13.0,"enemies":"Lagavulin","floor":12.0,"turns":5.0},{"damage":4.0,"enemies":"3 Sentries","floor":14.0,"turns":4.0},{"damage":3.0,"enemies":"The Guardian","floor":16.0,"turns":10.0},{"damage":0.0,"enemies":"Shell Parasite","floor":18.0,"turns":5.0},{"damage":10.0,"enemies":"3 Byrds","floor":21.0,"turns":4.0},{"damage":7.0,"enemies":"Snake Plant","floor":24.0,"turns":4.0},{"damage":2.0,"enemies":"Book of Stabbing","floor":25.0,"turns":6.0},{"damage":27.0,"enemies":"Slavers","floor":28.0,"turns":4.0},{"damage":7.0,"enemies":"3 Cultists","floor":29.0,"turns":4.0},{"damage":0.0,"enemies":"Snecko","floor":30.0,"turns":4.0},{"damage":0.0,"enemies":"Centurion and Healer","floor":31.0,"turns":5.0},{"damage":11.0,"enemies":"Champ","floor":33.0,"turns":8.0},{"damage":0.0,"enemies":"3 Darklings","floor":35.0,"turns":1.0},{"damage":34.0,"enemies":"2 Orb Walkers","floor":36.0,"turns":4.0},{"damage":0.0,"enemies":"3 Shapes","floor":37.0,"turns":2.0},{"damage":0.0,"enemies":"Spire Growth","floor":39.0,"turns":2.0},{"damage":8.0,"enemies":"3 Darklings","floor":41.0,"turns":3.0},{"damage":0,"enemies":"Maw","floor":44,"turns":6},{"damage":0,"enemies":"Transient","floor":46,"turns":5},{"damage":14,"enemies":"Nemesis","floor":47,"turns":7},{"damage":0,"enemies":"4 Shapes","floor":48,"turns":2},{"damage":58,"enemies":"Donu and Deca","floor":50,"turns":10}],"seed_played":"6232908976493834320","potions_obtained":[{"floor":3.0,"key":"GamblersBrew"},{"floor":4.0,"key":"GamblersBrew"},{"floor":12.0,"key":"Swift Potion"},{"floor":28.0,"key":"Strength Potion"},{"floor":29.0,"key":"Block Potion"},{"floor":30.0,"key":"EntropicBrew"},{"floor":35.0,"key":"EntropicBrew"},{"floor":38.0,"key":"SmokeBomb"},{"floor":41.0,"key":"Block Potion"}],"is_trial":false,"path_per_floor":["M","M","M","M","?","E","?","M","T","R","?","E","T","E","R","B",null,"M","?","$","M","?","R","M","E","T","?","E","M","M","M","R","B",null,"M","?","M","?","M","R","M","R","T","M","$","M","E","M","R","B",null],"character_chosen":"DEFECT","items_purchased":["White Noise","Nunchaku","Strange Spoon"],"campfire_rested":4,"item_purchase_floors":[20,20,45],"current_hp_per_floor":[81,81,78,68,68,55,60,54,54,80,73,60,60,56,56,78,87,87,87,87,77,60,60,53,51,58,58,31,24,24,24,53,67,99,99,65,65,65,65,94,86,86,86,86,86,86,72,72,99,41],"gold":299,"neow_bonus":"TEN_PERCENT_HP_BONUS","is_prod":false,"is_daily":false,"chose_seed":false,"campfire_upgraded":3,"win_rate":0,"timestamp":1570194680,"path_taken":["M","M","M","M","?","E","?","M","T","R","?","E","?","E","R","BOSS","M","?","$","M","?","R","M","E","T","?","E","M","M","M","R","BOSS","M","?","M","?","M","R","M","R","T","M","$","M","E","M","R","BOSS"],"build_version":"2019-07-17","purchased_purges":1,"victory":true,"max_hp_per_floor":[82,82,82,82,82,82,87,87,87,87,87,87,87,87,87,87,87,87,87,87,87,92,92,92,92,99,99,99,99,99,99,99,99,99,99,99,99,99,99,99,99,99,99,99,99,99,99,99,99,99],"card_choices":[{"not_picked":["Beam Cell","Streamline"],"picked":"Conserve Battery","floor":1.0},{"not_picked":["Cold Snap","Stack"],"picked":"Doom and Gloom","floor":2.0},{"not_picked":["Stack","FTL","Redo"],"picked":"SKIP","floor":3.0},{"not_picked":["Force Field","Consume"],"picked":"Coolheaded","floor":4.0},{"not_picked":["Tempest","Coolheaded"],"picked":"Compile Driver","floor":6.0},{"not_picked":["Beam Cell","Scrape"],"picked":"Undo","floor":8.0},{"not_picked":["Barrage","Steam"],"picked":"Auto Shields","floor":12.0},{"not_picked":["Consume","Rebound"],"picked":"Lockon","floor":14.0},{"not_picked":["Buffer","Core Surge"],"picked":"Hyperbeam","floor":16.0},{"not_picked":["Cold Snap","Static Discharge","Streamline"],"picked":"SKIP","floor":18.0},{"not_picked":["Coolheaded","Tempest","Self Repair"],"picked":"SKIP","floor":21.0},{"not_picked":["Rebound","Glacier","Coolheaded+1"],"picked":"SKIP","floor":24.0},{"not_picked":["Conserve Battery+1","Sunder","Multi-Cast"],"picked":"SKIP","floor":25.0},{"not_picked":["Ball Lightning","Compile Driver"],"picked":"Static Discharge+1","floor":28.0},{"not_picked":["Recycle","Hologram+1","Chaos+1"],"picked":"SKIP","floor":29.0},{"not_picked":["Scrape","Chill","Loop"],"picked":"SKIP","floor":30.0},{"not_picked":["BootSequence","Conserve Battery","Darkness"],"picked":"SKIP","floor":31.0},{"not_picked":["Machine Learning","Biased Cognition"],"picked":"Thunder Strike","floor":33.0},{"not_picked":["Self Repair+1"],"picked":"SKIP","floor":35.0},{"not_picked":["Sweeping Beam"],"picked":"SKIP","floor":37.0},{"not_picked":[],"picked":"Blizzard+1","floor":41.0},{"not_picked":["Sweeping Beam+1"],"picked":"SKIP","floor":44},{"not_picked":[],"picked":"Capacitor","floor":46},{"not_picked":["Stack"],"picked":"SKIP","floor":47},{"not_picked":[],"picked":"Loop+1","floor":48}],"player_experience":315376,"relics_obtained":[{"floor":6.0,"key":"Gambling Chip"},{"floor":9.0,"key":"Shuriken"},{"floor":12.0,"key":"Pocketwatch"},{"floor":13.0,"key":"Pantograph"},{"floor":14.0,"key":"Boot"},{"floor":25.0,"key":"FossilizedHelix"},{"floor":26.0,"key":"Strawberry"},{"floor":28.0,"key":"Torii"},{"floor":36.0,"key":"Dead Branch"},{"floor":43.0,"key":"Dodecahedron"},{"floor":47,"key":"Kunai"}],"event_choices":[{"damage_healed":0.0,"max_hp_gain":0.0,"max_hp_loss":0.0,"gold_gain":0.0,"event_name":"Liars Game","player_choice":"Ignored","floor":5.0,"gold_loss":0.0,"damage_taken":0.0},{"damage_healed":0.0,"max_hp_gain":5.0,"max_hp_loss":0.0,"gold_gain":0.0,"event_name":"Big Fish","player_choice":"Donut","floor":7.0,"gold_loss":0.0,"damage_taken":0.0},{"cards_removed":["Strike_B"],"damage_healed":0.0,"max_hp_gain":0.0,"max_hp_loss":0.0,"gold_gain":0.0,"event_name":"Golden Wing","player_choice":"Card Removal","floor":11.0,"gold_loss":0.0,"damage_taken":7.0},{"damage_healed":0.0,"max_hp_gain":0.0,"max_hp_loss":0.0,"gold_gain":99.0,"event_name":"Nest","player_choice":"Stole From Cult","floor":19.0,"gold_loss":0.0,"damage_taken":0.0},{"damage_healed":0.0,"max_hp_gain":5.0,"max_hp_loss":0.0,"gold_gain":0.0,"event_name":"Forgotten Altar","player_choice":"Shed Blood","floor":22.0,"gold_loss":0.0,"damage_taken":22.0},{"damage_healed":0.0,"max_hp_gain":0.0,"max_hp_loss":0.0,"gold_gain":0.0,"event_name":"WeMeetAgain","player_choice":"Gave Potion","floor":27.0,"gold_loss":0.0,"damage_taken":0.0,"relics_obtained":["Pen Nib"]},{"damage_healed":0.0,"max_hp_gain":0.0,"max_hp_loss":0.0,"gold_gain":0.0,"event_name":"Mysterious Sphere","player_choice":"Fight","floor":36.0,"gold_loss":0.0,"damage_taken":0.0},{"damage_healed":0.0,"max_hp_gain":0.0,"max_hp_loss":0.0,"gold_gain":0.0,"event_name":"Lab","player_choice":"Got Potions","floor":38.0,"gold_loss":0.0,"damage_taken":0.0}],"is_beta":false,"boss_relics":[{"not_picked":["Runic Pyramid","Snecko Eye"],"picked":"Pandora\u0027s Box"},{"not_picked":["Coffee Dripper","White Beast Statue"],"picked":"Busted Crown"}],"items_purged_floors":[20],"is_endless":false,"potions_floor_spawned":[3,4,12,14,28,29,30,35,41,44],"ascension_level":0}