{"gold_per_floor":[112,124,124,134,20,20,48,59,127,146,146,181,181,28,28,101,101,117,17,33,33,33,33,65,65,118,138,158,158,183,183,183,183],"floor_reached":33,"playtime":908,"items_purged":["Strike_R","Strike_R"],"score":586,"play_id":"58d4d1a1-1609-4b88-a041-9804dc2ef5c2","local_time":"20191004145423","is_ascension_mode":true,"campfire_choices":[{"data":"Uppercut","floor":6,"key":"SMITH"},{"data":"Anger","floor":11,"key":"SMITH"},{"data":"Spot Weakness","floor":13,"key":"SMITH"},{"data":"Combust","floor":15,"key":"SMITH"},{"floor":23,"key":"REST"},{"floor":29,"key":"REST"},{"floor":32,"key":"REST"}],"neow_cost":"NONE","seed_source_timestamp":261634628489900,"circlet_count":0,"master_deck":["AscendersBane","Strike_R","Strike_R","Strike_R","Defend_R","Defend_R","Defend_R","Defend_R+1","Bash","Feel No Pain","Headbutt","Metallicize","Uppercut+1","Spot Weakness+1","Anger+1","Combust+1","Immolate","Evolve","Battle Trance+1","Shame","Rupture","Injury","Spot Weakness+1","Metallicize+1"],"relics":["Burning Blood","NeowsBlessing","NlothsMask","Paper Frog","PreservedInsect","Cursed Key","Mango","Mercury Hourglass","MealTicket","Torii","War Paint"],"potions_floor_usage":[8,12,12,16,28],"damage_taken":[{"damage":0,"enemies":"Cultist","floor":1,"turns":1},{"damage":0,"enemies":"2 Louse","floor":2,"turns":1},{"damage":0,"enemies":"Jaw Worm","floor":4,"turns":1},{"damage":19,"enemies":"Lagavulin","floor":7,"turns":7},{"damage":20,"enemies":"Exordium Thugs","floor":8,"turns":5},{"damage":15,"enemies":"Large Slime","floor":10,"turns":5},{"damage":20,"enemies":"Gremlin Nob","floor":12,"turns":4},{"damage":22,"enemies":"Slime Boss","floor":16,"turns":6},{"damage":31,"enemies":"2 Thieves","floor":18,"turns":3},{"damage":24,"enemies":"Spheric Guardian","floor":20,"turns":4},{"damage":32,"enemies":"Slavers","floor":24,"turns":3},{"damage":5,"enemies":"Snecko","floor":27,"turns":3},{"damage":14,"enemies":"Chosen and Byrds","floor":28,"turns":6},{"damage":41,"enemies":"Gremlin Leader","floor":30,"turns":4},{"damage":45,"enemies":"Champ","floor":33,"turns":5}],"seed_played":"-2130556404514897354","potions_obtained":[{"floor":1,"key":"Swift Potion"},{"floor":4,"key":"Weak Potion"},{"floor":7,"key":"BloodPotion"},{"floor":10,"key":"Ancient Potion"},{"floor":12,"key":"AttackPotion"},{"floor":18,"key":"Weak Potion"},{"floor":20,"key":"Ancient Potion"}],"is_trial":false,"path_per_floor":["M","M","?","M","$","R","E","M","T","M","R","E","R","$","R","B",null,"M","$","M","?","T","R","E","?","T","M","M","R","E","?","R","B"],"character_chosen":"IRONCLAD","items_purchased":["Metallicize","Uppercut","Combust"],"campfire_rested":3,"item_purchase_floors":[5,5,14],"current_hp_per_floor":[74,75,75,75,75,75,62,63,63,54,54,40,40,40,40,24,62,37,37,19,19,33,59,33,33,33,34,26,52,17,17,43,0],"gold":183,"neow_bonus":"THREE_ENEMY_KILL","is_prod":false,"is_daily":false,"chose_seed":false,"campfire_upgraded":4,"win_rate":0,"timestamp":1570226063,"path_taken":["M","?","?","M","$","R","E","M","T","?","R","E","R","$","R","BOSS","M","$","M","?","?","R","E","?","T","M","M","R","E","?","R","BOSS"],"build_version":"2019-10-03","purchased_purges":2,"victory":false,"max_hp_per_floor":[75,75,75,75,75,75,75,75,75,75,75,75,75,75,75,75,75,75,75,75,75,89,89,89,89,89,89,89,89,89,89,89,89],"card_choices":[{"not_picked":["Clothesline","Corruption"],"picked":"Feel No Pain","floor":1},{"not_picked":["Flex","Thunderclap"],"picked":"Headbutt","floor":2},{"not_picked":["Havoc","Fire Breathing","Pommel Strike"],"picked":"SKIP","floor":4},{"not_picked":["Pummel","Sever Soul"],"picked":"Spot Weakness","floor":7},{"not_picked":["Thunderclap","Clash"],"picked":"Anger","floor":8},{"not_picked":["Clash","Corruption","Havoc"],"picked":"SKIP","floor":10},{"not_picked":["Sentinel","Intimidate","Rampage"],"picked":"SKIP","floor":12},{"not_picked":["Bludgeon","Berserk"],"picked":"Immolate","floor":16},{"not_picked":["Entrench","Shockwave","Fire Breathing"],"picked":"SKIP","floor":18},{"not_picked":["Anger","Second Wind"],"picked":"Evolve","floor":20},{"not_picked":["Cleave","Twin Strike"],"picked":"Rupture","floor":24},{"not_picked":["Anger","Seeing Red+1","Rage"],"picked":"SKIP","floor":27},{"not_picked":["Clothesline","Pommel Strike"],"picked":"Spot Weakness+1","floor":28},{"not_picked":["Headbutt","Wild Strike"],"picked":"Metallicize+1","floor":30}],"player_experience":1243916,"relics_obtained":[{"floor":7,"key":"Paper Frog"},{"floor":12,"key":"PreservedInsect"},{"floor":22,"key":"Mango"},{"floor":24,"key":"Mercury Hourglass"},{"floor":26,"key":"MealTicket"},{"floor":30,"key":"Torii"}],"event_choices":[{"damage_healed":0,"gold_gain":0,"player_choice":"Trade","damage_taken":0,"relics_obtained":["NlothsMask"],"max_hp_gain":0,"max_hp_loss":0,"event_name":"FaceTrader","floor":3,"gold_loss":0},{"damage_healed":0,"gold_gain":0,"player_choice":"Read","damage_taken":0,"max_hp_gain":0,"max_hp_loss":0,"event_name":"The Library","floor":21,"gold_loss":0,"cards_obtained":["Battle Trance"]},{"damage_healed":0,"gold_gain":0,"player_choice":"Ignored","damage_taken":0,"max_hp_gain":0,"max_hp_loss":0,"event_name":"Vampires","floor":25,"gold_loss":0},{"damage_healed":0,"gold_gain":0,"player_choice":"Gave Potion","damage_taken":0,"relics_obtained":["War Paint"],"max_hp_gain":0,"max_hp_loss":0,"event_name":"WeMeetAgain","floor":31,"gold_loss":0}],"is_beta":true,"boss_relics":[{"not_picked":["Fusion Hammer","Empty Cage"],"picked":"Cursed Key"}],"items_purged_floors":[14,19],"is_endless":false,"potions_floor_spawned":[1,4,7,10,12,18,20],"killed_by":"Champ","ascension_level":20}