{"gold_per_floor":[110,120,120,140,187,187,21,53,78,90,90,140,165,179,179,179],"floor_reached":16,"playtime":367,"items_purged":[],"score":220,"play_id":"d625cbf8-3322-41ae-9261-d3f6dc75d80e","local_time":"20191004150105","is_ascension_mode":true,"campfire_choices":[{"data":"Bash","floor":6.0,"key":"SMITH"},{"data":"Metallicize","floor":11.0,"key":"SMITH"},{"data":"Demon Form","floor":15.0,"key":"SMITH"}],"neow_cost":"NONE","seed_source_timestamp":262552037547300,"circlet_count":0,"master_deck":["AscendersBane","Strike_R","Strike_R","Strike_R","Strike_R","Strike_R","Defend_R","Defend_R","Defend_R","Defend_R","Bash+1","Metallicize+1","Feel No Pain","Headbutt","Shrug It Off","Demon Form+1","Feel No Pain"],"special_seed":0,"relics":["Burning Blood","Pen Nib","Dream Catcher","Vajra","Blood Vial","Bag of Preparation","Art of War"],"potions_floor_usage":[16],"damage_taken":[{"damage":9.0,"enemies":"Jaw Worm","floor":1.0,"turns":6.0},{"damage":1.0,"enemies":"Cultist","floor":2.0,"turns":4.0},{"damage":5.0,"enemies":"2 Louse","floor":4.0,"turns":3.0},{"damage":31.0,"enemies":"Lagavulin","floor":8.0,"turns":6.0},{"damage":12.0,"enemies":"Blue Slaver","floor":10.0,"turns":4.0},{"damage":32.0,"enemies":"Gremlin Nob","floor":13.0,"turns":4.0},{"damage":0.0,"enemies":"Looter","floor":14.0,"turns":4.0},{"damage":32,"enemies":"The Guardian","floor":16,"turns":6}],"seed_played":"1091564254952778168","potions_obtained":[{"floor":2.0,"key":"LiquidBronze"},{"floor":8.0,"key":"Regen Potion"},{"floor":10.0,"key":"LiquidBronze"}],"is_trial":false,"path_per_floor":["M","M","?","M","T","R","$","E","T","M","R","?","E","M","R","B"],"character_chosen":"IRONCLAD","items_purchased":["Vajra"],"campfire_rested":0,"item_purchase_floors":[7],"current_hp_per_floor":[65,70,59,60,60,60,60,35,35,43,43,43,19,27,27,0],"gold":179,"neow_bonus":"RANDOM_COMMON_RELIC","is_prod":false,"is_daily":false,"chose_seed":false,"campfire_upgraded":3,"win_rate":0,"timestamp":1570226465,"path_taken":["M","M","?","?","?","R","$","E","T","M","R","?","E","M","R","BOSS"],"build_version":"2019-10-03","purchased_purges":0,"victory":false,"max_hp_per_floor":[75,75,75,75,75,75,75,75,75,75,75,75,75,75,75,75],"card_choices":[{"not_picked":["Cleave","Twin Strike","Rupture"],"picked":"SKIP","floor":1.0},{"not_picked":["Thunderclap","Iron Wave"],"picked":"Metallicize","floor":2.0},{"not_picked":["Headbutt","Armaments"],"picked":"Feel No Pain","floor":4.0},{"not_picked":["Heavy Blade","Clothesline"],"picked":"Headbutt","floor":8.0},{"not_picked":["Blood for Blood","Armaments"],"picked":"Shrug It Off","floor":10.0},{"not_picked":["Sentinel","Body Slam"],"picked":"Demon Form","floor":13.0},{"not_picked":["Rampage","Seeing Red"],"picked":"Feel No Pain","floor":14.0}],"player_experience":1244824,"relics_obtained":[{"floor":5.0,"key":"Dream Catcher"},{"floor":8.0,"key":"Blood Vial"},{"floor":9.0,"key":"Bag of Preparation"},{"floor":13.0,"key":"Art of War"}],"event_choices":[{"damage_healed":0.0,"max_hp_gain":0.0,"max_hp_loss":0.0,"gold_gain":0.0,"event_name":"Wheel of Change","player_choice":"Damaged","floor":3.0,"gold_loss":0.0,"damage_taken":11.0},{"damage_healed":0.0,"max_hp_gain":0.0,"max_hp_loss":0.0,"gold_gain":50.0,"event_name":"Golden Shrine","player_choice":"Pray","floor":12.0,"gold_loss":0.0,"damage_taken":0.0}],"is_beta":true,"boss_relics":[],"items_purged_floors":[],"is_endless":false,"potions_floor_spawned":[2,8,10,13],"killed_by":"The Guardian","ascension_level":20}