{"gold_per_floor":[117,167,186,200,200,200,226,246,299,334,309,323,380,111,111,190,190,190,190,190],"floor_reached":20,"playtime":655,"items_purged":["Strike_R"],"score":372,"play_id":"24c5d084-658a-4f3e-a869-3a5a967872e7","local_time":"20191002120931","is_ascension_mode":true,"campfire_choices":[{"data":"Clothesline","floor":6,"key":"SMITH"},{"floor":15,"key":"DIG"}],"neow_cost":"NONE","seed_source_timestamp":79192311219900,"circlet_count":0,"master_deck":["AscendersBane","Strike_R","Strike_R","Strike_R","Strike_R","Defend_R","Defend_R+1","Defend_R","Defend_R","Bash","Fire Breathing+1","Clothesline+1","True Grit","Inflame","Sword Boomerang","Limit Break","Sword Boomerang","Magnetism","Reaper","Ghostly Armor+1"],"relics":["Burning Blood","Shovel","Bronze Scales","Blood Vial","Bottled Tornado","Ectoplasm"],"potions_floor_usage":[7,16,16,19],"damage_taken":[{"damage":4,"enemies":"Small Slimes","floor":1,"turns":3},{"damage":2,"enemies":"Cultist","floor":3,"turns":4},{"damage":11,"enemies":"Jaw Worm","floor":4,"turns":4},{"damage":8,"enemies":"Gremlin Nob","floor":7,"turns":3},{"damage":7,"enemies":"3 Louse","floor":8,"turns":3},{"damage":22,"enemies":"3 Sentries","floor":10,"turns":4},{"damage":16,"enemies":"Exordium Thugs","floor":11,"turns":4},{"damage":9,"enemies":"Looter","floor":12,"turns":3},{"damage":21,"enemies":"The Guardian","floor":16,"turns":13},{"damage":10,"enemies":"3 Byrds","floor":18,"turns":4},{"damage":42,"enemies":"Chosen","floor":19,"turns":6},{"damage":38,"enemies":"Shelled Parasite and Fungi","floor":20,"turns":3}],"seed_played":"7537660388415420368","potions_obtained":[{"floor":4,"key":"AttackPotion"},{"floor":8,"key":"Weak Potion"},{"floor":12,"key":"SpeedPotion"},{"floor":16,"key":"DuplicationPotion"}],"is_trial":false,"path_per_floor":["M","?","M","M","?","R","E","M","T","E","M","M","?","$","R","B",null,"M","M","M"],"character_chosen":"IRONCLAD","items_purchased":["Magnetism"],"campfire_rested":0,"item_purchase_floors":[14],"current_hp_per_floor":[77,77,81,76,51,51,49,48,48,32,24,23,23,23,23,10,64,62,32,0],"gold":190,"neow_bonus":"TEN_PERCENT_HP_BONUS","is_prod":false,"is_daily":false,"chose_seed":false,"campfire_upgraded":1,"win_rate":0,"timestamp":1570043371,"path_taken":["M","?","?","M","?","R","E","M","T","E","M","M","?","$","R","BOSS","M","M","M"],"build_version":"2019-10-01","purchased_purges":1,"victory":false,"max_hp_per_floor":[82,82,82,82,82,82,82,82,82,82,82,82,82,82,82,82,82,82,82,82],"card_choices":[{"not_picked":["Thunderclap","Havoc"],"picked":"Fire Breathing","floor":1},{"not_picked":["Havoc","Fire Breathing"],"picked":"Clothesline","floor":3},{"not_picked":["Havoc","Cleave"],"picked":"True Grit","floor":4},{"not_picked":["Entrench","True Grit"],"picked":"Inflame","floor":7},{"not_picked":["Intimidate","Pommel Strike"],"picked":"Sword Boomerang","floor":8},{"not_picked":["Double Tap","Havoc"],"picked":"Limit Break","floor":10},{"not_picked":["Iron Wave","Bloodletting"],"picked":"Sword Boomerang","floor":11},{"not_picked":["Searing Blow","Iron Wave","Twin Strike"],"picked":"SKIP","floor":12},{"not_picked":["Feed","Dark Embrace"],"picked":"Reaper","floor":16},{"not_picked":["Perfected Strike","Dual Wield","Carnage"],"picked":"SKIP","floor":18},{"not_picked":["Wild Strike","Heavy Blade"],"picked":"Ghostly Armor+1","floor":19}],"player_experience":1193918,"relics_obtained":[{"floor":7,"key":"Shovel"},{"floor":9,"key":"Bronze Scales"},{"floor":10,"key":"Blood Vial"},{"floor":15,"key":"Bottled Tornado"}],"event_choices":[{"damage_healed":0,"gold_gain":50,"player_choice":"Pray","damage_taken":0,"max_hp_gain":0,"max_hp_loss":0,"event_name":"Golden Shrine","floor":2,"gold_loss":0},{"damage_healed":0,"gold_gain":0,"player_choice":"Entered Light","damage_taken":25,"max_hp_gain":0,"max_hp_loss":0,"event_name":"Shining Light","floor":5,"gold_loss":0,"cards_upgraded":["Fire Breathing","Defend_R"]},{"damage_healed":0,"gold_gain":57,"player_choice":"Gained Gold","damage_taken":0,"max_hp_gain":0,"max_hp_loss":0,"event_name":"Golden Wing","floor":13,"gold_loss":0}],"is_beta":true,"boss_relics":[{"not_picked":["Astrolabe","Black Star"],"picked":"Ectoplasm"}],"items_purged_floors":[14],"is_endless":false,"potions_floor_spawned":[4,8,12,16],"killed_by":"Shelled Parasite and Fungi","ascension_level":20}