{"gold_per_floor":[218,231,231,246,263,263,298,318,318,318,336,336,370,36,36,108,108,120,140,340,359,372,402,402,431,455,497,529,181,181,209,209,287,287,300,300,351,451,465,465,477,509,509,71,98,98,123,143,143,143,143],"floor_reached":52,"playtime":3641,"items_purged":["Strike_R","Strike_R"],"score":2485,"play_id":"8a97b946-ff33-4f50-ba6f-a218b97adc52","local_time":"20191004174605","is_ascension_mode":true,"campfire_choices":[{"data":"Flame Barrier","floor":6.0,"key":"SMITH"},{"floor":10.0,"key":"REST"},{"data":"Immolate","floor":12.0,"key":"SMITH"},{"data":"Spot Weakness","floor":15.0,"key":"SMITH"},{"data":"Shockwave","floor":24.0,"key":"SMITH"},{"data":"Evolve","floor":32.0,"key":"SMITH"},{"data":"Juggernaut","floor":40.0,"key":"SMITH"},{"data":"Feel No Pain","floor":46,"key":"SMITH"},{"data":"Master of Strategy","floor":49,"key":"SMITH"}],"neow_cost":"NONE","seed_source_timestamp":269183219172200,"circlet_count":0,"master_deck":["AscendersBane","Defend_R","Defend_R","Defend_R","Defend_R","Bash","Flame Barrier+1","Feel No Pain","Immolate+1","Reckless Charge","Battle Trance","Evolve+1","Spot Weakness+1","Ghostly Armor","Feel No Pain+1","Fiend Fire","Corruption","Impervious","Power Through","Shockwave+1","Exhume","Second Wind","Shrug It Off","Body Slam","Magnetism","Shrug It Off","Juggernaut+1","Shrug It Off","Master of Strategy+1","The Bomb","Dark Shackles","Body Slam","Flame Barrier","Body Slam","Shrug It Off","Feel No Pain","Power Through","Exhume","Shrug It Off"],"special_seed":0,"relics":["Burning Blood","Omamori","Prayer Wheel","Strawberry","Bag of Preparation","Snecko Eye","Lantern","Du-Vu Doll","MawBank","Matryoshka","Pen Nib","Empty Cage","Thread and Needle","Ginger","Boot","InkBottle","Kunai","Oddly Smooth Stone","Meat on the Bone","Unceasing Top"],"potions_floor_usage":[51],"damage_taken":[{"damage":7.0,"enemies":"Small Slimes","floor":1.0,"turns":4.0},{"damage":2.0,"enemies":"Cultist","floor":2.0,"turns":4.0},{"damage":2.0,"enemies":"2 Louse","floor":4.0,"turns":3.0},{"damage":1.0,"enemies":"Exordium Wildlife","floor":5.0,"turns":5.0},{"damage":69.0,"enemies":"Lagavulin","floor":7.0,"turns":10.0},{"damage":6.0,"enemies":"Blue Slaver","floor":8.0,"turns":5.0},{"damage":18.0,"enemies":"Exordium Thugs","floor":11.0,"turns":7.0},{"damage":8.0,"enemies":"Gremlin Nob","floor":13.0,"turns":3.0},{"damage":29.0,"enemies":"The Guardian","floor":16.0,"turns":14.0},{"damage":0.0,"enemies":"Chosen","floor":18.0,"turns":3.0},{"damage":3.0,"enemies":"Spheric Guardian","floor":19.0,"turns":4.0},{"damage":15.0,"enemies":"Snake Plant","floor":21.0,"turns":3.0},{"damage":0.0,"enemies":"Sentry and Sphere","floor":22.0,"turns":5.0},{"damage":17.0,"enemies":"Book of Stabbing","floor":23.0,"turns":5.0},{"damage":5.0,"enemies":"Slavers","floor":25.0,"turns":3.0},{"damage":33.0,"enemies":"Gremlin Leader","floor":27.0,"turns":8.0},{"damage":0.0,"enemies":"Centurion and Healer","floor":28.0,"turns":5.0},{"damage":0.0,"enemies":"Book of Stabbing","floor":31.0,"turns":5.0},{"damage":46.0,"enemies":"Automaton","floor":33.0,"turns":11.0},{"damage":0.0,"enemies":"3 Shapes","floor":35.0,"turns":2.0},{"damage":15.0,"enemies":"2 Orb Walkers","floor":37.0,"turns":4.0},{"damage":0.0,"enemies":"Mind Bloom Boss Battle","floor":38.0,"turns":4.0},{"damage":0.0,"enemies":"Orb Walker","floor":39.0,"turns":3.0},{"damage":0.0,"enemies":"Spire Growth","floor":41.0,"turns":4.0},{"damage":0.0,"enemies":"Giant Head","floor":42.0,"turns":6.0},{"damage":0,"enemies":"Reptomancer","floor":45,"turns":5},{"damage":0,"enemies":"Nemesis","floor":47,"turns":3},{"damage":0,"enemies":"Maw","floor":48,"turns":6},{"damage":0,"enemies":"Donu and Deca","floor":50,"turns":8},{"damage":0,"enemies":"Time Eater","floor":51,"turns":8}],"seed_played":"8570416605983069627","potions_obtained":[{"floor":2.0,"key":"Fire Potion"},{"floor":7.0,"key":"Swift Potion"},{"floor":8.0,"key":"Swift Potion"},{"floor":11.0,"key":"SteroidPotion"},{"floor":19.0,"key":"Explosive Potion"},{"floor":22.0,"key":"BloodPotion"},{"floor":28.0,"key":"SkillPotion"},{"floor":33.0,"key":"GamblersBrew"},{"floor":39.0,"key":"Strength Potion"},{"floor":41.0,"key":"Ancient Potion"},{"floor":45,"key":"Fire Potion"}],"is_trial":false,"path_per_floor":["M","M","?","M","M","R","E","M","T","R","M","R","E","$","R","B",null,"M","M","?","M","M","E","R","E","T","E","M","$","?","E","R","B",null,"M","?","?","?","M","R","M","E","T","$","E","R","E","M","R","B","B",null],"character_chosen":"IRONCLAD","items_purchased":["Bag of Preparation","Ghostly Armor","Feel No Pain","BloodPotion","Body Slam","Magnetism","Shrug It Off","Exhume","Oddly Smooth Stone"],"campfire_rested":1,"item_purchase_floors":[14,14,14,14,29,29,29,44,44],"current_hp_per_floor":[67,71,71,75,75,75,12,12,12,34,22,22,27,27,27,20,67,73,76,76,67,73,62,62,63,63,52,58,58,82,82,82,42,72,78,68,59,65,71,71,77,82,82,82,82,82,82,82,82,82,82],"gold":143,"neow_bonus":"HUNDRED_GOLD","is_prod":false,"is_daily":false,"chose_seed":false,"campfire_upgraded":8,"win_rate":0,"timestamp":1570236365,"path_taken":["M","M","?","M","?","R","E","M","T","R","M","R","E","$","R","BOSS","M","M","?","M","?","E","R","E","T","E","M","?","?","E","R","BOSS","M","?","?","?","M","R","M","E","T","$","E","R","E","M","R","BOSS","BOSS"],"build_version":"2019-10-03","purchased_purges":2,"victory":true,"max_hp_per_floor":[75,75,75,75,75,75,75,75,75,75,75,75,82,82,82,82,82,82,82,82,82,82,82,82,82,82,82,82,82,82,82,82,82,82,82,82,82,82,82,82,82,82,82,82,82,82,82,82,82,82,82],"card_choices":[{"not_picked":["Iron Wave","Twin Strike","Clash"],"picked":"SKIP","floor":1.0},{"not_picked":["Flex","Sword Boomerang"],"picked":"Flame Barrier","floor":2.0},{"not_picked":["Anger","Warcry"],"picked":"Feel No Pain","floor":4.0},{"not_picked":["Iron Wave","Wild Strike"],"picked":"Immolate","floor":5.0},{"not_picked":["Clothesline","Searing Blow"],"picked":"Reckless Charge","floor":7.0},{"not_picked":["Cleave","Pommel Strike","Whirlwind"],"picked":"SKIP","floor":8.0},{"not_picked":["Shrug It Off","Warcry"],"picked":"Battle Trance","floor":11.0},{"not_picked":["Pommel Strike","Body Slam"],"picked":"Evolve","floor":11.0},{"not_picked":["Juggernaut","Dropkick"],"picked":"Spot Weakness","floor":13.0},{"not_picked":["Double Tap","Exhume"],"picked":"Fiend Fire","floor":16.0},{"not_picked":["Flex","Iron Wave","Anger"],"picked":"SKIP","floor":18.0},{"not_picked":["Body Slam","Perfected Strike","Heavy Blade"],"picked":"SKIP","floor":18.0},{"not_picked":["Infernal Blade","Bloodletting"],"picked":"Metallicize","floor":19.0},{"not_picked":["Searing Blow","Clash"],"picked":"Corruption","floor":19.0},{"not_picked":["Cleave","Spot Weakness"],"picked":"Impervious","floor":21.0},{"not_picked":["Armaments+1","Clash"],"picked":"Power Through","floor":21.0},{"not_picked":["Bloodletting","Hemokinesis"],"picked":"Shockwave","floor":22.0},{"not_picked":["Twin Strike","Flex","Thunderclap"],"picked":"SKIP","floor":22.0},{"not_picked":["True Grit","Wild Strike","Warcry"],"picked":"SKIP","floor":23.0},{"not_picked":["Cleave","Fire Breathing"],"picked":"Exhume","floor":25.0},{"not_picked":["Armaments","Iron Wave+1"],"picked":"Second Wind","floor":27.0},{"not_picked":["Havoc","Cleave"],"picked":"Shrug It Off","floor":28.0},{"not_picked":["Cleave","Bloodletting","Searing Blow"],"picked":"SKIP","floor":28.0},{"not_picked":["Headbutt","Thunderclap","Anger"],"picked":"SKIP","floor":31.0},{"not_picked":["Double Tap","Reaper"],"picked":"Juggernaut","floor":33.0},{"not_picked":["True Grit","Inflame"],"picked":"Shrug It Off","floor":35.0},{"not_picked":["Warcry","Carnage","Anger"],"picked":"SKIP","floor":35.0},{"not_picked":["Enlightenment","Swift Strike"],"picked":"Master of Strategy","floor":36.0},{"not_picked":["Transmutation","Violence"],"picked":"The Bomb","floor":36.0},{"not_picked":["Secret Weapon","Good Instincts"],"picked":"Dark Shackles","floor":36.0},{"not_picked":["Pommel Strike","Hemokinesis"],"picked":"Body Slam","floor":37.0},{"not_picked":["Second Wind","Warcry"],"picked":"Flame Barrier","floor":39.0},{"not_picked":["Havoc","Twin Strike+1"],"picked":"Body Slam","floor":39.0},{"not_picked":["Searing Blow","Corruption"],"picked":"Shrug It Off","floor":41.0},{"not_picked":["Anger","Body Slam"],"picked":"Feel No Pain","floor":41.0},{"not_picked":["Sword Boomerang","Shrug It Off"],"picked":"Power Through","floor":42.0},{"not_picked":["Evolve","Twin Strike"],"picked":"Shrug It Off","floor":45},{"not_picked":["Wild Strike","Limit Break","Havoc"],"picked":"SKIP","floor":47},{"not_picked":["Twin Strike","Heavy Blade","Double Tap"],"picked":"SKIP","floor":48},{"not_picked":["Thunderclap","Ghostly Armor","Dropkick"],"picked":"SKIP","floor":48}],"player_experience":1250876,"relics_obtained":[{"floor":7.0,"key":"Omamori"},{"floor":9.0,"key":"Prayer Wheel"},{"floor":13.0,"key":"Strawberry"},{"floor":23.0,"key":"Lantern"},{"floor":25.0,"key":"Du-Vu Doll"},{"floor":26.0,"key":"MawBank"},{"floor":27.0,"key":"Matryoshka"},{"floor":31.0,"key":"Pen Nib"},{"floor":37.0,"key":"Thread and Needle"},{"floor":38.0,"key":"Ginger"},{"floor":42.0,"key":"Boot"},{"floor":43.0,"key":"InkBottle"},{"floor":43.0,"key":"Kunai"},{"floor":45,"key":"Meat on the Bone"},{"floor":47,"key":"Unceasing Top"}],"event_choices":[{"cards_removed":["Strike_R"],"damage_healed":0.0,"max_hp_gain":0.0,"max_hp_loss":0.0,"gold_gain":0.0,"event_name":"Purifier","player_choice":"Purged","floor":3.0,"gold_loss":0.0,"damage_taken":0.0},{"damage_healed":0.0,"max_hp_gain":0.0,"max_hp_loss":0.0,"gold_gain":250.0,"event_name":"The Joust","player_choice":"Bet on Owner","floor":20.0,"gold_loss":50.0,"damage_taken":0.0},{"cards_removed":["Metallicize"],"damage_healed":24.0,"max_hp_gain":0.0,"max_hp_loss":0.0,"gold_gain":0.0,"event_name":"Bonfire Elementals","player_choice":"Offered Uncommon","floor":30.0,"gold_loss":0.0,"damage_taken":0.0},{"damage_healed":0.0,"max_hp_gain":0.0,"max_hp_loss":0.0,"gold_gain":0.0,"event_name":"SensoryStone","player_choice":"Memory 3","floor":36.0,"gold_loss":0.0,"damage_taken":10.0},{"damage_healed":0.0,"max_hp_gain":0.0,"max_hp_loss":0.0,"gold_gain":0.0,"event_name":"Mysterious Sphere","player_choice":"Fight","floor":37.0,"gold_loss":0.0,"damage_taken":0.0},{"damage_healed":0.0,"max_hp_gain":0.0,"max_hp_loss":0.0,"gold_gain":0.0,"event_name":"MindBloom","player_choice":"Fight","floor":38.0,"gold_loss":0.0,"damage_taken":0.0}],"is_beta":true,"boss_relics":[{"not_picked":["Busted Crown","Runic Dome"],"picked":"Snecko Eye"},{"not_picked":["Black Blood","Coffee Dripper"],"picked":"Empty Cage"}],"items_purged_floors":[29,44],"is_endless":false,"potions_floor_spawned":[2,7,8,11,19,22,28,33,39,41,45,48],"ascension_level":20}