{"gold_per_floor":[114,127,127,127,52,52,78,96,96,124,124,159,179,198,198,198],"floor_reached":16,"playtime":498,"items_purged":["Strike_R"],"score":236,"play_id":"70e2fadc-8f8a-435e-863d-336e8d4d3c3c","local_time":"20191002105009","is_ascension_mode":true,"campfire_choices":[{"data":"Anger","floor":6,"key":"SMITH"},{"floor":11,"key":"REST"},{"data":"Armaments","floor":15,"key":"SMITH"}],"neow_cost":"NONE","seed_source_timestamp":74586597277900,"circlet_count":0,"master_deck":["AscendersBane","Strike_R","Strike_R","Strike_R+1","Defend_R","Defend_R","Defend_R","Defend_R+1","Bash","Dark Shackles","Sword Boomerang","Anger+1","Battle Trance","True Grit","Armaments+1","Shrug It Off","Pummel"],"relics":["Burning Blood","Centennial Puzzle","Du-Vu Doll","Anchor","Shuriken","Odd Mushroom"],"potions_floor_usage":[13,16],"damage_taken":[{"damage":3,"enemies":"2 Louse","floor":1,"turns":4},{"damage":10,"enemies":"Small Slimes","floor":2,"turns":4},{"damage":32,"enemies":"Lagavulin","floor":7,"turns":7},{"damage":0,"enemies":"Cultist","floor":8,"turns":3},{"damage":22,"enemies":"3 Sentries","floor":10,"turns":7},{"damage":11,"enemies":"Gremlin Nob","floor":12,"turns":3},{"damage":0,"enemies":"The Mushroom Lair","floor":13,"turns":4},{"damage":0,"enemies":"3 Louse","floor":14,"turns":4},{"damage":39,"enemies":"Slime Boss","floor":16,"turns":7}],"seed_played":"1470212444676537691","potions_obtained":[{"floor":7,"key":"ElixirPotion"},{"floor":10,"key":"Fire Potion"},{"floor":12,"key":"Block Potion"},{"floor":14,"key":"ElixirPotion"}],"is_trial":false,"path_per_floor":["M","M","?","?","$","R","E","M","T","E","R","E","?","M","R","B"],"character_chosen":"IRONCLAD","items_purchased":[],"campfire_rested":1,"item_purchase_floors":[],"current_hp_per_floor":[71,67,44,44,44,44,18,24,24,8,30,25,31,37,37,0],"gold":198,"neow_bonus":"RANDOM_COLORLESS","is_prod":false,"is_daily":false,"chose_seed":false,"campfire_upgraded":2,"win_rate":0,"timestamp":1570038609,"path_taken":["M","M","?","?","$","R","E","?","T","E","R","E","?","M","R","BOSS"],"build_version":"2019-10-01","purchased_purges":1,"victory":false,"max_hp_per_floor":[75,75,75,75,75,75,75,75,75,75,75,75,75,75,75,75],"card_choices":[{"not_picked":["Purity","Enlightenment"],"picked":"Dark Shackles","floor":0},{"not_picked":["Cleave","Body Slam"],"picked":"Sword Boomerang","floor":1},{"not_picked":["Thunderclap","Heavy Blade","Corruption"],"picked":"SKIP","floor":2},{"not_picked":["Fire Breathing","Limit Break"],"picked":"Battle Trance","floor":7},{"not_picked":["Thunderclap","Iron Wave"],"picked":"True Grit","floor":8},{"not_picked":["Clash","Havoc"],"picked":"Armaments","floor":10},{"not_picked":["Havoc","Pummel","Heavy Blade"],"picked":"SKIP","floor":12},{"not_picked":["Flex","True Grit"],"picked":"Shrug It Off","floor":13},{"not_picked":["Infernal Blade","Havoc"],"picked":"Pummel","floor":14}],"player_experience":1189372,"relics_obtained":[{"floor":7,"key":"Centennial Puzzle"},{"floor":9,"key":"Du-Vu Doll"},{"floor":10,"key":"Anchor"},{"floor":12,"key":"Shuriken"},{"floor":13,"key":"Odd Mushroom"}],"event_choices":[{"damage_healed":0,"gold_gain":0,"player_choice":"Entered Light","damage_taken":23,"max_hp_gain":0,"max_hp_loss":0,"event_name":"Shining Light","floor":3,"gold_loss":0,"cards_upgraded":["Strike_R","Defend_R"]},{"damage_healed":0,"gold_gain":0,"cards_transformed":["Strike_R"],"player_choice":"Transformed","damage_taken":0,"max_hp_gain":0,"max_hp_loss":0,"event_name":"Transmorgrifier","floor":4,"gold_loss":0,"cards_obtained":["Anger"]},{"damage_healed":0,"gold_gain":0,"player_choice":"Fought Mushrooms","damage_taken":0,"max_hp_gain":0,"max_hp_loss":0,"event_name":"Mushrooms","floor":13,"gold_loss":0}],"is_beta":true,"boss_relics":[],"items_purged_floors":[5],"is_endless":false,"potions_floor_spawned":[7,10,12,14],"killed_by":"Slime Boss","ascension_level":20}