{"gold_per_floor":[118,43,54,67,79,79,79,79,129,129,157,168,179,26,26,26],"floor_reached":16,"playtime":1320,"items_purged":["Parasite","Strike_B"],"score":189,"play_id":"52d7285e-061d-4673-a629-91c364f40a22","local_time":"20191003234846","is_ascension_mode":true,"campfire_choices":[{"floor":6.0,"key":"REST"},{"data":"Defragment","floor":8.0,"key":"SMITH"},{"data":"Capacitor","floor":10.0,"key":"SMITH"},{"floor":15.0,"key":"REST"}],"neow_cost":"CURSE","seed_source_timestamp":186410575840300,"circlet_count":0,"master_deck":["AscendersBane","Strike_B","Strike_B","Strike_B","Defend_B","Defend_B","Defend_B","Defend_B","Zap","Dualcast","Defragment+1","Gash","Capacitor+1","Compile Driver","Self Repair","Conserve Battery","Gash"],"special_seed":0,"relics":["Cracked Core","Gambling Chip","Oddly Smooth Stone","Bronze Scales","Centennial Puzzle"],"potions_floor_usage":[16],"damage_taken":[{"damage":0.0,"enemies":"2 Louse","floor":1.0,"turns":2.0},{"damage":1.0,"enemies":"Cultist","floor":3.0,"turns":3.0},{"damage":8.0,"enemies":"Small Slimes","floor":4.0,"turns":3.0},{"damage":23.0,"enemies":"3 Louse","floor":5.0,"turns":4.0},{"damage":29.0,"enemies":"Gremlin Nob","floor":11.0,"turns":4.0},{"damage":20.0,"enemies":"Large Slime","floor":12.0,"turns":5.0},{"damage":3.0,"enemies":"Looter","floor":13.0,"turns":3.0},{"damage":35,"enemies":"The Guardian","floor":16,"turns":9}],"seed_played":"-1763184827842316626","potions_obtained":[{"floor":1.0,"key":"Poison Potion"},{"floor":5.0,"key":"Strength Potion"},{"floor":13.0,"key":"Dexterity Potion"}],"is_trial":false,"path_per_floor":["M","$","M","M","M","R","?","R","T","R","E","M","M","$","R","B"],"character_chosen":"DEFECT","items_purchased":["Gash"],"campfire_rested":2,"item_purchase_floors":[14],"current_hp_per_floor":[64,64,63,55,32,52,52,52,52,52,23,10,14,14,34,0],"gold":26,"neow_bonus":"ONE_RARE_RELIC","is_prod":false,"is_daily":false,"chose_seed":false,"campfire_upgraded":2,"win_rate":0,"timestamp":1570171726,"path_taken":["M","$","M","M","M","R","?","R","T","R","E","M","M","?","R","BOSS"],"build_version":"2019-07-17","purchased_purges":2,"victory":false,"max_hp_per_floor":[71,68,68,68,68,68,68,68,68,68,68,68,68,68,68,68],"card_choices":[{"not_picked":["Coolheaded","Scrape"],"picked":"Defragment","floor":1.0},{"not_picked":["Static Discharge","Barrage"],"picked":"Gash","floor":3.0},{"not_picked":["Heatsinks","Hologram"],"picked":"Capacitor","floor":4.0},{"not_picked":["Hello World","Rebound"],"picked":"Compile Driver","floor":5.0},{"not_picked":["Genetic Algorithm","Hyperbeam"],"picked":"Self Repair","floor":11.0},{"not_picked":["Lockon","Storm"],"picked":"Conserve Battery","floor":12.0},{"not_picked":["Sweeping Beam","Steam","Static Discharge"],"picked":"SKIP","floor":13.0}],"player_experience":668245,"relics_obtained":[{"floor":9.0,"key":"Bronze Scales"},{"floor":11.0,"key":"Centennial Puzzle"}],"event_choices":[{"damage_healed":0.0,"max_hp_gain":0.0,"max_hp_loss":0.0,"gold_gain":0.0,"event_name":"WeMeetAgain","player_choice":"Gave Potion","floor":7.0,"gold_loss":0.0,"damage_taken":0.0,"relics_obtained":["Oddly Smooth Stone"]}],"is_beta":false,"boss_relics":[],"items_purged_floors":[2,14],"is_endless":false,"potions_floor_spawned":[1,5,13],"killed_by":"The Guardian","ascension_level":17}