{"gold_per_floor":[118,131,148,158,158,158,192,205,283,283,295,305,335,7,7,82,82,98,110,110,120,138,138],"floor_reached":23,"playtime":1999,"items_purged":["Strike_R"],"score":464,"play_id":"0ec1c689-5b3e-417f-b17d-2687ce7deb97","local_time":"20191004155931","is_ascension_mode":true,"campfire_choices":[{"data":"Armaments","floor":6.0,"key":"SMITH"},{"data":"Barricade","floor":15.0,"key":"SMITH"}],"neow_cost":"PERCENT_DAMAGE","seed_source_timestamp":264407691044399,"circlet_count":0,"master_deck":["AscendersBane","Strike_R","Strike_R","Strike_R","Strike_R","Defend_R","Defend_R","Defend_R","Defend_R","Bash","Armaments+1","Metallicize","Shockwave","Barricade+1","Uppercut","Metallicize","Juggernaut","True Grit","Body Slam","Offering","Body Slam"],"special_seed":0,"relics":["Burning Blood","Pocketwatch","Torii","Paper Frog","Centennial Puzzle","Snecko Eye","Gremlin Horn"],"potions_floor_usage":[23],"damage_taken":[{"damage":6.0,"enemies":"Cultist","floor":1.0,"turns":4.0},{"damage":7.0,"enemies":"Jaw Worm","floor":2.0,"turns":3.0},{"damage":0.0,"enemies":"2 Louse","floor":3.0,"turns":4.0},{"damage":9.0,"enemies":"Red Slaver","floor":4.0,"turns":5.0},{"damage":18.0,"enemies":"3 Sentries","floor":7.0,"turns":9.0},{"damage":2.0,"enemies":"Large Slime","floor":8.0,"turns":16.0},{"damage":7.0,"enemies":"3 Louse","floor":11.0,"turns":4.0},{"damage":1.0,"enemies":"Red Slaver","floor":12.0,"turns":8.0},{"damage":0.0,"enemies":"Lagavulin","floor":13.0,"turns":7.0},{"damage":25.0,"enemies":"Hexaghost","floor":16.0,"turns":10.0},{"damage":0.0,"enemies":"Chosen","floor":18.0,"turns":4.0},{"damage":11.0,"enemies":"3 Byrds","floor":19.0,"turns":5.0},{"damage":15.0,"enemies":"Shelled Parasite and Fungi","floor":21.0,"turns":5.0},{"damage":21.0,"enemies":"Snecko","floor":22.0,"turns":4.0},{"damage":19,"enemies":"Gremlin Leader","floor":23,"turns":3}],"seed_played":"-3269635494189725495","potions_obtained":[{"floor":2.0,"key":"Swift Potion"},{"floor":3.0,"key":"Explosive Potion"},{"floor":7.0,"key":"SmokeBomb"},{"floor":10.0,"key":"Fruit Juice"},{"floor":10.0,"key":"Fruit Juice"},{"floor":13.0,"key":"PowerPotion"},{"floor":16.0,"key":"GamblersBrew"}],"is_trial":false,"path_per_floor":["M","M","M","M","$","R","E","M","T","?","M","M","E","$","R","B",null,"M","M","?","M","M","E"],"character_chosen":"IRONCLAD","items_purchased":["Juggernaut","True Grit","Body Slam"],"campfire_rested":0,"item_purchase_floors":[14,14,14],"current_hp_per_floor":[50,49,55,52,52,52,40,44,44,54,53,58,64,64,64,45,75,81,76,76,67,52,33],"gold":138,"neow_bonus":"ONE_RARE_RELIC","is_prod":false,"is_daily":false,"chose_seed":false,"campfire_upgraded":2,"win_rate":0,"timestamp":1570229971,"path_taken":["M","?","M","M","$","R","E","M","T","?","M","M","E","?","R","BOSS","M","?","?","M","M","E"],"build_version":"2019-10-03","purchased_purges":1,"victory":false,"max_hp_per_floor":[75,75,75,75,75,75,75,75,75,85,85,85,85,85,85,85,85,85,85,85,85,85,85],"card_choices":[{"not_picked":["Clash","Havoc"],"picked":"Armaments","floor":1.0},{"not_picked":["Heavy Blade","Iron Wave"],"picked":"Metallicize","floor":2.0},{"not_picked":["Twin Strike","Body Slam"],"picked":"Shockwave","floor":3.0},{"not_picked":["True Grit","Heavy Blade","Perfected Strike"],"picked":"SKIP","floor":4.0},{"not_picked":["Flex","Wild Strike"],"picked":"Barricade","floor":7.0},{"not_picked":["Armaments","Rupture"],"picked":"Uppercut","floor":8.0},{"not_picked":["Twin Strike","Whirlwind","Wild Strike"],"picked":"SKIP","floor":11.0},{"not_picked":["Twin Strike","Heavy Blade"],"picked":"Metallicize","floor":12.0},{"not_picked":["Sever Soul","Dropkick","Perfected Strike"],"picked":"SKIP","floor":13.0},{"not_picked":["Reaper","Berserk"],"picked":"Offering","floor":16.0},{"not_picked":["Flex","True Grit","Warcry+1"],"picked":"SKIP","floor":18.0},{"not_picked":["Warcry","Wild Strike","True Grit"],"picked":"SKIP","floor":19.0},{"not_picked":["Combust","Cleave+1","Iron Wave"],"picked":"SKIP","floor":21.0},{"not_picked":["Iron Wave","Headbutt"],"picked":"Body Slam","floor":22.0}],"player_experience":1246546,"relics_obtained":[{"floor":7.0,"key":"Torii"},{"floor":9.0,"key":"Paper Frog"},{"floor":13.0,"key":"Centennial Puzzle"}],"event_choices":[{"damage_healed":0.0,"max_hp_gain":0.0,"max_hp_loss":0.0,"gold_gain":0.0,"event_name":"Lab","player_choice":"Got Potions","floor":10.0,"gold_loss":0.0,"damage_taken":0.0},{"damage_healed":0.0,"max_hp_gain":0.0,"max_hp_loss":0.0,"gold_gain":0.0,"event_name":"WeMeetAgain","player_choice":"Gave Potion","floor":20.0,"gold_loss":0.0,"damage_taken":0.0,"relics_obtained":["Gremlin Horn"]}],"is_beta":true,"boss_relics":[{"not_picked":["SlaversCollar","Coffee Dripper"],"picked":"Snecko Eye"}],"items_purged_floors":[14],"is_endless":false,"potions_floor_spawned":[2,3,7,13,16,18,19],"killed_by":"Gremlin Leader","ascension_level":20}