{"gold_per_floor":[116,126,141,29,41,41,53,53,78,78,78,78,89,108,108,182,182,193,212,25,25,25,37,60,72,84,109,131,177,189],"floor_reached":30,"playtime":884,"items_purged":["Strike_B","Strike_B"],"score":451,"play_id":"2942098e-3e3b-42d1-b65b-c7939d8ca7e5","local_time":"20191004013601","is_ascension_mode":true,"campfire_choices":[{"data":"Genetic Algorithm","floor":6.0,"key":"SMITH"},{"floor":8,"key":"REST"},{"data":"Go for the Eyes","floor":10,"key":"SMITH"},{"data":"Ball Lightning","floor":12,"key":"SMITH"},{"data":"Dualcast","floor":15,"key":"SMITH"},{"floor":23,"key":"REST"}],"neow_cost":"NONE","seed_source_timestamp":0,"circlet_count":0,"master_deck":["AscendersBane","Strike_B","Strike_B","Defend_B","Defend_B","Defend_B","Defend_B","Zap","Dualcast+1","Compile Driver","Ball Lightning+1","Sweeping Beam","Genetic Algorithm+1","Go for the Eyes+1","Go for the Eyes","Electrodynamics","Leap","Barrage","Undo","Writhe","Doom and Gloom","Coolheaded","Biased Cognition"],"special_seed":0,"relics":["Cracked Core","DataDisk","Sozu","Art of War","MawBank","Blue Candle","Potion Belt"],"potions_floor_usage":[16,16],"damage_taken":[{"damage":1.0,"enemies":"Cultist","floor":1.0,"turns":3.0},{"damage":4.0,"enemies":"Small Slimes","floor":2.0,"turns":3.0},{"damage":2.0,"enemies":"2 Louse","floor":3.0,"turns":2.0},{"damage":1.0,"enemies":"2 Fungi Beasts","floor":5.0,"turns":2.0},{"damage":22,"enemies":"Gremlin Gang","floor":7,"turns":4},{"damage":4,"enemies":"Blue Slaver","floor":13,"turns":3},{"damage":3,"enemies":"Looter","floor":14,"turns":3},{"damage":47,"enemies":"The Guardian","floor":16,"turns":11},{"damage":17,"enemies":"Shell Parasite","floor":18,"turns":4},{"damage":3,"enemies":"3 Byrds","floor":19,"turns":3},{"damage":1,"enemies":"Snecko","floor":24,"turns":5},{"damage":5,"enemies":"Chosen and Byrds","floor":27,"turns":4},{"damage":17,"enemies":"Centurion and Healer","floor":28,"turns":6},{"damage":23,"enemies":"Book of Stabbing","floor":29,"turns":6},{"damage":14,"enemies":"Colosseum Slavers","floor":30,"turns":1}],"seed_played":"5652884687400905691","potions_obtained":[{"floor":2.0,"key":"PowerPotion"},{"floor":3.0,"key":"Energy Potion"},{"floor":11,"key":"Fire Potion"}],"is_trial":false,"path_per_floor":["M","M","M","$","M","R","M","R","T","R","?","R","M","M","R","B",null,"M","M","$","T","?","R","M","?","T","M","M","E","?"],"character_chosen":"DEFECT","items_purchased":["Genetic Algorithm","Undo"],"campfire_rested":2,"item_purchase_floors":[4,20],"current_hp_per_floor":[63,59,57,57,56,56,34,55,55,55,55,55,51,48,48,1,54,37,34,34,34,34,55,54,54,54,49,32,9,0],"gold":189,"neow_bonus":"ONE_RANDOM_RARE_CARD","is_prod":false,"is_daily":false,"chose_seed":false,"campfire_upgraded":4,"win_rate":0,"timestamp":1570178161,"path_taken":["M","M","M","?","M","R","M","R","T","R","?","R","M","M","R","BOSS","M","M","$","?","?","R","M","?","T","M","?","E","?"],"build_version":"2019-07-17","purchased_purges":2,"victory":false,"max_hp_per_floor":[71,71,71,71,71,71,71,71,71,71,71,71,71,71,71,71,71,71,71,71,71,71,71,71,71,71,71,71,71,71],"card_choices":[{"not_picked":["Leap","Steam"],"picked":"Compile Driver","floor":1.0},{"not_picked":["Auto Shields","Stack"],"picked":"Ball Lightning","floor":2.0},{"not_picked":["Darkness","Beam Cell"],"picked":"Sweeping Beam","floor":3.0},{"not_picked":["Steam","Storm","Beam Cell"],"picked":"SKIP","floor":5.0},{"not_picked":["Undo","Redo"],"picked":"Go for the Eyes","floor":7},{"not_picked":["Redo","Scrape"],"picked":"Go for the Eyes","floor":13},{"not_picked":["Rebound","Double Energy","Genetic Algorithm"],"picked":"SKIP","floor":14},{"not_picked":["Biased Cognition","Thunder Strike"],"picked":"Electrodynamics","floor":16},{"not_picked":["Reprogram","Barrage"],"picked":"Leap","floor":18},{"not_picked":["Rebound","Compile Driver"],"picked":"Barrage","floor":19},{"not_picked":["Chaos","BootSequence","Go for the Eyes"],"picked":"SKIP","floor":24},{"not_picked":["Chaos","Defragment"],"picked":"Coolheaded","floor":27},{"not_picked":["Stack","Redo","Steam Power"],"picked":"SKIP","floor":28},{"not_picked":["Storm","Genetic Algorithm"],"picked":"Biased Cognition","floor":29}],"player_experience":669565,"relics_obtained":[{"floor":9,"key":"DataDisk"},{"floor":21,"key":"Art of War"},{"floor":26,"key":"Blue Candle"},{"floor":29,"key":"Potion Belt"}],"event_choices":[{"damage_healed":0,"gold_gain":0,"player_choice":"Got Potions","damage_taken":0,"max_hp_gain":0,"max_hp_loss":0,"event_name":"Lab","floor":11,"gold_loss":0},{"damage_healed":0,"gold_gain":0,"player_choice":"Opened","damage_taken":0,"relics_obtained":["MawBank"],"max_hp_gain":0,"max_hp_loss":0,"event_name":"The Mausoleum","floor":22,"gold_loss":0,"cards_obtained":["Writhe"]},{"damage_healed":0,"gold_gain":0,"cards_transformed":["Amplify"],"player_choice":"Transformed","damage_taken":0,"max_hp_gain":0,"max_hp_loss":0,"event_name":"Transmorgrifier","floor":25,"gold_loss":0,"cards_obtained":["Doom and Gloom"]},{"damage_healed":0,"gold_gain":0,"player_choice":"Fight","damage_taken":0,"max_hp_gain":0,"max_hp_loss":0,"event_name":"Colosseum","floor":30,"gold_loss":0}],"is_beta":false,"boss_relics":[{"not_picked":["White Beast Statue","Runic Pyramid"],"picked":"Sozu"}],"items_purged_floors":[4,20],"is_endless":false,"potions_floor_spawned":[2,3,5,18,27],"killed_by":"Colosseum Slavers","ascension_level":17}