{"gold_per_floor":[111,111,36,47,63,63,78,78,102,102,102,129,129,140,140,218,218,236,253,253,264,279,279,298,298,322,334,365,377,389,416,428,517,529,552,65,65,84,100,132,132,158,158,191,210,22,40,0,0,0],"floor_reached":51,"playtime":2345,"items_purged":["Defend_B+1","Regret"],"score":1399,"play_id":"eeaf1942-fc43-4147-8f84-a887e1f4324f","local_time":"20191004022304","is_ascension_mode":true,"campfire_choices":[{"data":"Defragment","floor":6.0,"key":"SMITH"},{"data":"Biased Cognition","floor":8.0,"key":"SMITH"},{"data":"Melter","floor":11.0,"key":"SMITH"},{"floor":15.0,"key":"REST"},{"floor":23.0,"key":"REST"},{"floor":25.0,"key":"REST"},{"floor":27.0,"key":"REST"},{"floor":32.0,"key":"REST"},{"floor":41.0,"key":"REST"},{"floor":49.0,"key":"REST"}],"neow_cost":"CURSE","seed_source_timestamp":194241687055800,"circlet_count":0,"master_deck":["AscendersBane","Strike_B+1","Strike_B+1","Strike_B+1","Strike_B+1","Defend_B+1","Defend_B+1","Zap+1","Dualcast","Biased Cognition+1","Cold Snap","Melter+1","Defragment+1","Barrage","Gash","Echo Form","Cold Snap","Defragment+1","Gash","Chill+1","Go for the Eyes","Coolheaded","Buffer","Dark Shackles","Buffer","Double Energy+1","Ball Lightning","White Noise","Machine Learning","Capacitor"],"special_seed":0,"relics":["Cracked Core","PreservedInsect","Boot","Potion Belt","Orichalcum","Runic Pyramid","MawBank","Cursed Key","Vajra","Lantern","Dodecahedron","War Paint","Gremlin Horn","Art of War"],"potions_floor_usage":[50,50],"damage_taken":[{"damage":0.0,"enemies":"2 Louse","floor":1.0,"turns":1.0},{"damage":5.0,"enemies":"Jaw Worm","floor":4.0,"turns":2.0},{"damage":9.0,"enemies":"Small Slimes","floor":5.0,"turns":3.0},{"damage":0.0,"enemies":"Looter","floor":7.0,"turns":3.0},{"damage":3.0,"enemies":"Large Slime","floor":14.0,"turns":6.0},{"damage":11.0,"enemies":"Slime Boss","floor":16.0,"turns":10.0},{"damage":30.0,"enemies":"Shell Parasite","floor":18.0,"turns":5.0},{"damage":11.0,"enemies":"Chosen","floor":19.0,"turns":5.0},{"damage":20.0,"enemies":"Shelled Parasite and Fungi","floor":21.0,"turns":6.0},{"damage":7.0,"enemies":"Sentry and Sphere","floor":22.0,"turns":3.0},{"damage":17.0,"enemies":"Centurion and Healer","floor":24.0,"turns":7.0},{"damage":14.0,"enemies":"Cultist and Chosen","floor":28.0,"turns":7.0},{"damage":14.0,"enemies":"3 Cultists","floor":31.0,"turns":6.0},{"damage":4.0,"enemies":"Champ","floor":33.0,"turns":10.0},{"damage":11.0,"enemies":"3 Shapes","floor":35.0,"turns":9.0},{"damage":15.0,"enemies":"Orb Walker","floor":38.0,"turns":4.0},{"damage":0.0,"enemies":"Maw","floor":39.0,"turns":8.0},{"damage":7.0,"enemies":"Reptomancer","floor":40.0,"turns":6.0},{"damage":0.0,"enemies":"Nemesis","floor":42.0,"turns":5.0},{"damage":0.0,"enemies":"Reptomancer","floor":44.0,"turns":6.0},{"damage":23.0,"enemies":"Writhing Mass","floor":45.0,"turns":7.0},{"damage":5.0,"enemies":"Transient","floor":47.0,"turns":6.0},{"damage":15,"enemies":"Donu and Deca","floor":50,"turns":10}],"seed_played":"-4104329326712472264","potions_obtained":[{"floor":5.0,"key":"SteroidPotion"},{"floor":7.0,"key":"FocusPotion"},{"floor":14.0,"key":"EssenceOfSteel"},{"floor":18.0,"key":"Energy Potion"},{"floor":24.0,"key":"FearPotion"},{"floor":31.0,"key":"EntropicBrew"},{"floor":33.0,"key":"FearPotion"},{"floor":35.0,"key":"PowerPotion"},{"floor":40.0,"key":"AttackPotion"},{"floor":44.0,"key":"SteroidPotion"},{"floor":45.0,"key":"EssenceOfSteel"}],"is_trial":false,"path_per_floor":["M","?","?","M","M","R","M","R","T","?","R","T","T","M","R","B",null,"M","M","?","M","M","R","M","R","T","R","M","?","?","M","R","B",null,"M","$","?","M","M","E","R","E","T","E","M","$","M","$","R","B",null],"character_chosen":"DEFECT","items_purchased":["Vajra","Lantern","Dark Shackles","White Noise","Capacitor"],"campfire_rested":7,"item_purchase_floors":[36,36,36,46,48],"current_hp_per_floor":[64,59,59,54,45,45,45,45,45,50,50,50,50,47,69,58,72,42,31,31,11,4,26,9,31,31,53,39,39,39,25,47,43,68,57,57,57,42,42,35,57,57,57,57,34,34,29,29,51,36],"gold":0,"neow_bonus":"THREE_RARE_CARDS","is_prod":false,"is_daily":false,"chose_seed":false,"campfire_upgraded":3,"win_rate":0,"timestamp":1570180984,"path_taken":["M","?","?","M","M","R","M","R","T","?","R","?","?","?","R","BOSS","M","M","?","M","M","R","?","R","T","R","M","?","?","M","R","BOSS","M","$","?","M","M","E","R","E","T","E","M","?","M","$","R","BOSS"],"build_version":"2019-07-17","purchased_purges":2,"victory":true,"max_hp_per_floor":[71,71,71,71,71,71,71,71,71,76,76,76,76,76,76,76,76,76,76,76,76,76,76,76,76,76,76,76,76,76,76,76,76,76,76,76,76,76,76,76,76,76,76,76,76,76,76,76,76,76],"card_choices":[{"not_picked":["Hyperbeam","Reboot"],"picked":"Biased Cognition","floor":0.0},{"not_picked":["Storm","Steam Power"],"picked":"Cold Snap","floor":1.0},{"not_picked":["Rebound","Beam Cell"],"picked":"Melter","floor":4.0},{"not_picked":["Coolheaded","Compile Driver"],"picked":"Defragment","floor":5.0},{"not_picked":["Heatsinks","Rebound"],"picked":"Barrage","floor":7.0},{"not_picked":["Turbo","Cold Snap"],"picked":"Gash","floor":14.0},{"not_picked":["Biased Cognition","Rainbow"],"picked":"Echo Form","floor":16.0},{"not_picked":["Heatsinks","Storm"],"picked":"Cold Snap","floor":18.0},{"not_picked":["Beam Cell","Aggregate","Streamline"],"picked":"SKIP","floor":19.0},{"not_picked":["Go for the Eyes","Steam"],"picked":"Gash","floor":21.0},{"not_picked":["Lockon","Rip and Tear"],"picked":"Chill","floor":22.0},{"not_picked":["Double Energy","Compile Driver"],"picked":"Go for the Eyes","floor":24.0},{"not_picked":["Streamline","Rebound","Doom and Gloom"],"picked":"SKIP","floor":28.0},{"not_picked":["Rebound","Force Field"],"picked":"Coolheaded","floor":31.0},{"not_picked":["Meteor Strike","Electrodynamics"],"picked":"Buffer","floor":33.0},{"not_picked":["Scrape+1","Redo","Rip and Tear"],"picked":"SKIP","floor":35.0},{"not_picked":["Steam","Gash+1"],"picked":"Double Energy+1","floor":38.0},{"not_picked":["Steam","Steam Power+1"],"picked":"Ball Lightning","floor":39.0},{"not_picked":["Barrage","Compile Driver","Lockon"],"picked":"SKIP","floor":40.0},{"not_picked":["Steam+1","Lockon","Leap"],"picked":"SKIP","floor":42.0},{"not_picked":["Turbo","Cold Snap+1","Redo"],"picked":"SKIP","floor":44.0},{"not_picked":["Compile Driver","Auto Shields","Doom and Gloom+1"],"picked":"SKIP","floor":45.0},{"not_picked":["Redo","Chill+1"],"picked":"Machine Learning","floor":47.0}],"player_experience":670449,"relics_obtained":[{"floor":9.0,"key":"Boot"},{"floor":12.0,"key":"Potion Belt"},{"floor":13.0,"key":"Orichalcum"},{"floor":26.0,"key":"MawBank"},{"floor":40.0,"key":"Dodecahedron"},{"floor":42.0,"key":"War Paint"},{"floor":43.0,"key":"Gremlin Horn"},{"floor":44.0,"key":"Art of War"}],"event_choices":[{"damage_healed":0.0,"max_hp_gain":0.0,"max_hp_loss":0.0,"gold_gain":0.0,"event_name":"Scrap Ooze","player_choice":"Success","floor":2.0,"gold_loss":0.0,"damage_taken":5.0,"relics_obtained":["PreservedInsect"]},{"cards_removed":["Injury"],"damage_healed":0.0,"max_hp_gain":0.0,"max_hp_loss":0.0,"gold_gain":0.0,"event_name":"The Cleric","player_choice":"Card Removal","floor":3.0,"gold_loss":75.0,"damage_taken":0.0},{"damage_healed":0.0,"max_hp_gain":5.0,"max_hp_loss":0.0,"gold_gain":0.0,"event_name":"Big Fish","player_choice":"Donut","floor":10.0,"gold_loss":0.0,"damage_taken":0.0},{"damage_healed":0.0,"max_hp_gain":0.0,"max_hp_loss":0.0,"gold_gain":0.0,"event_name":"Duplicator","player_choice":"Copied","floor":20.0,"gold_loss":0.0,"damage_taken":0.0,"cards_obtained":["Defragment"]},{"damage_healed":0.0,"max_hp_gain":0.0,"max_hp_loss":0.0,"gold_gain":0.0,"event_name":"Ghosts","player_choice":"Ignored","floor":29.0,"gold_loss":0.0,"damage_taken":0.0},{"damage_healed":0.0,"max_hp_gain":0.0,"max_hp_loss":0.0,"gold_gain":0.0,"event_name":"Back to Basics","player_choice":"Simplicity","floor":30.0,"gold_loss":0.0,"damage_taken":0.0,"cards_upgraded":["Strike_B","Strike_B","Strike_B","Strike_B","Defend_B","Defend_B","Defend_B","Defend_B"]},{"damage_healed":0.0,"max_hp_gain":0.0,"max_hp_loss":0.0,"gold_gain":0.0,"cards_transformed":["Defend_B"],"event_name":"Transmorgrifier","player_choice":"Transformed","floor":37.0,"gold_loss":0.0,"damage_taken":0.0,"cards_obtained":["Buffer"]}],"is_beta":false,"boss_relics":[{"not_picked":["Philosopher\u0027s Stone","Black Star"],"picked":"Runic Pyramid"},{"not_picked":["Snecko Eye","Fusion Hammer"],"picked":"Cursed Key"}],"items_purged_floors":[36,46],"is_endless":false,"potions_floor_spawned":[5,7,14,18,24,31,33,35,40,44,45],"ascension_level":17}