{"gold_per_floor":[113,113,126,201,213,238,238,271,271,134,99,99,122,150,150,225,225,236,236,251,251,301,301,332,259,271,283,39,65,79,93,93,171,171,183,200,218,218,228,228,53,53,53,53,70,99,99,110,110,110,110],"floor_reached":51,"playtime":1767,"items_purged":["Strike_R","Brutality"],"score":1587,"play_id":"b3137e8e-e0b7-43e5-a2ad-46c9de50d77e","local_time":"20191003173202","is_ascension_mode":true,"campfire_choices":[{"data":"Bludgeon","floor":7.0,"key":"SMITH"},{"data":"Armaments","floor":12.0,"key":"SMITH"},{"floor":15.0,"key":"REST"},{"data":"1","floor":23.0,"key":"LIFT"},{"floor":27.0,"key":"REST"},{"data":"2","floor":32.0,"key":"LIFT"},{"data":"3","floor":40.0,"key":"LIFT"},{"data":"Heavy Blade","floor":42.0,"key":"SMITH"},{"data":"Heavy Blade","floor":44,"key":"SMITH"},{"data":"Heavy Blade","floor":47,"key":"SMITH"},{"data":"Heavy Blade","floor":49,"key":"SMITH"}],"neow_cost":"NONE","seed_source_timestamp":183606971580000,"circlet_count":0,"master_deck":["AscendersBane","Strike_R+1","Strike_R","Defend_R","Defend_R","Defend_R","Defend_R","Bash+1","Bludgeon+1","Inflame","Feel No Pain","Armaments+1","True Grit","Metallicize","Sword Boomerang","Offering","Heavy Blade+1","Pummel","Rampage","Shockwave","Heavy Blade+1","Spot Weakness","Heavy Blade+1","Immolate","Impervious","Flame Barrier","Heavy Blade+1","Spot Weakness+1","Corruption","Heavy Blade+1"],"special_seed":0,"relics":["Burning Blood","Girya","Gremlin Horn","Smiling Mask","Odd Mushroom","Whetstone","Snecko Eye","Nilry\u0027s Codex","MawBank","Toy Ornithopter","Paper Frog","Happy Flower","Vajra","Cursed Key","Juzu Bracelet"],"potions_floor_usage":[50,50],"damage_taken":[{"damage":7.0,"enemies":"Small Slimes","floor":1.0,"turns":2.0},{"damage":7.0,"enemies":"Jaw Worm","floor":3.0,"turns":3.0},{"damage":5.0,"enemies":"2 Louse","floor":5.0,"turns":3.0},{"damage":33.0,"enemies":"Lagavulin","floor":6.0,"turns":6.0},{"damage":0.0,"enemies":"Gremlin Nob","floor":8.0,"turns":2.0},{"damage":22.0,"enemies":"The Mushroom Lair","floor":13.0,"turns":6.0},{"damage":33.0,"enemies":"Lagavulin","floor":14.0,"turns":4.0},{"damage":15.0,"enemies":"The Guardian","floor":16.0,"turns":12.0},{"damage":0.0,"enemies":"Chosen","floor":18.0,"turns":2.0},{"damage":22.0,"enemies":"Shell Parasite","floor":20.0,"turns":5.0},{"damage":17.0,"enemies":"Gremlin Leader","floor":24.0,"turns":4.0},{"damage":15.0,"enemies":"Book of Stabbing","floor":29.0,"turns":3.0},{"damage":0.0,"enemies":"Snake Plant","floor":30.0,"turns":2.0},{"damage":13.0,"enemies":"Centurion and Healer","floor":31.0,"turns":4.0},{"damage":21.0,"enemies":"Collector","floor":33.0,"turns":7.0},{"damage":0.0,"enemies":"3 Shapes","floor":35.0,"turns":1.0},{"damage":0.0,"enemies":"3 Darklings","floor":36.0,"turns":2.0},{"damage":0.0,"enemies":"4 Shapes","floor":37.0,"turns":5.0},{"damage":10.0,"enemies":"Writhing Mass","floor":39.0,"turns":3.0},{"damage":6,"enemies":"Transient","floor":45,"turns":5},{"damage":15,"enemies":"Nemesis","floor":46,"turns":5},{"damage":9,"enemies":"Maw","floor":48,"turns":3},{"damage":74,"enemies":"Awakened One","floor":50,"turns":7},{"damage":21,"enemies":"Donu and Deca","floor":51,"turns":1}],"seed_played":"-5999567850961752608","potions_obtained":[{"floor":1.0,"key":"Weak Potion"},{"floor":6.0,"key":"AttackPotion"},{"floor":13.0,"key":"Energy Potion"},{"floor":18.0,"key":"Strength Potion"},{"floor":20.0,"key":"ElixirPotion"},{"floor":24.0,"key":"SkillPotion"},{"floor":31.0,"key":"GamblersBrew"},{"floor":39.0,"key":"Dexterity Potion"},{"floor":45,"key":"Block Potion"}],"is_trial":false,"path_per_floor":["M","?","M","?","M","E","R","E","T","$","?","R","?","E","R","B",null,"M","?","M","?","?","R","E","?","T","R","$","E","M","M","R","B",null,"M","M","M","?","M","R","$","R","T","R","M","E","R","M","R","B","B"],"character_chosen":"IRONCLAD","items_purchased":["Metallicize","Happy Flower","Spot Weakness","Corruption","Regen Potion"],"campfire_rested":2,"item_purchase_floors":[10,28,28,41,41],"current_hp_per_floor":[67,67,66,55,56,29,29,35,35,35,53,53,37,10,32,23,62,68,68,52,31,31,31,20,20,20,42,42,33,39,32,32,27,63,69,75,75,75,71,71,71,71,71,71,71,62,62,59,59,16,0],"gold":110,"neow_bonus":"ONE_RANDOM_RARE_CARD","is_prod":false,"is_daily":false,"chose_seed":false,"campfire_upgraded":6,"win_rate":0,"timestamp":1570149122,"path_taken":["M","?","M","?","M","E","R","E","T","$","?","R","?","E","R","BOSS","M","?","M","?","?","R","E","?","T","R","$","E","M","M","R","BOSS","M","M","M","?","M","R","$","R","T","R","M","E","R","M","R","BOSS","BOSS"],"build_version":"2019-10-03","purchased_purges":2,"victory":false,"max_hp_per_floor":[75,75,75,75,75,75,75,75,75,75,75,75,75,75,75,75,75,75,75,75,75,75,75,75,75,75,75,75,75,75,75,75,75,75,75,75,75,75,75,75,75,75,75,75,75,75,75,75,75,75,75],"card_choices":[{"not_picked":["Wild Strike","Cleave"],"picked":"Inflame","floor":1.0},{"not_picked":["Wild Strike","Fire Breathing"],"picked":"Feel No Pain","floor":3.0},{"not_picked":["Perfected Strike","Headbutt"],"picked":"Brutality","floor":5.0},{"not_picked":["Rampage","Warcry"],"picked":"Armaments","floor":6.0},{"not_picked":["Iron Wave","Warcry"],"picked":"True Grit","floor":8.0},{"not_picked":["Wild Strike","True Grit"],"picked":"Sword Boomerang","floor":13.0},{"not_picked":["Thunderclap","Dropkick","Sword Boomerang"],"picked":"SKIP","floor":14.0},{"not_picked":["Demon Form","Feed"],"picked":"Offering","floor":16.0},{"not_picked":["Twin Strike","Anger"],"picked":"Heavy Blade","floor":18.0},{"not_picked":["Infernal Blade","Havoc"],"picked":"Shockwave","floor":20.0},{"not_picked":["Disarm","Shrug It Off"],"picked":"Heavy Blade","floor":24.0},{"not_picked":["Wild Strike","Iron Wave"],"picked":"Heavy Blade","floor":29.0},{"not_picked":["Pommel Strike","Warcry"],"picked":"Immolate","floor":30.0},{"not_picked":["Flex","Ghostly Armor","Twin Strike+1"],"picked":"SKIP","floor":31.0},{"not_picked":["Feed","Brutality"],"picked":"Impervious","floor":33.0},{"not_picked":["Bloodletting+1","Ghostly Armor+1"],"picked":"Flame Barrier","floor":35.0},{"not_picked":["Armaments","True Grit"],"picked":"Heavy Blade","floor":36.0},{"not_picked":["Sentinel","Shockwave"],"picked":"Spot Weakness+1","floor":37.0},{"not_picked":["Clothesline","Sword Boomerang+1","Flex"],"picked":"SKIP","floor":39.0},{"not_picked":["Perfected Strike","Metallicize","Clash+1"],"picked":"SKIP","floor":45},{"not_picked":["Fire Breathing","Burning Pact","Corruption"],"picked":"SKIP","floor":46},{"not_picked":["Searing Blow","Thunderclap"],"picked":"Heavy Blade+1","floor":48}],"player_experience":1219537,"relics_obtained":[{"floor":6.0,"key":"Girya"},{"floor":8.0,"key":"Gremlin Horn"},{"floor":9.0,"key":"Smiling Mask"},{"floor":13.0,"key":"Odd Mushroom"},{"floor":14.0,"key":"Whetstone"},{"floor":21.0,"key":"Nilry\u0027s Codex"},{"floor":24.0,"key":"MawBank"},{"floor":26.0,"key":"Paper Frog"},{"floor":29.0,"key":"Vajra"},{"floor":46,"key":"Juzu Bracelet"}],"event_choices":[{"damage_healed":0.0,"max_hp_gain":0.0,"max_hp_loss":0.0,"gold_gain":0.0,"event_name":"Liars Game","player_choice":"Ignored","floor":2.0,"gold_loss":0.0,"damage_taken":0.0},{"damage_healed":0.0,"max_hp_gain":0.0,"max_hp_loss":0.0,"gold_gain":75.0,"event_name":"World of Goop","player_choice":"Gather Gold","floor":4.0,"gold_loss":0.0,"damage_taken":11.0},{"damage_healed":18.0,"max_hp_gain":0.0,"max_hp_loss":0.0,"gold_gain":0.0,"event_name":"The Cleric","player_choice":"Healed","floor":11.0,"gold_loss":35.0,"damage_taken":0.0},{"damage_healed":0.0,"max_hp_gain":0.0,"max_hp_loss":0.0,"gold_gain":0.0,"event_name":"Mushrooms","player_choice":"Fought Mushrooms","floor":13.0,"gold_loss":0.0,"damage_taken":0.0},{"damage_healed":0.0,"max_hp_gain":0.0,"max_hp_loss":0.0,"gold_gain":0.0,"cards_transformed":["Strike_R","Strike_R"],"event_name":"Drug Dealer","player_choice":"Became Test Subject","floor":19.0,"gold_loss":0.0,"damage_taken":0.0,"cards_obtained":["Pummel","Rampage"]},{"damage_healed":0.0,"max_hp_gain":0.0,"max_hp_loss":0.0,"gold_gain":0.0,"event_name":"Cursed Tome","player_choice":"Obtained Book","floor":21.0,"gold_loss":0.0,"damage_taken":21.0},{"damage_healed":0.0,"max_hp_gain":0.0,"max_hp_loss":0.0,"gold_gain":50.0,"event_name":"Nest","player_choice":"Stole From Cult","floor":22.0,"gold_loss":0.0,"damage_taken":0.0},{"damage_healed":0.0,"max_hp_gain":0.0,"max_hp_loss":0.0,"gold_gain":0.0,"event_name":"Addict","player_choice":"Obtained Relic","floor":25.0,"gold_loss":85.0,"damage_taken":0.0,"relics_obtained":["Toy Ornithopter"]},{"damage_healed":0.0,"max_hp_gain":0.0,"max_hp_loss":0.0,"gold_gain":0.0,"event_name":"Mysterious Sphere","player_choice":"Ignored","floor":38.0,"gold_loss":0.0,"damage_taken":0.0}],"is_beta":true,"boss_relics":[{"not_picked":["Fusion Hammer","Pandora\u0027s Box"],"picked":"Snecko Eye"},{"not_picked":["SlaversCollar","Black Star"],"picked":"Cursed Key"}],"items_purged_floors":[10,41],"is_endless":false,"potions_floor_spawned":[1,6,13,18,20,24,31,39,45],"killed_by":"Donu and Deca","ascension_level":20}