{"gold_per_floor":[118,118,128,138,152,152,163,163,163,163,88,34,68,83,83,158,158,177,204,224,243,168,168,198,208,235,235],"floor_reached":27,"playtime":993,"items_purged":[],"score":423,"play_id":"216c5a72-2df8-42c3-bf91-2ce6a9d1a3a7","local_time":"20190928182340","is_ascension_mode":true,"campfire_choices":[{"data":"Ball Lightning","floor":6.0,"key":"SMITH"},{"floor":10.0,"key":"REST"},{"floor":15.0,"key":"REST"},{"floor":23.0,"key":"REST"}],"neow_cost":"NONE","seed_source_timestamp":23412012832200,"circlet_count":0,"master_deck":["AscendersBane","Strike_B","Strike_B","Strike_B","Defend_B","Defend_B+1","Defend_B","Zap","Dualcast+1","Leap","Genetic Algorithm","Ball Lightning+1","Hologram","Reinforced Body","Cold Snap","Barrage","Self Repair","Electrodynamics","Compile Driver","Coolheaded","Sunder","Ball Lightning"],"special_seed":0,"relics":["FrozenCore","NeowsBlessing","Regal Pillow","Bronze Scales","Shuriken","Red Mask","Blue Candle","War Paint"],"potions_floor_usage":[],"damage_taken":[{"damage":0.0,"enemies":"2 Louse","floor":1.0,"turns":1.0},{"damage":0.0,"enemies":"Jaw Worm","floor":3.0,"turns":1.0},{"damage":0.0,"enemies":"Small Slimes","floor":4.0,"turns":1.0},{"damage":10.0,"enemies":"Blue Slaver","floor":5.0,"turns":5.0},{"damage":25.0,"enemies":"Exordium Thugs","floor":7.0,"turns":5.0},{"damage":24.0,"enemies":"Gremlin Nob","floor":13.0,"turns":3.0},{"damage":4.0,"enemies":"Looter","floor":14.0,"turns":2.0},{"damage":22.0,"enemies":"Slime Boss","floor":16.0,"turns":11.0},{"damage":15.0,"enemies":"3 Byrds","floor":18.0,"turns":4.0},{"damage":20.0,"enemies":"Masked Bandits","floor":19.0,"turns":5.0},{"damage":15.0,"enemies":"Spheric Guardian","floor":20.0,"turns":4.0},{"damage":7.0,"enemies":"Centurion and Healer","floor":21.0,"turns":8.0},{"damage":46.0,"enemies":"Book of Stabbing","floor":24.0,"turns":7.0},{"damage":20.0,"enemies":"3 Cultists","floor":25.0,"turns":5.0},{"damage":12,"enemies":"Snake Plant","floor":27,"turns":2}],"seed_played":"852637246126858438","potions_obtained":[{"floor":1.0,"key":"SpeedPotion"},{"floor":3.0,"key":"PowerPotion"},{"floor":7.0,"key":"PowerPotion"},{"floor":16.0,"key":"EntropicBrew"},{"floor":25.0,"key":"FearPotion"}],"is_trial":false,"path_per_floor":["M","?","M","M","M","R","M","?","T","R","?","$","E","M","R","B",null,"M","?","M","M","?","R","E","M","T","M"],"character_chosen":"DEFECT","items_purchased":["Cold Snap"],"campfire_rested":3,"item_purchase_floors":[12],"current_hp_per_floor":[64,59,59,59,49,49,24,24,24,60,60,60,36,32,68,53,67,59,39,24,24,24,60,21,8,8,0],"gold":235,"neow_bonus":"THREE_ENEMY_KILL","is_prod":false,"is_daily":false,"chose_seed":false,"campfire_upgraded":1,"win_rate":0,"timestamp":1569720220,"path_taken":["M","?","M","M","M","R","M","?","T","R","?","$","E","M","R","BOSS","M","?","M","M","?","R","E","M","T","M"],"build_version":"2019-07-17","purchased_purges":0,"victory":false,"max_hp_per_floor":[71,71,71,71,71,71,71,71,71,71,71,71,71,71,71,71,71,71,71,71,71,71,71,71,71,71,71],"card_choices":[{"not_picked":["Redo","Fusion"],"picked":"Leap","floor":1.0},{"not_picked":["Beam Cell","Hologram"],"picked":"Genetic Algorithm","floor":3.0},{"not_picked":["Undo","Leap"],"picked":"Ball Lightning","floor":4.0},{"not_picked":["Rebound","Turbo"],"picked":"Hologram","floor":5.0},{"not_picked":["Rebound","Rip and Tear"],"picked":"Reinforced Body","floor":7.0},{"not_picked":["Beam Cell","Steam"],"picked":"Barrage","floor":13.0},{"not_picked":["Darkness","Turbo"],"picked":"Self Repair","floor":14.0},{"not_picked":["Fission","Buffer"],"picked":"Electrodynamics","floor":16.0},{"not_picked":["Ball Lightning","Stack","Sweeping Beam+1"],"picked":"SKIP","floor":18.0},{"not_picked":["Redo","Beam Cell"],"picked":"Compile Driver","floor":19.0},{"not_picked":["Double Energy","Reinforced Body"],"picked":"Coolheaded","floor":20.0},{"not_picked":["Hyperbeam","Compile Driver","Steam"],"picked":"SKIP","floor":21.0},{"not_picked":["Stack+1","Loop"],"picked":"Sunder","floor":24.0},{"not_picked":["Sweeping Beam+1","Beam Cell"],"picked":"Ball Lightning","floor":25.0}],"player_experience":656209,"relics_obtained":[{"floor":9.0,"key":"Bronze Scales"},{"floor":13.0,"key":"Shuriken"},{"floor":19.0,"key":"Red Mask"},{"floor":24.0,"key":"Blue Candle"},{"floor":26.0,"key":"War Paint"}],"event_choices":[{"damage_healed":0.0,"max_hp_gain":0.0,"max_hp_loss":0.0,"gold_gain":0.0,"event_name":"Scrap Ooze","player_choice":"Success","floor":2.0,"gold_loss":0.0,"damage_taken":5.0,"relics_obtained":["Regal Pillow"]},{"damage_healed":0.0,"max_hp_gain":0.0,"max_hp_loss":0.0,"gold_gain":0.0,"event_name":"Shining Light","player_choice":"Ignored","floor":8.0,"gold_loss":0.0,"damage_taken":0.0},{"cards_removed":["Defend_B"],"damage_healed":0.0,"max_hp_gain":0.0,"max_hp_loss":0.0,"gold_gain":0.0,"event_name":"The Cleric","player_choice":"Card Removal","floor":11.0,"gold_loss":75.0,"damage_taken":0.0},{"damage_healed":0.0,"max_hp_gain":0.0,"max_hp_loss":0.0,"gold_gain":0.0,"event_name":"Masked Bandits","player_choice":"Fought Bandits","floor":19.0,"gold_loss":0.0,"damage_taken":0.0},{"cards_removed":["Strike_B"],"damage_healed":0.0,"max_hp_gain":0.0,"max_hp_loss":0.0,"gold_gain":0.0,"event_name":"Beggar","player_choice":"Gave Gold","floor":22.0,"gold_loss":75.0,"damage_taken":0.0}],"is_beta":false,"boss_relics":[{"not_picked":["Astrolabe","Black Star"],"picked":"FrozenCore"}],"items_purged_floors":[],"is_endless":false,"potions_floor_spawned":[1,3,7,16,20,21,25],"killed_by":"Snake Plant","ascension_level":16}