{"gold_per_floor":[119,119,138,161,176,176,201,226,251,286,286,286,309,342,342,461,461,484,409,499,524,246,246,265,309,309,336,28,54,90,103,103,226,226,251,1250,1250,1250,779,815,831,831,831,850,507,507,34,93,93,93],"floor_reached":51,"playtime":8732,"items_purged":["Defend_B","Strike_B","Normality","Normality","Writhe"],"score":748,"play_id":"57c7d877-c112-490d-9342-35a6535d5a12","local_time":"20190906172447","is_ascension_mode":false,"campfire_choices":[{"data":"Zap","floor":6.0,"key":"SMITH"},{"floor":12.0,"key":"REST"},{"data":"Streamline","floor":15.0,"key":"SMITH"},{"data":"Sunder","floor":23.0,"key":"SMITH"},{"floor":32.0,"key":"REST"},{"data":"Meteor Strike","floor":42,"key":"SMITH"},{"data":"Deep Breath","floor":46,"key":"SMITH"},{"data":"Sweeping Beam","floor":49,"key":"SMITH"}],"neow_cost":"NONE","seed_source_timestamp":588914081936480,"circlet_count":0,"master_deck":["Strike_B","Defend_B","Defend_B","Defend_B","Zap+1","Dualcast+1","Deep Breath+1","Sweeping Beam+1","Leap+1","Cold Snap","Undo","Self Repair","Streamline+1","Electrodynamics","Flash of Steel","Sunder+1","Doom and Gloom","Reinforced Body+1","Sunder+1","Stack+1","Meteor Strike+1","Conserve Battery+1","Static Discharge+1"],"special_seed":0,"relics":["Cracked Core","Golden Idol","Regal Pillow","Lantern","Bag of Marbles","Snecko Eye","Tiny Chest","Juzu Bracelet","StoneCalendar","Centennial Puzzle","DollysMirror","Happy Flower","War Paint","Busted Crown","Chemical X","Omamori","Sundial","Art of War","HandDrill","Thread and Needle","Incense Burner"],"potions_floor_usage":[50,50,50,50,50,50],"damage_taken":[{"damage":1.0,"enemies":"2 Louse","floor":1.0,"turns":2.0},{"damage":0.0,"enemies":"Small Slimes","floor":3.0,"turns":2.0},{"damage":1.0,"enemies":"Cultist","floor":4.0,"turns":3.0},{"damage":8.0,"enemies":"Exordium Thugs","floor":5.0,"turns":4.0},{"damage":0.0,"enemies":"Exordium Wildlife","floor":7.0,"turns":5.0},{"damage":8.0,"enemies":"Lots of Slimes","floor":8.0,"turns":2.0},{"damage":19.0,"enemies":"Gremlin Nob","floor":10.0,"turns":5.0},{"damage":0.0,"enemies":"Blue Slaver","floor":13.0,"turns":4.0},{"damage":0.0,"enemies":"Lagavulin","floor":14.0,"turns":8.0},{"damage":13.0,"enemies":"The Guardian","floor":16.0,"turns":14.0},{"damage":1.0,"enemies":"3 Byrds","floor":18.0,"turns":2.0},{"damage":7.0,"enemies":"2 Thieves","floor":21.0,"turns":4.0},{"damage":0.0,"enemies":"Chosen and Byrds","floor":24.0,"turns":4.0},{"damage":15.0,"enemies":"Slavers","floor":25.0,"turns":3.0},{"damage":11.0,"enemies":"Gremlin Leader","floor":30.0,"turns":4.0},{"damage":25.0,"enemies":"Shelled Parasite and Fungi","floor":31.0,"turns":4.0},{"damage":5.0,"enemies":"Automaton","floor":33.0,"turns":7.0},{"damage":5.0,"enemies":"3 Shapes","floor":35.0,"turns":2.0},{"damage":18,"enemies":"Giant Head","floor":40,"turns":8},{"damage":15,"enemies":"Orb Walker","floor":41,"turns":5},{"damage":23,"enemies":"Maw","floor":44,"turns":6},{"damage":0,"enemies":"2 Orb Walkers","floor":48,"turns":5},{"damage":18,"enemies":"Awakened One","floor":50,"turns":12}],"seed_played":"-162770097640294119","potions_obtained":[{"floor":3.0,"key":"Block Potion"},{"floor":5.0,"key":"Weak Potion"},{"floor":14.0,"key":"Dexterity Potion"},{"floor":16.0,"key":"EntropicBrew"},{"floor":18.0,"key":"Dexterity Potion"},{"floor":24.0,"key":"Block Potion"},{"floor":25.0,"key":"FocusPotion"}],"is_trial":false,"path_per_floor":["M","?","M","M","M","R","M","M","T","E","?","R","M","E","R","B",null,"M","?","?","M","$","R","M","E","T","T","$","T","E","M","R","B",null,"M","?","?","?","$","E","M","R","T","M","$","R","$","?","R","B",null],"character_chosen":"DEFECT","items_purchased":["Sunder","Tiny Chest","DollysMirror","Chemical X","Omamori","HandDrill","Thread and Needle"],"campfire_rested":2,"item_purchase_floors":[22,22,28,39,39,45,47],"current_hp_per_floor":[74,56,56,55,47,47,47,39,39,20,13,50,57,64,64,58,75,74,74,53,53,53,53,60,52,52,52,52,52,48,30,67,69,75,75,75,75,75,75,64,56,56,56,40,40,40,40,47,47,36],"gold":93,"neow_bonus":"RANDOM_COLORLESS","is_prod":false,"is_daily":false,"chose_seed":false,"campfire_upgraded":6,"win_rate":0,"timestamp":1567783487,"path_taken":["M","?","M","M","M","R","M","M","T","E","?","R","M","E","R","BOSS","M","?","?","?","$","R","M","E","T","?","$","?","E","M","R","BOSS","BOSS","M","?","?","?","$","E","M","R","T","M","$","R","$","?","R","BOSS"],"build_version":"2019-07-17","purchased_purges":5,"victory":true,"max_hp_per_floor":[75,75,75,75,75,75,75,75,75,75,75,75,75,75,75,75,75,75,75,75,75,75,75,75,75,75,75,75,75,75,75,75,75,75,75,75,75,75,75,75,75,75,75,75,75,75,75,75,75,75],"card_choices":[{"not_picked":["Beam Cell","Auto Shields"],"picked":"Sweeping Beam","floor":1.0},{"not_picked":["Gash","Streamline"],"picked":"Leap","floor":3.0},{"not_picked":["Force Field","Turbo","Compile Driver"],"picked":"SKIP","floor":4.0},{"not_picked":["Ball Lightning","Amplify"],"picked":"Cold Snap","floor":5.0},{"not_picked":["Reprogram","Force Field"],"picked":"Undo","floor":7.0},{"not_picked":["Gash","Cold Snap","Sweeping Beam"],"picked":"SKIP","floor":8.0},{"not_picked":["Stack","Cold Snap"],"picked":"Self Repair","floor":10.0},{"not_picked":["Sweeping Beam","Heatsinks","Self Repair"],"picked":"SKIP","floor":13.0},{"not_picked":["Sweeping Beam","Heatsinks","Self Repair"],"picked":"SKIP","floor":13.0},{"not_picked":["FTL","Go for the Eyes"],"picked":"Streamline","floor":14.0},{"not_picked":["Buffer","Fission"],"picked":"Electrodynamics","floor":16.0},{"not_picked":["Loop","Gash+1","Blizzard"],"picked":"SKIP","floor":18.0},{"not_picked":["Beam Cell","Rebound","Conserve Battery"],"picked":"SKIP","floor":21.0},{"not_picked":["Undo","Fusion"],"picked":"Doom and Gloom","floor":24.0},{"not_picked":["Darkness","Undo"],"picked":"Reinforced Body+1","floor":25.0},{"not_picked":["Streamline","Reinforced Body"],"picked":"Stack+1","floor":30.0},{"not_picked":["Amplify","Stack+1","Storm+1"],"picked":"SKIP","floor":31.0},{"not_picked":["Seek","Creative AI"],"picked":"Meteor Strike","floor":33.0},{"not_picked":[],"picked":"Conserve Battery+1","floor":35.0},{"not_picked":["Beam Cell+1"],"picked":"SKIP","floor":40},{"not_picked":["Barrage"],"picked":"SKIP","floor":41},{"not_picked":["Stack"],"picked":"SKIP","floor":44},{"not_picked":[],"picked":"Static Discharge+1","floor":48}],"player_experience":271504,"relics_obtained":[{"floor":9.0,"key":"Regal Pillow"},{"floor":10.0,"key":"Lantern"},{"floor":14.0,"key":"Bag of Marbles"},{"floor":25.0,"key":"Juzu Bracelet"},{"floor":26.0,"key":"StoneCalendar"},{"floor":27.0,"key":"Centennial Puzzle"},{"floor":29.0,"key":"Happy Flower"},{"floor":30.0,"key":"War Paint"},{"floor":40,"key":"Sundial"},{"floor":43,"key":"Art of War"},{"floor":48,"key":"Incense Burner"}],"event_choices":[{"damage_healed":0.0,"max_hp_gain":0.0,"max_hp_loss":0.0,"gold_gain":0.0,"event_name":"Golden Idol","player_choice":"Take Damage","floor":2.0,"gold_loss":0.0,"damage_taken":18.0,"relics_obtained":["Golden Idol"]},{"cards_removed":["Strike_B"],"damage_healed":0.0,"max_hp_gain":0.0,"max_hp_loss":0.0,"gold_gain":0.0,"event_name":"Golden Wing","player_choice":"Card Removal","floor":11.0,"gold_loss":0.0,"damage_taken":7.0},{"cards_removed":["Strike_B"],"damage_healed":0.0,"max_hp_gain":0.0,"max_hp_loss":0.0,"gold_gain":0.0,"event_name":"Beggar","player_choice":"Gave Gold","floor":19.0,"gold_loss":75.0,"damage_taken":0.0},{"damage_healed":0.0,"max_hp_gain":0.0,"max_hp_loss":0.0,"gold_gain":90.0,"event_name":"Knowing Skull","player_choice":"GOLD CARD ","floor":20.0,"potions_obtained":[],"gold_loss":0.0,"damage_taken":21.0,"cards_obtained":["Flash of Steel"]},{"damage_healed":0.0,"max_hp_gain":0.0,"max_hp_loss":0.0,"gold_gain":90.0,"event_name":"Knowing Skull","player_choice":"GOLD CARD ","floor":20.0,"potions_obtained":[],"gold_loss":0.0,"damage_taken":21.0,"cards_obtained":["Flash of Steel"]},{"damage_healed":0.0,"max_hp_gain":0.0,"max_hp_loss":0.0,"gold_gain":90.0,"event_name":"Knowing Skull","player_choice":"GOLD CARD ","floor":20.0,"potions_obtained":[],"gold_loss":0.0,"damage_taken":21.0,"cards_obtained":["Flash of Steel"]},{"damage_healed":0.0,"max_hp_gain":0.0,"max_hp_loss":0.0,"gold_gain":999.0,"event_name":"MindBloom","player_choice":"Gold","floor":36.0,"gold_loss":0.0,"damage_taken":0.0,"cards_obtained":["Normality","Normality"]},{"damage_healed":0.0,"max_hp_gain":0.0,"max_hp_loss":0.0,"gold_gain":0.0,"event_name":"SensoryStone","player_choice":"Memory 1","floor":37.0,"gold_loss":0.0,"damage_taken":0.0},{"damage_healed":19.0,"max_hp_gain":0.0,"max_hp_loss":0.0,"gold_gain":0.0,"event_name":"Winding Halls","player_choice":"Writhe","floor":38.0,"gold_loss":0.0,"damage_taken":0.0,"cards_obtained":["Writhe"]},{"damage_healed":0,"gold_gain":0,"player_choice":"Fight","damage_taken":0,"max_hp_gain":0,"max_hp_loss":0,"event_name":"Mysterious Sphere","floor":48,"gold_loss":0}],"is_beta":false,"boss_relics":[{"not_picked":["Black Star","Velvet Choker"],"picked":"Snecko Eye"},{"not_picked":["Lizard Tail","Sozu"],"picked":"Busted Crown"}],"items_purged_floors":[22,28,39,45,47],"is_endless":false,"potions_floor_spawned":[3,5,14,16,18,24,25,40,41,48],"ascension_level":0}