{"gold_per_floor":[215,225,244,17,28,28,54,54,54,73,84,184,184,5,5,107,107,107,107,32,32,32,32,32,32,32,32,32,32,32,32,32,32,32,32,32,32,32,0,0,0,0,0,0,0,0,0,0,0,0],"floor_reached":51,"playtime":3279,"items_purged":["Strike_R","Strike_R"],"score":857,"play_id":"82c6d07e-98b6-423b-b906-43e7c83dea0c","local_time":"20190419235749","is_ascension_mode":true,"campfire_choices":[{"data":"Bash","floor":6,"key":"SMITH"},{"data":"Anger","floor":8,"key":"SMITH"},{"data":"Combust","floor":13,"key":"SMITH"},{"floor":15,"key":"REST"},{"data":"Barricade","floor":23,"key":"SMITH"},{"data":"Entrench","floor":25,"key":"SMITH"},{"floor":32,"key":"REST"},{"floor":40,"key":"REST"},{"data":"Pommel Strike","floor":42,"key":"SMITH"},{"floor":44,"key":"REST"},{"data":"Warcry","floor":49,"key":"SMITH"}],"neow_cost":"NONE","seed_source_timestamp":90505384607785,"circlet_count":0,"master_deck":["Strike_R+1","Strike_R+1","Strike_R+1","Defend_R+1","Defend_R+1","Defend_R+1","Defend_R+1","Bash+1","Anger+1","Spot Weakness","Barricade+1","Disarm+1","Combust+1","Shrug It Off","Entrench+1","Uppercut","Impervious","Pommel Strike+1","Havoc+1","Metallicize","Power Through","Thunderclap","Metallicize+1","Demon Form","True Grit+1","Entrench","Havoc+1","Immolate","Metallicize+1","Pain","Shockwave+1","Warcry+1"],"relics":["Burning Blood","Champion Belt","Ginger","Ectoplasm","The Courier","Kunai","FossilizedHelix","Sozu","Gambling Chip","Red Mask","MawBank","WarpedTongs","Bird Faced Urn"],"potions_floor_usage":[7,7,16,16,33,50],"damage_taken":[{"damage":6,"enemies":"Jaw Worm","floor":1,"turns":6},{"damage":1,"enemies":"Cultist","floor":2,"turns":3},{"damage":0,"enemies":"2 Louse","floor":3,"turns":3},{"damage":15,"enemies":"Looter","floor":5,"turns":3},{"damage":25,"enemies":"Lagavulin","floor":7,"turns":7},{"damage":16,"enemies":"Exordium Thugs","floor":10,"turns":5},{"damage":8,"enemies":"Red Slaver","floor":11,"turns":3},{"damage":17,"enemies":"Slime Boss","floor":16,"turns":9},{"damage":11,"enemies":"Chosen","floor":18,"turns":6},{"damage":3,"enemies":"Shell Parasite","floor":19,"turns":4},{"damage":29,"enemies":"Gremlin Leader","floor":27,"turns":9},{"damage":4,"enemies":"Shelled Parasite and Fungi","floor":29,"turns":6},{"damage":11,"enemies":"Slavers","floor":30,"turns":6},{"damage":6,"enemies":"Cultist and Chosen","floor":31,"turns":9},{"damage":9,"enemies":"Collector","floor":33,"turns":19},{"damage":14,"enemies":"3 Shapes","floor":35,"turns":5},{"damage":64,"enemies":"2 Orb Walkers","floor":36,"turns":8},{"damage":4,"enemies":"Orb Walker","floor":37,"turns":5},{"damage":19,"enemies":"3 Darklings","floor":38,"turns":8},{"damage":0,"enemies":"Spire Growth","floor":41,"turns":7},{"damage":2,"enemies":"Sphere and 2 Shapes","floor":46,"turns":6},{"damage":10,"enemies":"Giant Head","floor":47,"turns":10},{"damage":4,"enemies":"Jaw Worm Horde","floor":48,"turns":7},{"damage":15,"enemies":"Awakened One","floor":50,"turns":15}],"seed_played":"1950433980503894264","potions_obtained":[{"floor":2,"key":"EssenceOfSteel"},{"floor":3,"key":"Dexterity Potion"},{"floor":5,"key":"Poison Potion"},{"floor":11,"key":"Strength Potion"},{"floor":19,"key":"SteroidPotion"},{"floor":29,"key":"SteroidPotion"},{"floor":33,"key":"Dexterity Potion"}],"is_trial":false,"path_per_floor":["M","M","M","$","M","R","E","R","T","M","M","?","R","$","R","B",null,"M","M","$","?","?","R","$","R","T","E","?","M","E","M","R","B",null,"M","?","M","M","?","R","M","R","T","R","?","M","E","M","R","B",null],"character_chosen":"IRONCLAD","items_purchased":["Barricade","Uppercut","Metallicize"],"campfire_rested":4,"item_purchase_floors":[4,14,20],"current_hp_per_floor":[80,80,80,80,71,71,52,52,52,42,40,40,40,40,64,53,80,75,78,78,63,63,63,63,63,63,40,40,42,37,37,62,59,85,77,19,21,8,8,33,39,39,39,64,64,68,64,74,74,75],"gold":0,"neow_bonus":"HUNDRED_GOLD","is_prod":false,"is_daily":false,"chose_seed":false,"campfire_upgraded":7,"win_rate":0,"timestamp":1555711069,"path_taken":["M","M","M","$","M","R","E","R","T","M","M","?","R","?","R","BOSS","M","M","$","?","?","R","$","R","T","E","?","?","E","M","R","BOSS","M","?","M","M","?","R","M","R","T","R","?","M","E","M","R","BOSS"],"build_version":"2019-04-04","purchased_purges":2,"victory":true,"max_hp_per_floor":[80,80,80,80,80,80,80,80,80,80,80,80,80,80,80,80,80,80,80,80,85,85,85,85,85,85,85,85,85,85,85,85,85,85,85,85,85,85,85,85,85,85,85,85,85,85,85,85,85,85],"card_choices":[{"not_picked":["Iron Wave","Shockwave"],"picked":"Anger","floor":1},{"not_picked":["Wild Strike","Warcry"],"picked":"Spot Weakness","floor":2},{"not_picked":["Heavy Blade","Anger","Wild Strike"],"picked":"SKIP","floor":3},{"not_picked":["Exhume","Iron Wave"],"picked":"Disarm","floor":5},{"not_picked":["Wild Strike","Headbutt"],"picked":"Combust","floor":7},{"not_picked":["True Grit","Flex"],"picked":"Shrug It Off","floor":10},{"not_picked":["Hemokinesis","Clothesline"],"picked":"Entrench","floor":11},{"not_picked":["Fiend Fire","Feed"],"picked":"Impervious","floor":16},{"not_picked":["Cleave","Dual Wield+1"],"picked":"Pommel Strike","floor":18},{"not_picked":["Anger+1","Blood for Blood+1"],"picked":"Havoc+1","floor":19},{"not_picked":["Combust","Seeing Red"],"picked":"Power Through","floor":27},{"not_picked":["Dual Wield","Wild Strike","Sword Boomerang"],"picked":"SKIP","floor":29},{"not_picked":["Sentinel","Carnage"],"picked":"Thunderclap","floor":30},{"not_picked":["Demon Form","Armaments+1"],"picked":"Metallicize+1","floor":31},{"not_picked":["Double Tap","Barricade"],"picked":"Demon Form","floor":33},{"not_picked":["Carnage","Twin Strike+1"],"picked":"True Grit+1","floor":35},{"not_picked":["Anger+1","Perfected Strike+1"],"picked":"Entrench","floor":36},{"not_picked":["Anger","Sword Boomerang+1"],"picked":"Havoc+1","floor":37},{"not_picked":["Sentinel","Clash"],"picked":"Immolate","floor":38},{"not_picked":["Pommel Strike","Sword Boomerang"],"picked":"Metallicize+1","floor":41},{"not_picked":["Anger","Wild Strike+1","Combust+1"],"picked":"SKIP","floor":46},{"not_picked":["Perfected Strike+1","Fire Breathing+1"],"picked":"Shockwave+1","floor":47},{"not_picked":["Flex+1","Reckless Charge+1"],"picked":"Warcry","floor":48}],"player_experience":468735,"relics_obtained":[{"floor":7,"key":"Champion Belt"},{"floor":9,"key":"Ginger"},{"floor":26,"key":"The Courier"},{"floor":27,"key":"Kunai"},{"floor":30,"key":"FossilizedHelix"},{"floor":36,"key":"Gambling Chip"},{"floor":43,"key":"MawBank"},{"floor":47,"key":"Bird Faced Urn"}],"event_choices":[{"damage_healed":0,"gold_gain":100,"player_choice":"Gold","damage_taken":0,"max_hp_gain":0,"max_hp_loss":0,"event_name":"Wheel of Change","floor":12,"gold_loss":0},{"damage_healed":0,"gold_gain":0,"player_choice":"Shed Blood","damage_taken":20,"max_hp_gain":5,"max_hp_loss":0,"event_name":"Forgotten Altar","floor":21,"gold_loss":0},{"damage_healed":0,"gold_gain":0,"player_choice":"Simplicity","damage_taken":0,"max_hp_gain":0,"max_hp_loss":0,"event_name":"Back to Basics","floor":22,"gold_loss":0,"cards_upgraded":["Strike_R","Strike_R","Strike_R","Defend_R","Defend_R","Defend_R","Defend_R"]},{"damage_healed":0,"gold_gain":0,"player_choice":"Upgraded","damage_taken":0,"max_hp_gain":0,"max_hp_loss":0,"event_name":"Upgrade Shrine","floor":28,"gold_loss":0,"cards_upgraded":["Disarm"]},{"damage_healed":0,"gold_gain":0,"player_choice":"Fight","damage_taken":0,"max_hp_gain":0,"max_hp_loss":0,"event_name":"Mysterious Sphere","floor":36,"gold_loss":0},{"damage_healed":0,"gold_gain":0,"player_choice":"Paid","damage_taken":0,"relics_obtained":["Red Mask"],"max_hp_gain":0,"max_hp_loss":0,"event_name":"Tomb of Lord Red Mask","floor":39,"gold_loss":32},{"damage_healed":0,"gold_gain":0,"player_choice":"Rummage","damage_taken":0,"relics_obtained":["WarpedTongs"],"max_hp_gain":0,"max_hp_loss":0,"event_name":"Accursed Blacksmith","floor":45,"gold_loss":0,"cards_obtained":["Pain"]}],"is_beta":true,"boss_relics":[{"not_picked":["Coffee Dripper","Orrery"],"picked":"Ectoplasm"},{"not_picked":["Velvet Choker","Runic Cube"],"picked":"Sozu"}],"items_purged_floors":[4,14],"is_endless":false,"potions_floor_spawned":[2,3,5,11,19,29,33,35,38,41,48],"ascension_level":1}