{"gold_per_floor":[118,138,138,151,326,369,369,369],"floor_reached":8,"playtime":914,"items_purged":[],"score":78,"play_id":"2edc1b4b-4e50-49ec-ada3-7c10a2bf0a66","local_time":"20181128155148","is_ascension_mode":true,"campfire_choices":[{"floor":7,"key":"REST"}],"neow_cost":"TEN_PERCENT_HP_LOSS","seed_source_timestamp":0,"circlet_count":0,"master_deck":["Defend_G","Defend_G","Defend_G","Defend_G","Defend_G","Strike_G","Strike_G","Strike_G","Strike_G","Strike_G","Survivor","Neutralize","Reflex","Flechettes","Malaise","Doubt","Deflect"],"special_seed":0,"relics":["Ring of the Snake","Golden Idol","Matryoshka"],"potions_floor_usage":[6],"damage_taken":[{"damage":0.0,"enemies":"Small Slimes","floor":1.0,"turns":5.0},{"damage":0.0,"enemies":"Cultist","floor":2.0,"turns":4.0},{"damage":0.0,"enemies":"2 Louse","floor":4.0,"turns":2.0},{"damage":45,"enemies":"3 Sentries","floor":6,"turns":18},{"damage":33,"enemies":"Gremlin Nob","floor":8,"turns":4}],"seed_played":"1331270895071948716","potions_obtained":[{"floor":4.0,"key":"Dexterity Potion"}],"is_trial":false,"path_per_floor":["M","M","?","M","?","E","R","E"],"character_chosen":"THE_SILENT","items_purchased":[],"campfire_rested":1,"item_purchase_floors":[],"current_hp_per_floor":[63,63,48,48,48,3,21,0],"gold":369,"neow_bonus":"THREE_RARE_CARDS","is_prod":false,"is_daily":false,"chose_seed":false,"campfire_upgraded":0,"win_rate":0,"timestamp":1543438308,"path_taken":["M","M","?","M","?","E","R","E"],"build_version":"2018-11-15","purchased_purges":0,"victory":false,"max_hp_per_floor":[63,63,63,63,63,63,63,63],"card_choices":[{"not_picked":["Malaise","Phantasmal Killer"],"picked":"Storm of Steel","floor":0.0},{"not_picked":["Slice","Blade Dance"],"picked":"Reflex","floor":1.0},{"not_picked":["PiercingWail","Bane"],"picked":"Flechettes","floor":2.0},{"not_picked":["Dagger Throw","Bane"],"picked":"Malaise","floor":4.0},{"not_picked":["Poisoned Stab","Prepared"],"picked":"Deflect","floor":6}],"player_experience":150999,"relics_obtained":[{"floor":6,"key":"Matryoshka"}],"event_choices":[{"damage_healed":0.0,"max_hp_gain":0.0,"max_hp_loss":0.0,"gold_gain":0.0,"event_name":"Golden Idol","player_choice":"Take Damage","floor":3.0,"gold_loss":0.0,"damage_taken":15.0,"relics_obtained":["Golden Idol"]},{"damage_healed":0.0,"max_hp_gain":0.0,"max_hp_loss":0.0,"gold_gain":175.0,"event_name":"Liars Game","player_choice":"AGREE","floor":5.0,"gold_loss":0.0,"damage_taken":0.0,"cards_obtained":["Doubt"]}],"is_beta":false,"boss_relics":[],"items_purged_floors":[],"is_endless":false,"potions_floor_spawned":[4],"killed_by":"Gremlin Nob","ascension_level":8}