{"gold_per_floor":[118,118,136,148,148,148,160,10,90,110,145,145,161,55,55,132,132,151,76,76,89,89],"floor_reached":22,"playtime":2042,"items_purged":[],"score":397,"play_id":"0be40b21-c803-4a88-bec3-e5ef5c681d57","local_time":"20190815005629","is_ascension_mode":true,"campfire_choices":[{"data":"Neutralize","floor":6.0,"key":"SMITH"},{"data":"Cloak And Dagger","floor":12,"key":"SMITH"},{"data":"Well Laid Plans","floor":15,"key":"SMITH"}],"neow_cost":"NONE","seed_source_timestamp":4491812900475899,"circlet_count":0,"master_deck":["AscendersBane","Defend_G","Defend_G","Defend_G","Defend_G","Defend_G","Survivor","Neutralize+1","Flying Knee","Sucker Punch","PiercingWail","Prepared","Footwork","Cloak And Dagger+1","Blade Dance","Underhanded Strike","Well Laid Plans+1","Underhanded Strike","Trip","Malaise","Cloak And Dagger","Bite","Bite","Bite","Bite","Bite","Cloak And Dagger"],"special_seed":0,"relics":["Ring of the Snake","NeowsBlessing","Ornamental Fan","Juzu Bracelet","HoveringKite"],"potions_floor_usage":[7,7,16],"damage_taken":[{"damage":0.0,"enemies":"2 Louse","floor":1.0,"turns":1.0},{"damage":0.0,"enemies":"Cultist","floor":3.0,"turns":1.0},{"damage":0.0,"enemies":"Small Slimes","floor":4.0,"turns":1.0},{"damage":4,"enemies":"Exordium Thugs","floor":7,"turns":6},{"damage":0,"enemies":"Blue Slaver","floor":10,"turns":5},{"damage":16,"enemies":"3 Sentries","floor":11,"turns":12},{"damage":0,"enemies":"Exordium Wildlife","floor":13,"turns":4},{"damage":16,"enemies":"The Guardian","floor":16,"turns":16},{"damage":17,"enemies":"3 Byrds","floor":18,"turns":10},{"damage":37,"enemies":"Spheric Guardian","floor":21,"turns":8},{"damage":19,"enemies":"Centurion and Healer","floor":22,"turns":4}],"seed_played":"-4117160649474522469","potions_obtained":[{"floor":1.0,"key":"EssenceOfSteel"},{"floor":4.0,"key":"EssenceOfSteel"},{"floor":11,"key":"GhostInAJar"},{"floor":18,"key":"Ancient Potion"}],"is_trial":false,"path_per_floor":["M","?","M","M","?","R","M","$","T","M","E","R","M","$","R","B",null,"M","?","?","M","M"],"character_chosen":"THE_SILENT","items_purchased":["Footwork","Cloak And Dagger","Blade Dance","Trip"],"campfire_rested":0,"item_purchase_floors":[8,8,8,14],"current_hp_per_floor":[59,59,59,59,50,50,46,46,46,46,30,30,30,30,30,14,53,36,36,36,13,0],"gold":89,"neow_bonus":"THREE_ENEMY_KILL","is_prod":false,"is_daily":false,"chose_seed":false,"campfire_upgraded":3,"win_rate":0,"timestamp":1565855789,"path_taken":["M","?","?","M","?","R","M","?","T","M","E","R","M","$","R","BOSS","M","?","?","M","M"],"build_version":"2019-07-18","purchased_purges":0,"victory":false,"max_hp_per_floor":[66,66,66,66,66,66,66,66,66,66,66,66,66,66,66,66,66,66,66,46,46,46],"card_choices":[{"not_picked":["Infinite Blades","Prepared"],"picked":"Flying Knee","floor":1.0},{"not_picked":["Cloak And Dagger","PiercingWail"],"picked":"Sucker Punch","floor":3.0},{"not_picked":["Outmaneuver","Bane"],"picked":"PiercingWail","floor":4.0},{"not_picked":["Bane","Outmaneuver"],"picked":"Prepared","floor":7},{"not_picked":["Bane","Quick Slash"],"picked":"Underhanded Strike","floor":10},{"not_picked":["Dash","Dodge and Roll"],"picked":"Well Laid Plans","floor":11},{"not_picked":["Prepared","Riddle With Holes"],"picked":"Underhanded Strike","floor":13},{"not_picked":["Venomology","Night Terror"],"picked":"Malaise","floor":16},{"not_picked":["All Out Attack","Eviscerate"],"picked":"Cloak And Dagger","floor":18},{"not_picked":["Dodge and Roll","Blur"],"picked":"Cloak And Dagger","floor":21}],"player_experience":3531377,"relics_obtained":[{"floor":9,"key":"Ornamental Fan"},{"floor":11,"key":"Juzu Bracelet"}],"event_choices":[{"cards_removed":["Strike_G"],"damage_healed":0.0,"max_hp_gain":0.0,"max_hp_loss":0.0,"gold_gain":0.0,"event_name":"Bonfire Elementals","player_choice":"Offered Basic","floor":2.0,"gold_loss":0.0,"damage_taken":0.0},{"damage_healed":0.0,"max_hp_gain":0.0,"max_hp_loss":0.0,"gold_gain":0.0,"event_name":"Wheel of Change","player_choice":"Damaged","floor":5.0,"gold_loss":0.0,"damage_taken":9.0},{"cards_removed":["Strike_G"],"damage_healed":0,"gold_gain":0,"player_choice":"Gave Gold","damage_taken":0,"max_hp_gain":0,"max_hp_loss":0,"event_name":"Beggar","floor":19,"gold_loss":75},{"damage_healed":0,"gold_gain":0,"player_choice":"Became a vampire","damage_taken":0,"max_hp_gain":0,"max_hp_loss":20,"event_name":"Vampires","floor":20,"gold_loss":0,"cards_obtained":["Bite","Bite","Bite","Bite","Bite"]}],"is_beta":true,"boss_relics":[{"not_picked":["Runic Dome","Snecko Eye"],"picked":"HoveringKite"}],"items_purged_floors":[],"is_endless":false,"potions_floor_spawned":[1,4,11,18],"killed_by":"Centurion and Healer","ascension_level":20}