{"gold_per_floor":[118,118,136,46,59,59,93,93,93,93,127,154,172,172,172,248,248,248,17,17,17,17,17,17,17,17,17,17,17,17,17,17,17,17,17,17,17,17,17,17],"floor_reached":40,"playtime":1883,"items_purged":["Strike_R"],"score":772,"play_id":"f3df801e-a290-41bb-a269-6cffd8fa4272","local_time":"20190326161955","is_ascension_mode":true,"campfire_choices":[{"data":"Anger","floor":6,"key":"SMITH"},{"data":"Shockwave","floor":8,"key":"SMITH"},{"floor":10,"key":"REST"},{"data":"Disarm","floor":15,"key":"SMITH"},{"data":"Flame Barrier","floor":23,"key":"SMITH"},{"data":"Defend_R","floor":25,"key":"SMITH"},{"data":"Rampage","floor":28,"key":"SMITH"},{"data":"Metallicize","floor":30,"key":"SMITH"},{"floor":32,"key":"REST"}],"neow_cost":"NONE","seed_source_timestamp":215672374299054,"circlet_count":0,"master_deck":["AscendersBane","Strike_R","Defend_R+1","Defend_R","Defend_R","Defend_R","Bash+1","Anger+1","Rampage+1","Shockwave+1","Dropkick","Metallicize+1","Disarm+1","Bludgeon","Flame Barrier+1","Corruption","RitualDagger","Feel No Pain","Rage","Body Slam","Uppercut","Madness","Madness","Good Instincts"],"relics":["Burning Blood","Singing Bowl","Letter Opener","Juzu Bracelet","Odd Mushroom","Ectoplasm","Shuriken","Orrery"],"potions_floor_usage":[1,7,11,16,33,40],"damage_taken":[{"damage":9,"enemies":"2 Louse","floor":1,"turns":4},{"damage":0,"enemies":"Cultist","floor":3,"turns":3},{"damage":12,"enemies":"Jaw Worm","floor":5,"turns":2},{"damage":25,"enemies":"Lagavulin","floor":7,"turns":6},{"damage":3,"enemies":"Gremlin Nob","floor":11,"turns":3},{"damage":15,"enemies":"The Mushroom Lair","floor":12,"turns":4},{"damage":5,"enemies":"2 Fungi Beasts","floor":13,"turns":4},{"damage":15,"enemies":"The Guardian","floor":16,"turns":10},{"damage":0,"enemies":"Chosen","floor":18,"turns":3},{"damage":19,"enemies":"Shell Parasite","floor":24,"turns":4},{"damage":15,"enemies":"Snake Plant","floor":27,"turns":4},{"damage":74,"enemies":"Collector","floor":33,"turns":12},{"damage":46,"enemies":"3 Darklings","floor":35,"turns":11},{"damage":79,"enemies":"Reptomancer","floor":40,"turns":7}],"seed_played":"7481030942805668835","potions_obtained":[{"floor":0,"key":"Fruit Juice"},{"floor":0,"key":"SteroidPotion"},{"floor":5,"key":"Swift Potion"},{"floor":13,"key":"SteroidPotion"},{"floor":16,"key":"Dexterity Potion"},{"floor":35,"key":"Strength Potion"}],"is_trial":false,"path_per_floor":["M","?","M","$","M","R","E","R","T","R","E","?","M","?","R","B",null,"M","$","?","?","?","R","M","R","T","M","R","?","R","?","R","B",null,"M","?","?","?","$","E"],"character_chosen":"IRONCLAD","items_purchased":["Shockwave","Flame Barrier","Corruption"],"campfire_rested":2,"item_purchase_floors":[4,19,19],"current_hp_per_floor":[70,70,76,76,70,70,51,51,51,75,80,71,74,74,74,65,79,86,86,86,86,86,86,75,75,75,68,68,68,68,62,89,23,79,39,22,22,79,79,0],"gold":17,"neow_bonus":"THREE_SMALL_POTIONS","is_prod":false,"is_daily":false,"chose_seed":false,"campfire_upgraded":7,"win_rate":0,"timestamp":1553613595,"path_taken":["M","?","?","$","M","R","E","R","T","R","E","?","M","?","R","BOSS","M","$","?","?","?","R","M","R","T","M","R","?","R","?","R","BOSS","M","?","?","?","?","E"],"build_version":"2019-03-15","purchased_purges":1,"victory":false,"max_hp_per_floor":[80,80,80,80,80,80,80,80,80,80,82,82,84,84,84,84,84,86,86,86,86,86,86,88,88,88,90,90,90,90,90,90,92,96,96,96,96,79,79,79],"card_choices":[{"not_picked":["Wild Strike","Ghostly Armor"],"picked":"Anger","floor":1},{"not_picked":["Perfected Strike","Thunderclap"],"picked":"Rampage","floor":3},{"not_picked":["Entrench","Cleave"],"picked":"Dropkick","floor":5},{"not_picked":["Flex","Perfected Strike"],"picked":"Metallicize","floor":7},{"not_picked":["Havoc","Clothesline","Burning Pact"],"picked":"Singing Bowl","floor":11},{"not_picked":["Clash","Ghostly Armor"],"picked":"Disarm","floor":12},{"not_picked":["Cleave","Clothesline","Flex"],"picked":"Singing Bowl","floor":13},{"not_picked":["Berserk","Double Tap"],"picked":"Bludgeon","floor":16},{"not_picked":["Fire Breathing","Havoc","Warcry"],"picked":"Singing Bowl","floor":18},{"not_picked":["Carnage","Wild Strike","Iron Wave"],"picked":"Singing Bowl","floor":24},{"not_picked":["Thunderclap","Cleave","Twin Strike"],"picked":"Singing Bowl","floor":27},{"not_picked":["Brutality","Berserk","Double Tap"],"picked":"Singing Bowl","floor":33},{"not_picked":["Warcry+1","Clothesline"],"picked":"Feel No Pain","floor":34},{"not_picked":["Sword Boomerang","Rampage","Hemokinesis"],"picked":"Singing Bowl","floor":34},{"not_picked":["Rupture","Twin Strike"],"picked":"Rage","floor":34},{"not_picked":["Carnage","Warcry"],"picked":"Body Slam","floor":34},{"not_picked":["Burning Pact","Warcry","Searing Blow"],"picked":"Singing Bowl","floor":34},{"not_picked":["Anger","Warcry"],"picked":"Uppercut","floor":35},{"not_picked":["Trip","Deep Breath"],"picked":"Good Instincts","floor":37}],"player_experience":382095,"relics_obtained":[{"floor":7,"key":"Singing Bowl"},{"floor":9,"key":"Letter Opener"},{"floor":11,"key":"Juzu Bracelet"},{"floor":12,"key":"Odd Mushroom"},{"floor":26,"key":"Shuriken"}],"event_choices":[{"damage_healed":0,"gold_gain":0,"player_choice":"Upgraded","damage_taken":0,"max_hp_gain":0,"max_hp_loss":0,"event_name":"Upgrade Shrine","floor":2,"gold_loss":0,"cards_upgraded":["Bash"]},{"damage_healed":0,"gold_gain":0,"player_choice":"Fought Mushrooms","damage_taken":0,"max_hp_gain":0,"max_hp_loss":0,"event_name":"Mushrooms","floor":12,"gold_loss":0},{"cards_removed":["Strike_R"],"damage_healed":0,"gold_gain":0,"player_choice":"Card Removal","damage_taken":0,"max_hp_gain":0,"max_hp_loss":0,"event_name":"Wheel of Change","floor":14,"gold_loss":0},{"damage_healed":0,"gold_gain":0,"player_choice":"Cursed","damage_taken":0,"max_hp_gain":0,"max_hp_loss":0,"event_name":"Wheel of Change","floor":20,"gold_loss":0,"cards_obtained":["Decay"]},{"cards_removed":["Decay"],"damage_healed":0,"gold_gain":0,"player_choice":"Elegance","damage_taken":0,"max_hp_gain":0,"max_hp_loss":0,"event_name":"Back to Basics","floor":21,"gold_loss":0},{"cards_removed":["Strike_R"],"damage_healed":0,"gold_gain":0,"player_choice":"Offered Basic","damage_taken":0,"max_hp_gain":0,"max_hp_loss":0,"event_name":"Bonfire Elementals","floor":22,"gold_loss":0},{"cards_removed":["Strike_R"],"damage_healed":0,"gold_gain":0,"player_choice":"Purged","damage_taken":0,"max_hp_gain":0,"max_hp_loss":0,"event_name":"Purifier","floor":29,"gold_loss":0},{"damage_healed":0,"gold_gain":0,"player_choice":"Joined the Cult","damage_taken":6,"max_hp_gain":0,"max_hp_loss":0,"event_name":"Nest","floor":31,"gold_loss":0,"cards_obtained":["RitualDagger"]},{"damage_healed":0,"gold_gain":0,"player_choice":"Embrace Madness","damage_taken":17,"max_hp_gain":0,"max_hp_loss":0,"event_name":"Winding Halls","floor":36,"gold_loss":0,"cards_obtained":["Madness","Madness"]},{"damage_healed":0,"gold_gain":0,"player_choice":"Memory 1","damage_taken":0,"max_hp_gain":0,"max_hp_loss":0,"event_name":"SensoryStone","floor":37,"gold_loss":0},{"damage_healed":79,"gold_gain":0,"player_choice":"Heal","damage_taken":0,"max_hp_gain":0,"max_hp_loss":17,"event_name":"The Moai Head","floor":38,"gold_loss":0}],"is_beta":true,"boss_relics":[{"not_picked":["Black Blood","Empty Cage"],"picked":"Ectoplasm"},{"not_picked":["White Beast Statue","Lizard Tail"],"picked":"Orrery"}],"items_purged_floors":[19],"is_endless":false,"potions_floor_spawned":[5,13,16,35],"killed_by":"Reptomancer","ascension_level":20}