{"gold_per_floor":[118,128,53,128,128,157,157,172,172,183,217,217,227,227,227,299,299,316,316,15,15,32,32,32,32,32,47,47,62,62,17,17,92,92,103,103,123,423,440,466,97,97,124,124,140,173,189,207,207,207],"floor_reached":51,"playtime":3528,"items_purged":["Strike_G"],"score":1529,"play_id":"6967d3c3-6258-4c19-a910-3d5add4be1f3","local_time":"20190512022656","is_ascension_mode":true,"campfire_choices":[{"data":"Bouncing Flask","floor":7.0,"key":"SMITH"},{"data":"Footwork","floor":12.0,"key":"SMITH"},{"data":"Catalyst","floor":15.0,"key":"SMITH"},{"data":"Die Die Die","floor":23.0,"key":"SMITH"},{"data":"Well Laid Plans","floor":30.0,"key":"SMITH"},{"data":"Dash","floor":32.0,"key":"SMITH"},{"data":"Wraith Form v2","floor":42.0,"key":"SMITH"},{"data":"PiercingWail","floor":44.0,"key":"SMITH"},{"floor":49,"key":"REST"}],"neow_cost":"NONE","seed_source_timestamp":289758649964988,"circlet_count":0,"master_deck":["AscendersBane","Defend_G+1","Defend_G+1","Defend_G+1","Defend_G+1","Defend_G+1","Strike_G+1","Strike_G+1","Survivor","Neutralize+1","Dagger Spray","Choke","Bouncing Flask+1","PiercingWail+1","Footwork+1","Catalyst+1","Dash+1","Adrenaline+1","Die Die Die+1","Cloak And Dagger","Backflip","Deadly Poison+1","Necronomicurse","Well Laid Plans+1","Bandage Up+1","Crippling Poison+1","Ghostly","Ghostly","Ghostly","Backstab","Leg Sweep","Wraith Form v2+1","Flechettes+1","Prepared+1","Die Die Die","Apotheosis","PiercingWail+1","Noxious Fumes+1"],"special_seed":0,"relics":["Ring of the Snake","NeowsBlessing","Meat on the Bone","Darkstone Periapt","Vajra","Dodecahedron","Orrery","Necronomicon","Pen Nib","Sozu","Boot","Bag of Preparation","Regal Pillow","War Paint"],"potions_floor_usage":[],"damage_taken":[{"damage":0.0,"enemies":"Cultist","floor":1.0,"turns":1.0},{"damage":0.0,"enemies":"2 Louse","floor":2.0,"turns":1.0},{"damage":0.0,"enemies":"3 Sentries","floor":6.0,"turns":1.0},{"damage":1.0,"enemies":"Jaw Worm","floor":8.0,"turns":3.0},{"damage":3.0,"enemies":"Exordium Thugs","floor":10.0,"turns":4.0},{"damage":17.0,"enemies":"Lagavulin","floor":11.0,"turns":5.0},{"damage":2.0,"enemies":"2 Fungi Beasts","floor":13.0,"turns":2.0},{"damage":7.0,"enemies":"Hexaghost","floor":16.0,"turns":6.0},{"damage":11.0,"enemies":"Spheric Guardian","floor":18.0,"turns":3.0},{"damage":1.0,"enemies":"Shell Parasite","floor":22.0,"turns":2.0},{"damage":8.0,"enemies":"Chosen and Byrds","floor":27.0,"turns":6.0},{"damage":0.0,"enemies":"3 Cultists","floor":29.0,"turns":5.0},{"damage":32.0,"enemies":"Collector","floor":33.0,"turns":10.0},{"damage":0.0,"enemies":"3 Darklings","floor":35.0,"turns":2.0},{"damage":0.0,"enemies":"Orb Walker","floor":37.0,"turns":4.0},{"damage":0.0,"enemies":"Transient","floor":39.0,"turns":6.0},{"damage":0.0,"enemies":"Reptomancer","floor":40.0,"turns":5.0},{"damage":0.0,"enemies":"Spire Growth","floor":45.0,"turns":6.0},{"damage":0,"enemies":"Nemesis","floor":46,"turns":5},{"damage":19,"enemies":"Writhing Mass","floor":47,"turns":6},{"damage":11,"enemies":"Sphere and 2 Shapes","floor":48,"turns":7},{"damage":41,"enemies":"Awakened One","floor":50,"turns":13}],"seed_played":"5903936306398348536","potions_obtained":[{"floor":2.0,"key":"AttackPotion"},{"floor":10.0,"key":"Explosive Potion"},{"floor":29.0,"key":"Ancient Potion"},{"floor":33.0,"key":"AttackPotion"}],"is_trial":false,"path_per_floor":["M","M","?","?","?","E","R","M","T","M","E","R","M","T","R","B",null,"M","?","$","?","M","R","?","?","T","M","?","M","R","$","R","B",null,"M","?","M","?","M","E","$","R","T","R","M","E","M","M","R","B",null],"character_chosen":"THE_SILENT","items_purchased":["Well Laid Plans","Bandage Up","SkillPotion","Leg Sweep","Apotheosis","Bag of Preparation"],"campfire_rested":1,"item_purchase_floors":[20,20,20,31,41,41],"current_hp_per_floor":[59,59,59,48,48,48,48,47,47,44,39,39,37,37,37,42,60,49,34,34,34,37,37,37,37,37,45,36,36,36,36,36,20,32,32,32,36,36,36,36,36,36,36,36,36,36,23,30,36,13],"gold":207,"neow_bonus":"THREE_ENEMY_KILL","is_prod":false,"is_daily":false,"chose_seed":false,"campfire_upgraded":8,"win_rate":0,"timestamp":1557620816,"path_taken":["M","?","?","?","?","E","R","?","T","M","E","R","M","?","R","BOSS","M","?","?","?","?","R","?","?","T","?","?","M","R","$","R","BOSS","M","?","M","?","M","E","$","R","T","R","M","E","?","M","R","BOSS"],"build_version":"2019-05-07","purchased_purges":1,"victory":true,"max_hp_per_floor":[66,66,66,66,66,66,66,66,66,66,66,66,66,66,66,66,66,66,72,72,72,72,72,72,72,72,72,36,36,36,36,36,36,36,36,36,36,36,36,36,36,36,36,36,36,36,36,36,36,36],"card_choices":[{"not_picked":["Dodge and Roll","Flying Knee"],"picked":"Dagger Spray","floor":1.0},{"not_picked":["Sucker Punch","Outmaneuver"],"picked":"Choke","floor":2.0},{"not_picked":["Quick Slash","Dodge and Roll"],"picked":"Bouncing Flask","floor":6.0},{"not_picked":["Masterful Stab","Flying Knee"],"picked":"PiercingWail","floor":8.0},{"not_picked":["Acrobatics","Distraction"],"picked":"Footwork","floor":10.0},{"not_picked":["Blur","Unload"],"picked":"Catalyst","floor":11.0},{"not_picked":["Underhanded Strike","Deflect"],"picked":"Dash","floor":13.0},{"not_picked":["Phantasmal Killer","Unload"],"picked":"Adrenaline","floor":16.0},{"not_picked":["Backstab","Leg Sweep"],"picked":"Die Die Die","floor":17.0},{"not_picked":["Riddle With Holes","Prepared"],"picked":"Cloak And Dagger","floor":17.0},{"not_picked":["Dagger Throw","Predator"],"picked":"Backflip","floor":17.0},{"not_picked":["Prepared","Deflect"],"picked":"Deadly Poison+1","floor":18.0},{"not_picked":["Dagger Throw","Eviscerate","Prepared"],"picked":"SKIP","floor":22.0},{"not_picked":["Masterful Stab","Outmaneuver"],"picked":"Crippling Poison","floor":27.0},{"not_picked":["Distraction","Outmaneuver+1"],"picked":"Backstab","floor":29.0},{"not_picked":["After Image","Grand Finale"],"picked":"Wraith Form v2","floor":33.0},{"not_picked":["Deflect","Underhanded Strike","Distraction"],"picked":"SKIP","floor":35.0},{"not_picked":["Leg Sweep+1","Tactician+1"],"picked":"Flechettes+1","floor":37.0},{"not_picked":["Flying Knee+1","Blade Dance+1"],"picked":"Prepared+1","floor":39.0},{"not_picked":["Deflect","Prepared"],"picked":"Die Die Die","floor":40.0},{"not_picked":["Expertise","Setup"],"picked":"PiercingWail+1","floor":45.0},{"not_picked":["Leg Sweep+1","Concentrate+1","Deadly Poison"],"picked":"SKIP","floor":46},{"not_picked":["Expertise","PiercingWail","Deadly Poison"],"picked":"SKIP","floor":47},{"not_picked":["Sucker Punch","Adrenaline"],"picked":"Noxious Fumes+1","floor":48}],"player_experience":573465,"relics_obtained":[{"floor":6.0,"key":"Meat on the Bone"},{"floor":9.0,"key":"Darkstone Periapt"},{"floor":11.0,"key":"Vajra"},{"floor":14.0,"key":"Dodecahedron"},{"floor":19.0,"key":"Necronomicon"},{"floor":26.0,"key":"Pen Nib"},{"floor":40.0,"key":"Boot"},{"floor":43.0,"key":"Regal Pillow"},{"floor":46,"key":"War Paint"}],"event_choices":[{"cards_removed":["Strike_G"],"damage_healed":0.0,"max_hp_gain":0.0,"max_hp_loss":0.0,"gold_gain":0.0,"event_name":"The Cleric","player_choice":"Card Removal","floor":3.0,"gold_loss":75.0,"damage_taken":0.0},{"damage_healed":0.0,"max_hp_gain":0.0,"max_hp_loss":0.0,"gold_gain":75.0,"event_name":"World of Goop","player_choice":"Gather Gold","floor":4.0,"gold_loss":0.0,"damage_taken":11.0},{"damage_healed":0.0,"max_hp_gain":0.0,"max_hp_loss":0.0,"gold_gain":0.0,"event_name":"Upgrade Shrine","player_choice":"Upgraded","floor":5.0,"gold_loss":0.0,"damage_taken":0.0,"cards_upgraded":["Neutralize"]},{"damage_healed":0.0,"max_hp_gain":0.0,"max_hp_loss":0.0,"gold_gain":0.0,"event_name":"Cursed Tome","player_choice":"Obtained Book","floor":19.0,"gold_loss":0.0,"damage_taken":21.0},{"cards_removed":["Strike_G"],"damage_healed":0.0,"max_hp_gain":0.0,"max_hp_loss":0.0,"gold_gain":0.0,"event_name":"Wheel of Change","player_choice":"Card Removal","floor":21.0,"gold_loss":0.0,"damage_taken":0.0},{"damage_healed":0.0,"max_hp_gain":0.0,"max_hp_loss":0.0,"gold_gain":0.0,"event_name":"Back to Basics","player_choice":"Simplicity","floor":24.0,"gold_loss":0.0,"damage_taken":0.0,"cards_upgraded":["Defend_G","Defend_G","Defend_G","Defend_G","Defend_G","Strike_G","Strike_G"]},{"damage_healed":0.0,"max_hp_gain":0.0,"max_hp_loss":0.0,"gold_gain":0.0,"event_name":"Upgrade Shrine","player_choice":"Upgraded","floor":25.0,"gold_loss":0.0,"damage_taken":0.0,"cards_upgraded":["Adrenaline"]},{"damage_healed":0.0,"max_hp_gain":0.0,"max_hp_loss":36.0,"gold_gain":0.0,"event_name":"Ghosts","player_choice":"Became a Ghost","floor":28.0,"gold_loss":0.0,"damage_taken":0.0,"cards_obtained":["Ghostly","Ghostly","Ghostly"]},{"damage_healed":0.0,"max_hp_gain":0.0,"max_hp_loss":0.0,"gold_gain":0.0,"event_name":"SensoryStone","player_choice":"Memory 1","floor":36.0,"gold_loss":0.0,"damage_taken":0.0},{"damage_healed":0.0,"max_hp_gain":0.0,"max_hp_loss":0.0,"gold_gain":300.0,"event_name":"Wheel of Change","player_choice":"Gold","floor":38.0,"gold_loss":0.0,"damage_taken":0.0}],"is_beta":true,"boss_relics":[{"not_picked":["Empty Cage","White Beast Statue"],"picked":"Orrery"},{"not_picked":["Coffee Dripper","Lizard Tail"],"picked":"Sozu"}],"items_purged_floors":[20],"is_endless":false,"potions_floor_spawned":[2,10,29,33,37,40,45],"ascension_level":18}