{"gold_per_floor":[118,9,25,39,52,52,85,101,148,174,190,190,215,243,243,342,342,360,376,396,396,416,416,442,442,442,442,459,459,27,40,40,40],"floor_reached":33,"playtime":3140,"items_purged":["Shame"],"score":419,"play_id":"9739aea6-a0a0-40b3-851e-37dc2c46b12b","local_time":"20190525130603","is_ascension_mode":true,"campfire_choices":[{"data":"True Grit","floor":6.0,"key":"SMITH"},{"floor":12.0,"key":"REST"},{"data":"Disarm","floor":15.0,"key":"SMITH"},{"floor":23,"key":"REST"},{"data":"Shockwave","floor":25,"key":"SMITH"},{"floor":27,"key":"REST"},{"data":"Corruption","floor":32,"key":"SMITH"}],"neow_cost":"NONE","seed_source_timestamp":0,"circlet_count":0,"master_deck":["Strike_R","Strike_R","Strike_R","Strike_R","Strike_R","Defend_R+1","Defend_R+1","Defend_R","Defend_R","Bash+1","Shockwave+1","Pommel Strike","True Grit+1","Anger","Impervious","Disarm+1","Clothesline","Offering","Whirlwind+1","Twin Strike","Shrug It Off","Corruption+1"],"special_seed":0,"relics":["Burning Blood","Regal Pillow","Letter Opener","Bronze Scales","War Paint","Odd Mushroom","Singing Bowl","Runic Cube","Oddly Smooth Stone","Ginger","theJungle:SneckoAutograph","Omamori","Chemical X","Ice Cream"],"potions_floor_usage":[24,33],"damage_taken":[{"damage":0.0,"enemies":"Small Slimes","floor":1.0,"turns":3.0},{"damage":4.0,"enemies":"Cultist","floor":3.0,"turns":3.0},{"damage":9.0,"enemies":"2 Louse","floor":4.0,"turns":3.0},{"damage":19.0,"enemies":"Looter","floor":5.0,"turns":4.0},{"damage":34.0,"enemies":"3 Sentries","floor":7.0,"turns":13.0},{"damage":20.0,"enemies":"Lots of Slimes","floor":8.0,"turns":6.0},{"damage":16.0,"enemies":"Lagavulin","floor":10.0,"turns":6.0},{"damage":7.0,"enemies":"Large Slime","floor":11.0,"turns":7.0},{"damage":10.0,"enemies":"The Mushroom Lair","floor":13.0,"turns":5.0},{"damage":29.0,"enemies":"Gremlin Nob","floor":14.0,"turns":5.0},{"damage":8.0,"enemies":"Hexaghost","floor":16.0,"turns":9.0},{"damage":19,"enemies":"theJungle:Flameango_and_Byrd","floor":18,"turns":3},{"damage":9,"enemies":"theJungle:GiantWrat","floor":19,"turns":5},{"damage":18,"enemies":"theJungle:Lyon","floor":20,"turns":6},{"damage":34,"enemies":"theJungle:SlimyTreeVines","floor":22,"turns":6},{"damage":52,"enemies":"theJungle:2_Phrogs","floor":24,"turns":12},{"damage":12,"enemies":"theJungle:2_Snecko_Cultists","floor":28,"turns":4},{"damage":6,"enemies":"theJungle:Lyon","floor":31,"turns":3},{"damage":54,"enemies":"theJungle:TotemBoss","floor":33,"turns":8}],"seed_played":"-7320318496735395742","potions_obtained":[{"floor":4.0,"key":"PowerPotion"},{"floor":5.0,"key":"SkillPotion"},{"floor":10.0,"key":"Poison Potion"},{"floor":11.0,"key":"PowerPotion"},{"floor":14.0,"key":"Fire Potion"},{"floor":16.0,"key":"Ancient Potion"},{"floor":19,"key":"Strength Potion"},{"floor":20,"key":"AttackPotion"},{"floor":28,"key":"Strength Potion"}],"is_trial":false,"path_per_floor":["M","?","M","M","M","R","E","M","T","E","M","R","?","E","R","B",null,"M","M","M","?","M","R","E","R","T","R","M","?","$","M","R","B"],"character_chosen":"IRONCLAD","items_purchased":["Omamori","Chemical X"],"campfire_rested":3,"item_purchase_floors":[30,30],"current_hp_per_floor":[78,78,80,77,64,64,36,22,22,12,11,50,46,23,23,21,65,54,51,41,41,21,61,15,15,15,55,49,49,49,49,49,0],"gold":40,"neow_bonus":"UPGRADE_CARD","is_prod":false,"is_daily":false,"chose_seed":false,"campfire_upgraded":4,"win_rate":0,"timestamp":1558814763,"path_taken":["M","?","M","M","M","R","E","?","T","E","M","R","?","E","R","BOSS","M","M","M","?","?","R","E","R","T","R","M","?","$","M","R","BOSS"],"build_version":"2019-01-23","purchased_purges":1,"victory":false,"max_hp_per_floor":[80,80,80,80,80,80,80,80,80,80,80,80,80,80,80,80,80,82,82,84,84,86,86,86,86,86,86,86,86,86,86,86,86],"card_choices":[{"not_picked":["Thunderclap","Clothesline"],"picked":"Shockwave","floor":1.0},{"not_picked":["Flex","Body Slam","Bloodletting"],"picked":"SKIP","floor":3.0},{"not_picked":["Warcry","Wild Strike"],"picked":"Pommel Strike","floor":4.0},{"not_picked":["Headbutt","Iron Wave"],"picked":"True Grit","floor":5.0},{"not_picked":["Thunderclap","Searing Blow","Second Wind"],"picked":"SKIP","floor":7.0},{"not_picked":["Perfected Strike","Reckless Charge"],"picked":"Anger","floor":8.0},{"not_picked":["Warcry","Intimidate"],"picked":"Impervious","floor":10.0},{"not_picked":["Sever Soul","True Grit","Body Slam"],"picked":"SKIP","floor":11.0},{"not_picked":["Second Wind","Iron Wave"],"picked":"Disarm","floor":13.0},{"not_picked":["Havoc","Rupture"],"picked":"Clothesline","floor":14.0},{"not_picked":["Exhume","Dark Embrace"],"picked":"Offering","floor":16.0},{"not_picked":["Anger","Clothesline+1","Reckless Charge"],"picked":"Singing Bowl","floor":18},{"not_picked":["Wild Strike","Shrug It Off"],"picked":"Whirlwind","floor":19},{"not_picked":["Armaments","Anger+1","True Grit"],"picked":"Singing Bowl","floor":20},{"not_picked":["Havoc","Fire Breathing","Evolve"],"picked":"Singing Bowl","floor":22},{"not_picked":["Thunderclap","Wild Strike"],"picked":"Twin Strike","floor":24},{"not_picked":["Wild Strike","Exhume"],"picked":"Shrug It Off","floor":28},{"not_picked":["Wild Strike+1","Sever Soul"],"picked":"Corruption","floor":31}],"player_experience":1220207,"relics_obtained":[{"floor":7.0,"key":"Letter Opener"},{"floor":9.0,"key":"Bronze Scales"},{"floor":10.0,"key":"War Paint"},{"floor":13.0,"key":"Odd Mushroom"},{"floor":14.0,"key":"Singing Bowl"},{"floor":24,"key":"Oddly Smooth Stone"},{"floor":26,"key":"Ginger"}],"event_choices":[{"damage_healed":0.0,"max_hp_gain":0.0,"max_hp_loss":0.0,"gold_gain":0.0,"event_name":"WeMeetAgain","player_choice":"Paid Gold","floor":2.0,"gold_loss":109.0,"damage_taken":0.0,"relics_obtained":["Regal Pillow"]},{"damage_healed":0.0,"max_hp_gain":0.0,"max_hp_loss":0.0,"gold_gain":0.0,"event_name":"Mushrooms","player_choice":"Fought Mushrooms","floor":13.0,"gold_loss":0.0,"damage_taken":0.0},{"damage_healed":0,"gold_gain":0,"player_choice":"Forge","damage_taken":0,"max_hp_gain":0,"max_hp_loss":0,"event_name":"Accursed Blacksmith","floor":21,"gold_loss":0,"cards_upgraded":["Whirlwind"]}],"is_beta":false,"boss_relics":[{"not_picked":["Runic Dome","Ectoplasm"],"picked":"Runic Cube"}],"items_purged_floors":[30],"is_endless":false,"potions_floor_spawned":[4,5,10,11,14,16,19,20,28,31],"killed_by":"theJungle:TotemBoss","ascension_level":9}