{"gold_per_floor":[114,114,125,31,45,45,70,70,139,139,170,170,135,150,150,250,250,263,71,89,107,107,138,138,169,237,237,251,262,278,278,278,374,374,385,385,405,18,31,31,60,60,60,74,74,90,15,0,0,0],"floor_reached":51,"playtime":4048,"items_purged":["Zap"],"score":759,"play_id":"f0543a3d-e5b1-4fb7-8d3f-2ffd2c6c4cfb","local_time":"20190806223317","is_ascension_mode":true,"campfire_choices":[{"floor":6.0,"key":"RECALL"},{"floor":8.0,"key":"REST"},{"data":"Cold Snap","floor":10.0,"key":"SMITH"},{"data":"Lockon","floor":12.0,"key":"SMITH"},{"data":"Ball Lightning","floor":15.0,"key":"SMITH"},{"floor":24.0,"key":"REST"},{"floor":27.0,"key":"REST"},{"floor":32.0,"key":"REST"},{"floor":40.0,"key":"DIG"},{"floor":42.0,"key":"REST"},{"floor":45,"key":"DIG"},{"floor":49,"key":"REST"}],"neow_cost":"PERCENT_DAMAGE","seed_source_timestamp":0,"circlet_count":0,"master_deck":["Strike_B+1","Strike_B+1","Strike_B+1","Strike_B+1","Defend_B+1","Defend_B+1","Defend_B+1","Dualcast+1","Ball Lightning+1","Skim","Lockon+1","Rebound","Cold Snap+1","Ball Lightning","Gash","Ball Lightning","Biased Cognition","Coolheaded+1","Dramatic Entrance","Dramatic Entrance+1","Body Slam","Dagger Spray","Conserve Battery","Cold Snap+1","Prepared","Violence","Regret","Injury","Blade Dance+1","FTL","Static Discharge","Auto Shields+1","Gash+1","Cold Snap+1","Injury","Apotheosis+1","Discovery+1"],"special_seed":0,"relics":["Cracked Core","Omamori","Mercury Hourglass","Unceasing Top","Cursed Key","PrismaticShard","Enchiridion","Centennial Puzzle","War Paint","Bottled Flame","Calling Bell","Blood Vial","Toxic Egg 2","Shovel","Question Card","Molten Egg 2","Darkstone Periapt","FossilizedHelix","Whetstone","Red Mask"],"potions_floor_usage":[44,50,50,50],"damage_taken":[{"damage":0.0,"enemies":"Cultist","floor":1.0,"turns":4.0},{"damage":3.0,"enemies":"2 Louse","floor":3.0,"turns":2.0},{"damage":7.0,"enemies":"Jaw Worm","floor":5.0,"turns":4.0},{"damage":22.0,"enemies":"Lagavulin","floor":7.0,"turns":7.0},{"damage":8.0,"enemies":"Gremlin Nob","floor":11.0,"turns":3.0},{"damage":0.0,"enemies":"2 Fungi Beasts","floor":14.0,"turns":2.0},{"damage":38.0,"enemies":"The Guardian","floor":16.0,"turns":7.0},{"damage":10.0,"enemies":"Shell Parasite","floor":18.0,"turns":4.0},{"damage":8.0,"enemies":"Chosen","floor":20.0,"turns":3.0},{"damage":25.0,"enemies":"Centurion and Healer","floor":21.0,"turns":3.0},{"damage":17.0,"enemies":"Slavers","floor":23.0,"turns":4.0},{"damage":18.0,"enemies":"Book of Stabbing","floor":25.0,"turns":3.0},{"damage":6.0,"enemies":"Snake Plant","floor":28.0,"turns":2.0},{"damage":2.0,"enemies":"3 Cultists","floor":29.0,"turns":3.0},{"damage":8.0,"enemies":"Shelled Parasite and Fungi","floor":30.0,"turns":4.0},{"damage":47.0,"enemies":"Collector","floor":33.0,"turns":8.0},{"damage":5.0,"enemies":"Orb Walker","floor":35.0,"turns":2.0},{"damage":8.0,"enemies":"3 Darklings","floor":37.0,"turns":4.0},{"damage":14.0,"enemies":"Jaw Worm Horde","floor":39.0,"turns":4.0},{"damage":55.0,"enemies":"Reptomancer","floor":41.0,"turns":7.0},{"damage":6,"enemies":"Transient","floor":44,"turns":5},{"damage":0,"enemies":"Maw","floor":46,"turns":6},{"damage":85,"enemies":"Donu and Deca","floor":50,"turns":12}],"seed_played":"5535229841592720858","potions_obtained":[{"floor":1.0,"key":"Regen Potion"},{"floor":3.0,"key":"Swift Potion"},{"floor":11.0,"key":"SpeedPotion"},{"floor":18.0,"key":"FearPotion"},{"floor":25.0,"key":"Strength Potion"},{"floor":28.0,"key":"SkillPotion"},{"floor":33.0,"key":"Swift Potion"},{"floor":46,"key":"Regen Potion"}],"is_trial":false,"path_per_floor":["M","T","M","$","M","R","E","R","T","R","E","R","?","M","R","B",null,"M","$","M","M","?","E","R","E","T","R","M","M","M","?","R","B",null,"M","?","M","$","M","R","E","R","T","M","R","M","$","?","R","B",null],"character_chosen":"DEFECT","items_purchased":["Lockon","Rebound","PrismaticShard","Question Card","Static Discharge","Auto Shields+1"],"campfire_rested":6,"item_purchase_floors":[4,4,19,38,38,38],"current_hp_per_floor":[68,68,65,65,58,58,50,76,76,76,68,68,89,89,89,51,89,79,79,71,46,30,13,39,21,21,47,41,39,31,31,57,10,89,84,84,78,78,66,66,13,39,45,41,41,43,43,43,71,3],"gold":0,"neow_bonus":"TWENTY_PERCENT_HP_BONUS","is_prod":false,"is_daily":false,"chose_seed":false,"campfire_upgraded":3,"win_rate":0,"timestamp":1565119997,"path_taken":["M","?","M","$","M","R","E","R","T","R","E","R","?","M","R","BOSS","M","$","M","M","?","E","R","E","T","R","M","M","M","?","R","BOSS","M","?","M","$","M","R","E","R","T","M","R","M","$","?","R","BOSS"],"build_version":"2019-07-17","purchased_purges":1,"victory":true,"max_hp_per_floor":[89,89,89,89,89,89,89,89,89,89,89,89,89,89,89,89,89,89,89,89,89,89,89,89,89,89,89,89,89,89,89,89,89,89,89,89,89,89,89,89,89,89,95,95,95,95,95,95,95,95],"card_choices":[{"not_picked":["Static Discharge","Hologram"],"picked":"Ball Lightning","floor":1.0},{"not_picked":["Sweeping Beam","Creative AI"],"picked":"Skim","floor":3.0},{"not_picked":["Compile Driver","Tempest"],"picked":"Cold Snap","floor":5.0},{"not_picked":["Steam Power","Redo"],"picked":"Ball Lightning","floor":7.0},{"not_picked":["Sweeping Beam","Go for the Eyes"],"picked":"Gash","floor":11.0},{"not_picked":["Stack","Rebound"],"picked":"Ball Lightning","floor":14.0},{"not_picked":["Thunder Strike","Buffer"],"picked":"Biased Cognition","floor":16.0},{"not_picked":["Ball Lightning","Tempest+1"],"picked":"Coolheaded+1","floor":18.0},{"not_picked":["Dual Wield+1","Expertise"],"picked":"Dramatic Entrance","floor":20.0},{"not_picked":["Rage+1","Feel No Pain"],"picked":"Dramatic Entrance","floor":21.0},{"not_picked":["Noxious Fumes","Clothesline"],"picked":"Body Slam","floor":23.0},{"not_picked":["Whirlwind+1","Bloodletting"],"picked":"Dagger Spray","floor":25.0},{"not_picked":["True Grit","Backstab+1"],"picked":"Conserve Battery","floor":28.0},{"not_picked":["Body Slam","Dagger Throw"],"picked":"Cold Snap","floor":29.0},{"not_picked":["Bludgeon","Underhanded Strike+1"],"picked":"Prepared","floor":30.0},{"not_picked":["Malaise","Sadistic Nature"],"picked":"Violence","floor":33.0},{"not_picked":["Predator","Twin Strike+1"],"picked":"Blade Dance+1","floor":35.0},{"not_picked":["Caltrops","Deadly Poison+1"],"picked":"FTL","floor":37.0},{"not_picked":["Steam+1","Calculated Gamble+1","Thunderclap+1"],"picked":"Gash+1","floor":39.0},{"not_picked":["Calculated Gamble+1","Dark Shackles+1","Fire Breathing+1"],"picked":"Cold Snap+1","floor":41.0},{"not_picked":["Twin Strike+1","Prepared+1","Deflect+1"],"picked":"Apotheosis+1","floor":44},{"not_picked":["Sever Soul+1","Leap+1","Redo+1"],"picked":"Discovery+1","floor":46}],"player_experience":52099,"relics_obtained":[{"floor":7.0,"key":"Omamori"},{"floor":9.0,"key":"Mercury Hourglass"},{"floor":11.0,"key":"Unceasing Top"},{"floor":22.0,"key":"Enchiridion"},{"floor":23.0,"key":"Centennial Puzzle"},{"floor":25.0,"key":"War Paint"},{"floor":26.0,"key":"Bottled Flame"},{"floor":34.0,"key":"Blood Vial"},{"floor":34.0,"key":"Toxic Egg 2"},{"floor":34.0,"key":"Shovel"},{"floor":40.0,"key":"Molten Egg 2"},{"floor":41.0,"key":"Darkstone Periapt"},{"floor":43.0,"key":"FossilizedHelix"},{"floor":45,"key":"Whetstone"}],"event_choices":[{"damage_healed":22.0,"max_hp_gain":0.0,"max_hp_loss":0.0,"gold_gain":0.0,"event_name":"The Cleric","player_choice":"Healed","floor":13.0,"gold_loss":35.0,"damage_taken":0.0},{"damage_healed":0.0,"max_hp_gain":0.0,"max_hp_loss":0.0,"gold_gain":0.0,"event_name":"Cursed Tome","player_choice":"Obtained Book","floor":22.0,"gold_loss":0.0,"damage_taken":16.0},{"damage_healed":0.0,"max_hp_gain":0.0,"max_hp_loss":0.0,"gold_gain":0.0,"event_name":"Back to Basics","player_choice":"Simplicity","floor":31.0,"gold_loss":0.0,"damage_taken":0.0,"cards_upgraded":["Strike_B","Strike_B","Strike_B","Strike_B","Defend_B","Defend_B","Defend_B"]},{"cards_removed":["Defend_B"],"damage_healed":0.0,"max_hp_gain":0.0,"max_hp_loss":0.0,"gold_gain":0.0,"event_name":"Falling","player_choice":"Removed Skill","floor":36.0,"gold_loss":0.0,"damage_taken":0.0},{"damage_healed":0,"gold_gain":0,"player_choice":"Paid","damage_taken":0,"relics_obtained":["Red Mask"],"max_hp_gain":0,"max_hp_loss":0,"event_name":"Tomb of Lord Red Mask","floor":48,"gold_loss":15}],"is_beta":false,"boss_relics":[{"not_picked":["Ectoplasm","FrozenCore"],"picked":"Cursed Key"},{"not_picked":["Fusion Hammer","Runic Dome"],"picked":"Calling Bell"}],"items_purged_floors":[47],"is_endless":false,"potions_floor_spawned":[1,3,11,18,25,28,30,33,37,41,46],"ascension_level":1}