{"gold_per_floor":[112,128,57,57,76,76,102,113,113,113,145,163,163,195,195,298,298,308,10,24,24,24,24,43,43],"floor_reached":25,"playtime":1881,"items_purged":["Strike_R"],"score":315,"play_id":"a5d95d40-97d3-4581-a520-55d219620cfc","local_time":"20180909170829","is_ascension_mode":true,"campfire_choices":[{"floor":6,"key":"REST"},{"floor":15,"key":"REST"},{"data":"Limit Break","floor":23,"key":"SMITH"}],"neow_cost":"PERCENT_DAMAGE","seed_source_timestamp":2156479334097684,"circlet_count":0,"master_deck":["Strike_R","Strike_R","Strike_R","Defend_R+1","Defend_R","Defend_R","Defend_R","Bash","Feed+1","Pommel Strike","Rage","Spot Weakness","Cleave","Iron Wave","Thunderclap","Anger","Armaments","Limit Break+1","Infernal Blade","Rupture","Headbutt","Warcry"],"relics":["Black Blood","Omamori","Bottled Lightning","Du-Vu Doll","Regal Pillow","Vajra","FossilizedHelix","Boot"],"potions_floor_usage":[16,16,25],"damage_taken":[{"damage":20,"enemies":"Small Slimes","floor":1,"turns":3},{"damage":11,"enemies":"Jaw Worm","floor":2,"turns":5},{"damage":0,"enemies":"Cultist","floor":5,"turns":3},{"damage":18,"enemies":"3 Sentries","floor":7,"turns":6},{"damage":0,"enemies":"3 Louse","floor":8,"turns":2},{"damage":34,"enemies":"Gremlin Nob","floor":11,"turns":5},{"damage":6,"enemies":"Large Slime","floor":12,"turns":5},{"damage":15,"enemies":"3 Sentries","floor":14,"turns":5},{"damage":62,"enemies":"Hexaghost","floor":16,"turns":13},{"damage":20,"enemies":"Chosen","floor":18,"turns":5},{"damage":23,"enemies":"2 Thieves","floor":20,"turns":3},{"damage":41,"enemies":"Cultist and Chosen","floor":24,"turns":6},{"damage":81,"enemies":"Book of Stabbing","floor":25,"turns":6}],"seed_played":"-7433263652327054481","potions_obtained":[{"floor":8,"key":"FearPotion"},{"floor":14,"key":"Block Potion"},{"floor":16,"key":"Swift Potion"}],"is_trial":false,"path_per_floor":["M","M","$","?","M","R","E","M","T","?","E","M","?","E","R","B",null,"M","$","M","?","?","R","M"],"character_chosen":"IRONCLAD","items_purchased":["Spot Weakness","Vajra","Rupture"],"campfire_rested":2,"item_purchase_floors":[3,19,19],"current_hp_per_floor":[45,43,43,26,32,57,49,59,59,64,40,40,33,28,75,19,107,97,97,88,88,88,88,61,0],"gold":43,"neow_bonus":"THREE_RARE_CARDS","is_prod":false,"is_daily":false,"chose_seed":false,"campfire_upgraded":1,"win_rate":0,"timestamp":1536538109,"path_taken":["M","M","$","?","?","R","E","M","T","?","E","M","?","E","R","BOSS","M","$","M","?","?","R","M","E"],"build_version":"2018-09-06","purchased_purges":1,"victory":false,"max_hp_per_floor":[83,86,86,86,86,86,90,94,94,99,103,103,103,107,107,107,107,107,107,111,111,111,111,115,115],"card_choices":[{"not_picked":["Barricade","Offering"],"picked":"Feed","floor":0},{"not_picked":["Headbutt","Flex"],"picked":"Pommel Strike","floor":1},{"not_picked":["Infernal Blade","Clothesline"],"picked":"Rage","floor":2},{"not_picked":["Carnage","Armaments"],"picked":"Cleave","floor":5},{"not_picked":["Clothesline","Clash"],"picked":"Iron Wave","floor":7},{"not_picked":["Evolve","Uppercut"],"picked":"Thunderclap","floor":8},{"not_picked":["Intimidate","Body Slam"],"picked":"Anger","floor":11},{"not_picked":["Thunderclap","Entrench","Anger"],"picked":"SKIP","floor":12},{"not_picked":["Havoc","Flex"],"picked":"Armaments","floor":14},{"not_picked":["Feed","Dark Embrace"],"picked":"Limit Break","floor":16},{"not_picked":["Anger","Corruption"],"picked":"Infernal Blade","floor":18},{"not_picked":["Hemokinesis","Dual Wield"],"picked":"Headbutt","floor":20},{"not_picked":["Anger","Feed"],"picked":"Warcry","floor":24}],"player_experience":340275,"relics_obtained":[{"floor":7,"key":"Omamori"},{"floor":9,"key":"Bottled Lightning"},{"floor":11,"key":"Du-Vu Doll"},{"floor":14,"key":"Regal Pillow"}],"event_choices":[{"event_name":"Shining Light","player_choice":"Entered Light","floor":4,"damage_taken":0},{"event_name":"Big Fish","player_choice":"Donut","floor":10,"damage_taken":0},{"event_name":"Golden Wing","player_choice":"Card Removal","floor":13,"damage_taken":0},{"event_name":"The Mausoleum","player_choice":"Yes","floor":21,"damage_taken":0},{"event_name":"Addict","player_choice":"Stole Relic","floor":22,"damage_taken":0}],"is_beta":false,"boss_relics":[{"not_picked":["Velvet Choker","Lizard Tail"],"picked":"Black Blood"}],"items_purged_floors":[19],"is_endless":false,"potions_floor_spawned":[8,14,16],"killed_by":"Book of Stabbing","ascension_level":4}