{"gold_per_floor":[109,126,146,146,166,166,210,210,210,250,250,250,266,266],"floor_reached":14,"playtime":531,"items_purged":[],"score":200,"play_id":"5e5070d5-c0d5-4e59-837f-cf9279f936e8","local_time":"20190113012409","is_ascension_mode":true,"campfire_choices":[{"data":"Bash","floor":6,"key":"SMITH"},{"floor":8,"key":"REST"},{"floor":11,"key":"REST"}],"neow_cost":"NONE","seed_source_timestamp":529613955056645,"circlet_count":0,"master_deck":["AscendersBane","Strike_R","Strike_R","Strike_R","Strike_R","Strike_R","Defend_R","Defend_R","Defend_R","Defend_R","Bash+1","Forethought","Intimidate","Sword Boomerang","True Grit","Wild Strike","Disarm","Disarm","Brutality"],"relics":["Burning Blood","Golden Idol","Lantern","Kunai","StoneCalendar"],"potions_floor_usage":[7,10],"damage_taken":[{"damage":7,"enemies":"2 Louse","floor":1,"turns":4},{"damage":2,"enemies":"Jaw Worm","floor":2,"turns":4},{"damage":7,"enemies":"Cultist","floor":3,"turns":4},{"damage":8,"enemies":"Looter","floor":5,"turns":3},{"damage":32,"enemies":"Gremlin Nob","floor":7,"turns":4},{"damage":30,"enemies":"3 Sentries","floor":10,"turns":7},{"damage":4,"enemies":"Blue Slaver","floor":13,"turns":6},{"damage":49,"enemies":"Gremlin Nob","floor":14,"turns":4}],"seed_played":"-919150914644595112","potions_obtained":[{"floor":2,"key":"Explosive Potion"},{"floor":5,"key":"GamblersBrew"},{"floor":13,"key":"Ancient Potion"}],"is_trial":false,"path_per_floor":["M","M","M","?","M","R","E","R","T","E","R","?","M","E"],"character_chosen":"IRONCLAD","items_purchased":[],"campfire_rested":2,"item_purchase_floors":[],"current_hp_per_floor":[67,71,70,44,42,42,16,38,38,14,36,41,43,0],"gold":266,"neow_bonus":"RANDOM_COLORLESS","is_prod":false,"is_daily":false,"chose_seed":false,"campfire_upgraded":1,"win_rate":0,"timestamp":1547371449,"path_taken":["M","M","M","?","M","R","E","R","T","E","R","?","M","E"],"build_version":"2019-01-10","purchased_purges":0,"victory":false,"max_hp_per_floor":[75,75,75,75,75,75,75,75,75,75,75,80,80,80],"card_choices":[{"not_picked":["Power Through","Ghostly Armor"],"picked":"Intimidate","floor":1},{"not_picked":["Havoc","Evolve"],"picked":"Sword Boomerang","floor":2},{"not_picked":["Flex","Fire Breathing"],"picked":"True Grit","floor":3},{"not_picked":["Warcry","Headbutt"],"picked":"Wild Strike","floor":5},{"not_picked":["Inflame","Iron Wave"],"picked":"Disarm","floor":7},{"not_picked":["Corruption","Headbutt"],"picked":"Disarm","floor":10},{"not_picked":["Clothesline","Twin Strike"],"picked":"Brutality","floor":13}],"player_experience":1173047,"relics_obtained":[{"floor":7,"key":"Lantern"},{"floor":9,"key":"Kunai"},{"floor":10,"key":"StoneCalendar"}],"event_choices":[{"damage_healed":0,"gold_gain":0,"player_choice":"Take Damage","damage_taken":26,"relics_obtained":["Golden Idol"],"max_hp_gain":0,"max_hp_loss":0,"event_name":"Golden Idol","floor":4,"gold_loss":0},{"damage_healed":0,"gold_gain":0,"player_choice":"Donut","damage_taken":0,"max_hp_gain":5,"max_hp_loss":0,"event_name":"Big Fish","floor":12,"gold_loss":0}],"is_beta":true,"boss_relics":[],"items_purged_floors":[],"is_endless":false,"potions_floor_spawned":[2,5,13],"killed_by":"Gremlin Nob","ascension_level":20}