{"gold_per_floor":[117,128,128,128,143,168,168,187,213,213,248,267,267,277,277,373,373,384,404,404,421,91,91,103,135,135,135,154,167,167,196,196,300,300,312,412,432,121,121,121,121,121,172,184,296,308,348,372,384,396],"floor_reached":50,"playtime":4172,"items_purged":["Regret","Doubt"],"score":815,"play_id":"9b652649-bc3a-4735-aa7c-26cbcbad74bb","local_time":"20181231232456","is_ascension_mode":true,"campfire_choices":[{"floor":7,"key":"REST"},{"data":"Tools of the Trade","floor":10,"key":"SMITH"},{"floor":13,"key":"REST"},{"data":"Night Terror","floor":15,"key":"SMITH"},{"data":"Reflex","floor":23,"key":"SMITH"},{"floor":30,"key":"REST"},{"floor":32,"key":"REST"},{"data":"Noxious Fumes","floor":40,"key":"SMITH"},{"data":"Leg Sweep","floor":44,"key":"SMITH"},{"floor":46,"key":"REST"},{"floor":49,"key":"REST"}],"neow_cost":"NONE","seed_source_timestamp":761484886270019,"circlet_count":0,"master_deck":["Defend_G","Defend_G","Defend_G","Defend_G","Strike_G","Strike_G","Strike_G","Strike_G","Strike_G","Survivor","Neutralize","Cloak And Dagger","Escape Plan","Tools of the Trade+1","Dagger Spray","Leg Sweep+1","Dagger Spray","Night Terror+1","Die Die Die","Deadly Poison","Reflex+1","Adrenaline","Infinite Blades","Blur","Riddle With Holes+1","Catalyst+1","Backflip","PiercingWail+1","Tactician","Noxious Fumes+1","Chrysalis","Writhe","Shame"],"relics":["Ring of the Snake","Boot","Lantern","Smiling Mask","Oddly Smooth Stone","Paper Crane","Cursed Key","Letter Opener","Kunai","Pear","MutagenicStrength","Happy Flower","WristBlade","Torii","ClockworkSouvenir","Meat on the Bone","MawBank","FossilizedHelix"],"potions_floor_usage":[6,11,16,18,24,24,25,33,47,47,50,50],"damage_taken":[{"damage":0,"enemies":"2 Louse","floor":1,"turns":3},{"damage":0,"enemies":"Small Slimes","floor":2,"turns":3},{"damage":4,"enemies":"Cultist","floor":5,"turns":4},{"damage":51,"enemies":"Gremlin Nob","floor":6,"turns":7},{"damage":1,"enemies":"Blue Slaver","floor":8,"turns":4},{"damage":13,"enemies":"3 Sentries","floor":11,"turns":8},{"damage":0,"enemies":"3 Louse","floor":12,"turns":3},{"damage":2,"enemies":"Large Slime","floor":14,"turns":5},{"damage":22,"enemies":"Slime Boss","floor":16,"turns":10},{"damage":6,"enemies":"Spheric Guardian","floor":18,"turns":4},{"damage":8,"enemies":"Shell Parasite","floor":19,"turns":7},{"damage":3,"enemies":"Centurion and Healer","floor":21,"turns":6},{"damage":18,"enemies":"Sentry and Sphere","floor":24,"turns":5},{"damage":7,"enemies":"Slavers","floor":25,"turns":4},{"damage":21,"enemies":"Shelled Parasite and Fungi","floor":28,"turns":5},{"damage":1,"enemies":"Snecko","floor":29,"turns":4},{"damage":23,"enemies":"Book of Stabbing","floor":31,"turns":4},{"damage":13,"enemies":"Champ","floor":33,"turns":21},{"damage":0,"enemies":"3 Shapes","floor":35,"turns":3},{"damage":2,"enemies":"Mind Bloom Boss Battle","floor":36,"turns":8},{"damage":0,"enemies":"3 Darklings","floor":37,"turns":5},{"damage":9,"enemies":"Nemesis","floor":47,"turns":7},{"damage":9,"enemies":"Writhing Mass","floor":48,"turns":6},{"damage":96,"enemies":"Time Eater","floor":50,"turns":14}],"seed_played":"5581389981480169382","potions_obtained":[{"floor":2,"key":"GhostInAJar"},{"floor":6,"key":"Swift Potion"},{"floor":12,"key":"GamblersBrew"},{"floor":16,"key":"GhostInAJar"},{"floor":19,"key":"Swift Potion"},{"floor":21,"key":"Weak Potion"},{"floor":24,"key":"Block Potion"},{"floor":31,"key":"EssenceOfSteel"},{"floor":33,"key":"FearPotion"},{"floor":35,"key":"SteroidPotion"},{"floor":47,"key":"SkillPotion"},{"floor":48,"key":"GhostInAJar"}],"is_trial":false,"path_per_floor":["M","M","?","?","M","E","R","M","T","R","E","M","R","M","R","B",null,"M","M","?","M","$","R","M","E","T","?","M","M","R","E","R","B",null,"M","?","M","$","?","R","?","T","T","R","?","R","E","M","R","B"],"character_chosen":"THE_SILENT","items_purchased":["Infinite Blades","Letter Opener","Noxious Fumes","ClockworkSouvenir"],"campfire_rested":6,"item_purchase_floors":[22,22,38,38],"current_hp_per_floor":[70,70,70,63,59,8,31,30,30,30,17,17,40,38,38,16,62,56,48,48,45,45,45,27,20,30,30,9,8,34,11,37,24,71,71,69,69,69,69,69,64,64,64,64,64,87,78,69,87,0],"gold":396,"neow_bonus":"TEN_PERCENT_HP_BONUS","is_prod":false,"is_daily":false,"chose_seed":false,"campfire_upgraded":5,"win_rate":0,"timestamp":1546316696,"path_taken":["M","M","?","?","M","E","R","M","T","R","E","M","R","M","R","BOSS","M","M","?","M","$","R","?","E","T","?","M","M","R","E","R","BOSS","M","?","M","$","?","R","?","?","T","R","?","R","E","M","R","BOSS"],"build_version":"2018-12-20","purchased_purges":2,"victory":false,"max_hp_per_floor":[77,77,77,77,77,77,77,77,77,77,77,77,77,77,77,77,77,77,77,77,77,77,77,77,77,87,87,87,87,87,87,87,87,87,87,87,87,87,87,87,87,87,87,87,87,87,87,87,87,87],"card_choices":[{"not_picked":["Dagger Throw","Backflip"],"picked":"Cloak And Dagger","floor":1},{"not_picked":["Sucker Punch","Flying Knee","Blade Dance"],"picked":"SKIP","floor":2},{"not_picked":["Outmaneuver","Prepared"],"picked":"Escape Plan","floor":5},{"not_picked":["Endless Agony","Cloak And Dagger"],"picked":"Tools of the Trade","floor":6},{"not_picked":["Calculated Gamble","Poisoned Stab"],"picked":"Dagger Spray","floor":8},{"not_picked":["Skewer","Bane"],"picked":"Leg Sweep","floor":11},{"not_picked":["Sucker Punch","Deflect"],"picked":"Dagger Spray","floor":12},{"not_picked":["Backstab","Acrobatics"],"picked":"Night Terror","floor":14},{"not_picked":["Night Terror","Unload"],"picked":"Die Die Die","floor":16},{"not_picked":["Dagger Throw","Sucker Punch+1"],"picked":"Endless Agony","floor":18},{"not_picked":["Reflex","Blade Dance"],"picked":"Deadly Poison","floor":19},{"not_picked":["Leg Sweep+1","Distraction"],"picked":"Adrenaline","floor":21},{"not_picked":["Concentrate","Prepared+1"],"picked":"Blur","floor":24},{"not_picked":["Eviscerate","Storm of Steel"],"picked":"Riddle With Holes+1","floor":25},{"not_picked":["Bane","Slice","Acrobatics"],"picked":"SKIP","floor":28},{"not_picked":["Heel Hook","Bane+1"],"picked":"Catalyst+1","floor":29},{"not_picked":["Acrobatics","Flying Knee+1"],"picked":"Backflip","floor":31},{"not_picked":["Slice","Prepared+1"],"picked":"PiercingWail+1","floor":35},{"not_picked":["Calculated Gamble","Deadly Poison"],"picked":"Tactician","floor":36},{"not_picked":["Slice+1","Deadly Poison+1","Sucker Punch"],"picked":"SKIP","floor":37},{"not_picked":["Dark Shackles","Forethought"],"picked":"Chrysalis","floor":41},{"not_picked":["PiercingWail+1","Quick Slash","Bane+1"],"picked":"SKIP","floor":47},{"not_picked":["Infinite Blades","Dagger Throw","Bane"],"picked":"SKIP","floor":48}],"player_experience":221149,"relics_obtained":[{"floor":6,"key":"Smiling Mask"},{"floor":9,"key":"Oddly Smooth Stone"},{"floor":11,"key":"Paper Crane"},{"floor":25,"key":"Kunai"},{"floor":26,"key":"Pear"},{"floor":31,"key":"Happy Flower"},{"floor":36,"key":"Torii"},{"floor":42,"key":"Meat on the Bone"},{"floor":43,"key":"MawBank"},{"floor":47,"key":"FossilizedHelix"}],"event_choices":[{"damage_healed":0,"gold_gain":0,"player_choice":"Box","damage_taken":0,"relics_obtained":["Boot"],"max_hp_gain":0,"max_hp_loss":0,"event_name":"Big Fish","floor":3,"gold_loss":0,"cards_obtained":["Regret"]},{"damage_healed":0,"gold_gain":0,"player_choice":"Success","damage_taken":7,"relics_obtained":["Lantern"],"max_hp_gain":0,"max_hp_loss":0,"event_name":"Scrap Ooze","floor":4,"gold_loss":0},{"damage_healed":0,"gold_gain":0,"cards_transformed":["Defend_G"],"player_choice":"Transformed","damage_taken":0,"max_hp_gain":0,"max_hp_loss":0,"event_name":"Transmorgrifier","floor":20,"gold_loss":0,"cards_obtained":["Reflex"]},{"damage_healed":0,"gold_gain":0,"player_choice":"Inject Mutagens","damage_taken":0,"relics_obtained":["MutagenicStrength"],"max_hp_gain":0,"max_hp_loss":0,"event_name":"Drug Dealer","floor":27,"gold_loss":0},{"damage_healed":0,"gold_gain":0,"player_choice":"Fight","damage_taken":0,"max_hp_gain":0,"max_hp_loss":0,"event_name":"MindBloom","floor":36,"gold_loss":0},{"cards_removed":["Endless Agony"],"damage_healed":0,"gold_gain":0,"player_choice":"Removed Attack","damage_taken":0,"max_hp_gain":0,"max_hp_loss":0,"event_name":"Falling","floor":39,"gold_loss":0},{"damage_healed":0,"gold_gain":0,"player_choice":"Memory 2","damage_taken":5,"max_hp_gain":0,"max_hp_loss":0,"event_name":"SensoryStone","floor":41,"gold_loss":0},{"damage_healed":0,"gold_gain":100,"player_choice":"Pray","damage_taken":0,"max_hp_gain":0,"max_hp_loss":0,"event_name":"Golden Shrine","floor":45,"gold_loss":0}],"is_beta":false,"boss_relics":[{"not_picked":["Ectoplasm","Coffee Dripper"],"picked":"Cursed Key"},{"not_picked":["Snecko Eye","Fusion Hammer"],"picked":"WristBlade"}],"items_purged_floors":[22,38],"is_endless":false,"potions_floor_spawned":[2,6,12,16,19,21,24,31,33,35,47,48],"killed_by":"Time Eater","ascension_level":9}