{"gold_per_floor":[109,124,36,48,65,91,91,102,102,102,114,143,204,204,204,204],"floor_reached":16,"playtime":823,"items_purged":[],"score":224,"play_id":"93db0331-f158-4fb2-bd5b-e1e5cae1e849","local_time":"20190204161955","is_ascension_mode":true,"campfire_choices":[{"data":"Armaments","floor":7,"key":"SMITH"},{"data":"Inflame","floor":10,"key":"SMITH"},{"data":"Perfected Strike","floor":15,"key":"SMITH"}],"neow_cost":"NONE","seed_source_timestamp":2483868492996006,"circlet_count":0,"master_deck":["AscendersBane","Strike_R","Strike_R","Strike_R","Strike_R","Strike_R","Defend_R","Defend_R","Defend_R","Defend_R","Bash+1","Headbutt","Pommel Strike","Impervious","Carnage","Dropkick","Armaments+1","Inflame+1","Impervious","Impervious","Perfected Strike+1"],"relics":["Burning Blood","Question Card","Happy Flower","Lantern","Darkstone Periapt"],"potions_floor_usage":[6,12,12,13],"damage_taken":[{"damage":1,"enemies":"2 Louse","floor":1,"turns":4},{"damage":13,"enemies":"Small Slimes","floor":2,"turns":4},{"damage":7,"enemies":"Jaw Worm","floor":4,"turns":4},{"damage":0,"enemies":"3 Louse","floor":5,"turns":3},{"damage":8,"enemies":"Gremlin Nob","floor":6,"turns":3},{"damage":18,"enemies":"Lots of Slimes","floor":8,"turns":6},{"damage":21,"enemies":"Exordium Thugs","floor":11,"turns":4},{"damage":6,"enemies":"3 Sentries","floor":12,"turns":9},{"damage":33,"enemies":"Lagavulin Event","floor":13,"turns":4},{"damage":15,"enemies":"The Guardian","floor":16,"turns":4}],"seed_played":"276406114137566819","potions_obtained":[{"floor":1,"key":"Energy Potion"},{"floor":5,"key":"EssenceOfSteel"},{"floor":8,"key":"Dexterity Potion"},{"floor":12,"key":"EssenceOfSteel"}],"is_trial":false,"path_per_floor":["M","M","$","M","M","E","R","M","T","R","M","E","?","?","R","B"],"character_chosen":"IRONCLAD","items_purchased":["Impervious"],"campfire_rested":0,"item_purchase_floors":[3],"current_hp_per_floor":[73,66,66,65,71,69,69,57,57,57,42,42,15,15,15,0],"gold":204,"neow_bonus":"UPGRADE_CARD","is_prod":false,"is_daily":false,"chose_seed":false,"campfire_upgraded":3,"win_rate":0,"timestamp":1549325995,"path_taken":["M","M","$","M","M","E","R","M","T","R","M","E","?","?","R","BOSS"],"build_version":"2019-01-23","purchased_purges":0,"victory":false,"max_hp_per_floor":[75,75,75,75,75,75,75,75,75,75,75,75,75,75,75,75],"card_choices":[{"not_picked":["Fire Breathing","Cleave"],"picked":"Headbutt","floor":1},{"not_picked":["Headbutt","Sword Boomerang"],"picked":"Pommel Strike","floor":2},{"not_picked":["Shockwave","Iron Wave"],"picked":"Carnage","floor":4},{"not_picked":["Warcry","Flex"],"picked":"Dropkick","floor":5},{"not_picked":["Iron Wave","Blood for Blood"],"picked":"Armaments","floor":6},{"not_picked":["Rage","Bludgeon","Pommel Strike"],"picked":"Inflame","floor":8},{"not_picked":["True Grit","Twin Strike","Thunderclap"],"picked":"Impervious","floor":11},{"not_picked":["Cleave","Heavy Blade","Perfected Strike"],"picked":"Impervious","floor":12},{"not_picked":["Evolve","Cleave","True Grit"],"picked":"Perfected Strike","floor":13}],"player_experience":1214738,"relics_obtained":[{"floor":6,"key":"Question Card"},{"floor":9,"key":"Happy Flower"},{"floor":12,"key":"Lantern"},{"floor":13,"key":"Darkstone Periapt"}],"event_choices":[{"damage_healed":0,"gold_gain":0,"player_choice":"Searched \u00271\u0027 times","damage_taken":0,"max_hp_gain":0,"max_hp_loss":0,"event_name":"Dead Adventurer","floor":13,"gold_loss":0},{"damage_healed":0,"gold_gain":0,"player_choice":"Ignored","damage_taken":0,"max_hp_gain":0,"max_hp_loss":0,"event_name":"Liars Game","floor":14,"gold_loss":0}],"is_beta":true,"boss_relics":[],"items_purged_floors":[],"is_endless":false,"potions_floor_spawned":[1,5,8,12],"killed_by":"The Guardian","ascension_level":20}