{"gold_per_floor":[110,124,55,55,55,55,98,122,148,148,228,228,263,279,279,377,377,402,252,252,35,60,60,91,91,91,16,16,34,70,96,96,96],"floor_reached":33,"playtime":1940,"items_purged":["Strike_R","Strike_R"],"score":506,"play_id":"ea13be05-5e03-47fc-815a-f5a7e7dfe43e","local_time":"20190311205523","is_ascension_mode":true,"campfire_choices":[{"data":"Bash","floor":6,"key":"SMITH"},{"data":"Armaments","floor":10,"key":"SMITH"},{"floor":12,"key":"REST"},{"floor":15,"key":"REST"},{"floor":23,"key":"REST"},{"floor":25,"key":"REST"},{"floor":32,"key":"REST"}],"neow_cost":"NONE","seed_source_timestamp":149200000067997,"circlet_count":0,"master_deck":["AscendersBane","Strike_R","Strike_R","Strike_R+1","Defend_R","Defend_R","Defend_R+1","Defend_R+1","Bash+1","Inflame","Headbutt","Inflame","True Grit","Armaments+1","Shrug It Off","Anger","Immolate+1","Shrug It Off","Inflame","Battle Trance","Fiend Fire","Clothesline"],"relics":["Burning Blood","War Paint","Golden Idol","Lantern","Oddly Smooth Stone","PreservedInsect","Red Skull","Fusion Hammer","Tiny Chest","Bottled Tornado","Mercury Hourglass","Nilry\u0027s Codex","Ornamental Fan","Whetstone"],"potions_floor_usage":[7,11,16,29,33],"damage_taken":[{"damage":6,"enemies":"2 Louse","floor":1,"turns":3},{"damage":10,"enemies":"Small Slimes","floor":2,"turns":4},{"damage":6,"enemies":"Gremlin Nob","floor":7,"turns":3},{"damage":0,"enemies":"Jaw Worm","floor":8,"turns":4},{"damage":60,"enemies":"Gremlin Nob","floor":11,"turns":6},{"damage":4,"enemies":"3 Sentries","floor":13,"turns":8},{"damage":13,"enemies":"Exordium Thugs","floor":14,"turns":6},{"damage":36,"enemies":"The Guardian","floor":16,"turns":10},{"damage":0,"enemies":"Chosen","floor":18,"turns":4},{"damage":32,"enemies":"2 Thieves","floor":22,"turns":4},{"damage":40,"enemies":"Book of Stabbing","floor":24,"turns":5},{"damage":0,"enemies":"Chosen and Byrds","floor":29,"turns":4},{"damage":20,"enemies":"Slavers","floor":30,"turns":3},{"damage":61,"enemies":"Champ","floor":33,"turns":11}],"seed_played":"-9066719782692644637","potions_obtained":[{"floor":1,"key":"Weak Potion"},{"floor":2,"key":"Dexterity Potion"},{"floor":7,"key":"Strength Potion"},{"floor":18,"key":"EssenceOfSteel"},{"floor":30,"key":"Regen Potion"}],"is_trial":false,"path_per_floor":["M","M","$","?","?","R","E","M","T","R","?","R","E","M","R","B",null,"M","$","?","$","M","R","E","R","T","?","?","M","E","T","R","B"],"character_chosen":"IRONCLAD","items_purchased":["Inflame","Inflame","Tiny Chest"],"campfire_rested":5,"item_purchase_floors":[3,19,21],"current_hp_per_floor":[68,64,64,64,64,64,64,70,70,70,16,38,40,33,55,25,63,69,69,69,69,43,65,31,53,53,53,32,38,24,24,46,0],"gold":96,"neow_bonus":"RANDOM_COMMON_RELIC","is_prod":false,"is_daily":false,"chose_seed":false,"campfire_upgraded":2,"win_rate":0,"timestamp":1552334123,"path_taken":["M","M","$","?","?","R","E","M","T","R","?","R","E","?","R","BOSS","M","$","?","$","M","R","E","R","T","?","?","M","E","?","R","BOSS"],"build_version":"2019-02-06","purchased_purges":2,"victory":false,"max_hp_per_floor":[75,75,75,75,75,75,75,75,75,75,75,75,75,75,75,75,75,75,75,75,75,75,75,75,75,75,75,75,75,75,75,75,75],"card_choices":[{"not_picked":["Infernal Blade","Rupture"],"picked":"Inflame","floor":1},{"not_picked":["Twin Strike","Havoc"],"picked":"Headbutt","floor":2},{"not_picked":["Brutality","Whirlwind"],"picked":"True Grit","floor":7},{"not_picked":["Havoc","Rampage"],"picked":"Armaments","floor":8},{"not_picked":["Sever Soul","Anger"],"picked":"Shrug It Off","floor":11},{"not_picked":["Flex","Warcry","True Grit"],"picked":"SKIP","floor":13},{"not_picked":["Rupture","Wild Strike"],"picked":"Anger","floor":14},{"not_picked":["Juggernaut","Bludgeon"],"picked":"Immolate","floor":16},{"not_picked":["Armaments","Twin Strike"],"picked":"Shrug It Off","floor":18},{"not_picked":["Sever Soul","Whirlwind","Iron Wave"],"picked":"SKIP","floor":22},{"not_picked":["Ghostly Armor","Shrug It Off"],"picked":"Battle Trance","floor":24},{"not_picked":["Shrug It Off","Clothesline"],"picked":"Fiend Fire","floor":29},{"not_picked":["Searing Blow+1","Twin Strike"],"picked":"Clothesline","floor":30}],"player_experience":180821,"relics_obtained":[{"floor":7,"key":"Lantern"},{"floor":9,"key":"Oddly Smooth Stone"},{"floor":11,"key":"PreservedInsect"},{"floor":13,"key":"Red Skull"},{"floor":24,"key":"Bottled Tornado"},{"floor":26,"key":"Mercury Hourglass"},{"floor":28,"key":"Nilry\u0027s Codex"},{"floor":30,"key":"Ornamental Fan"},{"floor":31,"key":"Whetstone"}],"event_choices":[{"damage_healed":0,"gold_gain":0,"player_choice":"Leave","damage_taken":0,"max_hp_gain":0,"max_hp_loss":0,"event_name":"The Cleric","floor":4,"gold_loss":0},{"damage_healed":0,"gold_gain":0,"player_choice":"Take Wound","damage_taken":0,"relics_obtained":["Golden Idol"],"max_hp_gain":0,"max_hp_loss":0,"event_name":"Golden Idol","floor":5,"gold_loss":0,"cards_obtained":["Injury"]},{"damage_healed":0,"gold_gain":0,"player_choice":"Searched \u00271\u0027 times","damage_taken":0,"max_hp_gain":0,"max_hp_loss":0,"event_name":"Dead Adventurer","floor":11,"gold_loss":0},{"damage_healed":0,"gold_gain":0,"player_choice":"Ignored","damage_taken":0,"max_hp_gain":0,"max_hp_loss":0,"event_name":"Vampires","floor":20,"gold_loss":0},{"cards_removed":["Injury"],"damage_healed":0,"gold_gain":0,"player_choice":"Gave Gold","damage_taken":0,"max_hp_gain":0,"max_hp_loss":0,"event_name":"Beggar","floor":27,"gold_loss":75},{"damage_healed":0,"gold_gain":0,"player_choice":"Obtained Book","damage_taken":21,"max_hp_gain":0,"max_hp_loss":0,"event_name":"Cursed Tome","floor":28,"gold_loss":0}],"is_beta":true,"boss_relics":[{"not_picked":["Eternal Feather","Calling Bell"],"picked":"Fusion Hammer"}],"items_purged_floors":[19,21],"is_endless":false,"potions_floor_spawned":[1,2,7,18,30],"killed_by":"Champ","ascension_level":15}