{"gold_per_floor":[18,18,18,18,31,31,66,43,90,90,104,204,220,171,171,261,261,285,34,64,87,102,102,201,216,216,216,239,263,263,279,279,279],"floor_reached":33,"playtime":697,"items_purged":[],"score":420,"play_id":"b50c52fe-cf39-4ecb-82fb-df56e41be0f3","local_time":"20190918022044","is_ascension_mode":true,"campfire_choices":[{"data":"Hyperbeam","floor":6.0,"key":"SMITH"},{"data":"Zap","floor":10.0,"key":"SMITH"},{"data":"Streamline","floor":15.0,"key":"SMITH"},{"floor":23.0,"key":"REST"},{"floor":27.0,"key":"REST"},{"floor":32.0,"key":"REST"}],"neow_cost":"NO_GOLD","seed_source_timestamp":11565873265600,"circlet_count":0,"master_deck":["AscendersBane","Zap+1","Dualcast","Hyperbeam+1","Beam Cell","Blizzard","Self Repair","Gash","Coolheaded","Hologram","Streamline+1","Echo Form","Meteor Strike","Leap","Lockon","All For One","Auto Shields","Machine Learning","Streamline","Tempest","Gash","Apotheosis","Go for the Eyes","Beam Cell","Coolheaded","Gash+1","Steam","Self Repair+1","Hyperbeam"],"special_seed":0,"relics":["Cracked Core","Golden Idol","Mummified Hand","Centennial Puzzle","Pandora\u0027s Box","Tiny Chest","Frozen Egg 2"],"potions_floor_usage":[33],"damage_taken":[{"damage":0.0,"enemies":"2 Louse","floor":1.0,"turns":2.0},{"damage":0.0,"enemies":"Cultist","floor":5.0,"turns":2.0},{"damage":10.0,"enemies":"Lagavulin","floor":7.0,"turns":4.0},{"damage":2.0,"enemies":"Jaw Worm","floor":11.0,"turns":2.0},{"damage":1.0,"enemies":"Exordium Thugs","floor":13.0,"turns":2.0},{"damage":32.0,"enemies":"Slime Boss","floor":16.0,"turns":11.0},{"damage":18.0,"enemies":"Shell Parasite","floor":18.0,"turns":4.0},{"damage":13.0,"enemies":"2 Thieves","floor":21.0,"turns":3.0},{"damage":9.0,"enemies":"Centurion and Healer","floor":22.0,"turns":2.0},{"damage":19.0,"enemies":"Sentry and Sphere","floor":25.0,"turns":4.0},{"damage":24.0,"enemies":"Shelled Parasite and Fungi","floor":28.0,"turns":4.0},{"damage":15.0,"enemies":"Snecko","floor":29.0,"turns":3.0},{"damage":3.0,"enemies":"Chosen and Byrds","floor":31.0,"turns":4.0},{"damage":35,"enemies":"Collector","floor":33,"turns":3}],"seed_played":"-5411810681180523421","potions_obtained":[{"floor":4.0,"key":"SkillPotion"},{"floor":4.0,"key":"LiquidBronze"},{"floor":4.0,"key":"Weak Potion"},{"floor":18.0,"key":"FocusPotion"},{"floor":29.0,"key":"SteroidPotion"}],"is_trial":false,"path_per_floor":["M","?","$","?","M","R","E","$","T","R","M","?","M","$","R","B",null,"M","$","?","M","M","R","?","M","T","R","M","M","T","M","R","B"],"character_chosen":"DEFECT","items_purchased":["Gash","Streamline","Apotheosis","Go for the Eyes","Beam Cell"],"campfire_rested":3,"item_purchase_floors":[8,14,19,19,19],"current_hp_per_floor":[64,64,64,64,64,64,54,54,54,54,52,52,51,51,51,26,56,45,45,45,32,23,42,42,23,23,42,25,17,17,14,33,0],"gold":279,"neow_bonus":"THREE_RARE_CARDS","is_prod":false,"is_daily":false,"chose_seed":false,"campfire_upgraded":3,"win_rate":0,"timestamp":1568791244,"path_taken":["M","?","$","?","?","R","E","$","T","R","?","?","M","?","R","BOSS","M","$","?","M","M","R","?","M","T","R","M","M","?","M","R","BOSS"],"build_version":"2019-09-17","purchased_purges":0,"victory":false,"max_hp_per_floor":[71,66,66,66,66,66,66,66,66,66,66,66,66,66,66,66,66,66,66,66,66,66,66,66,66,66,66,66,66,66,66,66,66],"card_choices":[{"not_picked":["Reboot","Machine Learning"],"picked":"Hyperbeam","floor":0.0},{"not_picked":["Gash","Recycle"],"picked":"Beam Cell","floor":1.0},{"not_picked":["Double Energy","Cold Snap"],"picked":"Blizzard","floor":5.0},{"not_picked":["Amplify","Hologram"],"picked":"Self Repair","floor":7.0},{"not_picked":["Streamline","Turbo"],"picked":"Coolheaded","floor":11.0},{"not_picked":["Fusion","Redo"],"picked":"Hologram","floor":13.0},{"not_picked":["Hyperbeam","Buffer"],"picked":"Echo Form","floor":16.0},{"not_picked":["Coolheaded","Hologram"],"picked":"Gash","floor":18.0},{"not_picked":["Barrage+1","Steam Power"],"picked":"Coolheaded","floor":21.0},{"not_picked":["Streamline","Skim"],"picked":"Gash+1","floor":22.0},{"not_picked":["Compile Driver","Steam Power"],"picked":"Steam","floor":25.0},{"not_picked":["Loop","Lockon","Doom and Gloom"],"picked":"SKIP","floor":28.0},{"not_picked":["Lockon","Stack"],"picked":"Self Repair+1","floor":29.0},{"not_picked":["Cold Snap+1","Consume"],"picked":"Hyperbeam","floor":31.0}],"player_experience":1384119,"relics_obtained":[{"floor":7.0,"key":"Mummified Hand"},{"floor":9.0,"key":"Centennial Puzzle"},{"floor":30.0,"key":"Frozen Egg 2"}],"event_choices":[{"damage_healed":0.0,"max_hp_gain":0.0,"max_hp_loss":5.0,"gold_gain":0.0,"event_name":"Golden Idol","player_choice":"Lose Max HP","floor":2.0,"gold_loss":0.0,"damage_taken":0.0,"relics_obtained":["Golden Idol"]},{"damage_healed":0.0,"max_hp_gain":0.0,"max_hp_loss":0.0,"gold_gain":0.0,"event_name":"Lab","player_choice":"Got Potions","floor":4.0,"gold_loss":0.0,"damage_taken":0.0},{"damage_healed":0.0,"max_hp_gain":0.0,"max_hp_loss":0.0,"gold_gain":100.0,"event_name":"Golden Shrine","player_choice":"Pray","floor":12.0,"gold_loss":0.0,"damage_taken":0.0},{"damage_healed":0.0,"max_hp_gain":0.0,"max_hp_loss":0.0,"gold_gain":0.0,"event_name":"The Mausoleum","player_choice":"Opened","floor":20.0,"gold_loss":0.0,"damage_taken":0.0,"relics_obtained":["Tiny Chest"]},{"damage_healed":0.0,"max_hp_gain":0.0,"max_hp_loss":0.0,"gold_gain":99.0,"event_name":"Nest","player_choice":"Stole From Cult","floor":24.0,"gold_loss":0.0,"damage_taken":0.0}],"is_beta":true,"boss_relics":[{"not_picked":["Black Star","FrozenCore"],"picked":"Pandora\u0027s Box"}],"items_purged_floors":[],"is_endless":false,"potions_floor_spawned":[7,16,18,22,29],"killed_by":"Collector","ascension_level":14}