{"gold_per_floor":[412,6,156,156,171,171,205,130,130,130,130,157,172,203,203,276,276,196,40,50,50,66,66,97,18,18,31,31,61,61,78,78,78],"floor_reached":33,"playtime":1966,"items_purged":["Strike_G","Strike_G"],"score":628,"play_id":"6bfd1a30-8693-4ef6-a853-3192e1451946","local_time":"20190521145009","is_ascension_mode":true,"campfire_choices":[{"floor":6.0,"key":"REST"},{"floor":10.0,"key":"REST"},{"data":"Footwork","floor":15.0,"key":"SMITH"},{"floor":23.0,"key":"REST"},{"data":"Calculated Gamble","floor":28.0,"key":"SMITH"},{"data":"Noxious Fumes","floor":32.0,"key":"SMITH"}],"neow_cost":"PERCENT_DAMAGE","seed_source_timestamp":342133251687639,"circlet_count":0,"master_deck":["AscendersBane","Defend_G","Defend_G","Defend_G","Defend_G","Defend_G","Strike_G","Strike_G","Strike_G","Survivor","Neutralize","Deadly Poison","Noxious Fumes+1","Acrobatics","Footwork+1","Underhanded Strike","Dagger Spray","After Image","PiercingWail+1","Prepared","PiercingWail","Flechettes","Dodge and Roll","Calculated Gamble+1","Dash","Dodge and Roll"],"special_seed":0,"relics":["Ring of the Snake","Old Coin","Tough Bandages","Pen Nib","Art of War","PreservedInsect","Blood Vial","Sozu","Bronze Scales","Du-Vu Doll","Shuriken"],"potions_floor_usage":[],"damage_taken":[{"damage":4.0,"enemies":"Small Slimes","floor":1.0,"turns":4.0},{"damage":11.0,"enemies":"Jaw Worm","floor":5.0,"turns":5.0},{"damage":29.0,"enemies":"3 Sentries","floor":7.0,"turns":8.0},{"damage":0.0,"enemies":"2 Louse","floor":13.0,"turns":3.0},{"damage":15.0,"enemies":"Lagavulin","floor":14.0,"turns":6.0},{"damage":20.0,"enemies":"Hexaghost","floor":16.0,"turns":10.0},{"damage":11.0,"enemies":"2 Thieves","floor":18.0,"turns":4.0},{"damage":0.0,"enemies":"3 Byrds","floor":20.0,"turns":5.0},{"damage":31.0,"enemies":"Shelled Parasite and Fungi","floor":22.0,"turns":10.0},{"damage":2.0,"enemies":"Gremlin Leader","floor":24.0,"turns":7.0},{"damage":7.0,"enemies":"Snake Plant","floor":27.0,"turns":6.0},{"damage":0.0,"enemies":"Book of Stabbing","floor":29.0,"turns":5.0},{"damage":4.0,"enemies":"Snecko","floor":31.0,"turns":7.0},{"damage":44,"enemies":"Automaton","floor":33,"turns":12}],"seed_played":"5253658410020806630","potions_obtained":[{"floor":5.0,"key":"PowerPotion"},{"floor":14.0,"key":"Block Potion"}],"is_trial":false,"path_per_floor":["M","$","?","?","M","R","E","$","T","R","?","T","M","E","R","B",null,"M","$","M","?","M","R","E","$","T","M","R","E","?","M","R","B"],"character_chosen":"THE_SILENT","items_purchased":["Noxious Fumes","Tough Bandages","Prepared","Calculated Gamble"],"campfire_rested":3,"item_purchase_floors":[2,2,19,25],"current_hp_per_floor":[40,40,40,33,22,41,12,12,12,31,36,36,36,21,21,3,54,45,45,47,47,18,39,39,39,39,34,34,36,36,34,34,0],"gold":78,"neow_bonus":"ONE_RARE_RELIC","is_prod":false,"is_daily":false,"chose_seed":false,"campfire_upgraded":3,"win_rate":0,"timestamp":1558464609,"path_taken":["M","$","?","?","M","R","E","$","T","R","?","?","?","E","R","BOSS","M","$","M","?","M","R","E","$","T","M","R","E","?","M","R","BOSS"],"build_version":"2019-01-23","purchased_purges":2,"victory":false,"max_hp_per_floor":[66,66,66,66,66,66,66,66,66,66,71,71,71,71,71,71,71,71,71,71,71,71,71,71,71,71,71,71,71,71,71,71,71],"card_choices":[{"not_picked":["Acrobatics","Quick Slash"],"picked":"Deadly Poison","floor":1.0},{"not_picked":["Bane","Cloak And Dagger"],"picked":"Acrobatics","floor":5.0},{"not_picked":["Accuracy","Envenom"],"picked":"Footwork","floor":7.0},{"not_picked":["Outmaneuver","Flying Knee"],"picked":"Underhanded Strike","floor":13.0},{"not_picked":["Prepared","Escape Plan"],"picked":"Dagger Spray","floor":14.0},{"not_picked":["Venomology","Adrenaline"],"picked":"After Image","floor":16.0},{"not_picked":["Endless Agony+1","Underhanded Strike"],"picked":"PiercingWail+1","floor":18.0},{"not_picked":["Dash","Sucker Punch"],"picked":"PiercingWail","floor":20.0},{"not_picked":["Riddle With Holes","Predator"],"picked":"Flechettes","floor":22.0},{"not_picked":["Predator","Outmaneuver+1"],"picked":"Dodge and Roll","floor":24.0},{"not_picked":["Terror","Underhanded Strike"],"picked":"Dash","floor":27.0},{"not_picked":["Underhanded Strike","Dash","Accuracy+1"],"picked":"SKIP","floor":29.0},{"not_picked":["Underhanded Strike","Slice"],"picked":"Dodge and Roll","floor":31.0}],"player_experience":552080,"relics_obtained":[{"floor":7.0,"key":"Pen Nib"},{"floor":9.0,"key":"Art of War"},{"floor":12.0,"key":"PreservedInsect"},{"floor":14.0,"key":"Blood Vial"},{"floor":24.0,"key":"Bronze Scales"},{"floor":26.0,"key":"Du-Vu Doll"},{"floor":29.0,"key":"Shuriken"}],"event_choices":[{"damage_healed":0.0,"max_hp_gain":0.0,"max_hp_loss":0.0,"gold_gain":150.0,"event_name":"Liars Game","player_choice":"AGREE","floor":3.0,"gold_loss":0.0,"damage_taken":0.0,"cards_obtained":["Doubt"]},{"cards_removed":["Doubt"],"damage_healed":0.0,"max_hp_gain":0.0,"max_hp_loss":0.0,"gold_gain":0.0,"event_name":"Golden Wing","player_choice":"Card Removal","floor":4.0,"gold_loss":0.0,"damage_taken":7.0},{"damage_healed":0.0,"max_hp_gain":5.0,"max_hp_loss":0.0,"gold_gain":0.0,"event_name":"Big Fish","player_choice":"Donut","floor":11.0,"gold_loss":0.0,"damage_taken":0.0},{"damage_healed":0.0,"max_hp_gain":0.0,"max_hp_loss":0.0,"gold_gain":0.0,"event_name":"Vampires","player_choice":"Ignored","floor":21.0,"gold_loss":0.0,"damage_taken":0.0},{"damage_healed":0.0,"max_hp_gain":0.0,"max_hp_loss":0.0,"gold_gain":0.0,"event_name":"Ghosts","player_choice":"Ignored","floor":30.0,"gold_loss":0.0,"damage_taken":0.0}],"is_beta":false,"boss_relics":[{"not_picked":["Calling Bell","Eternal Feather"],"picked":"Sozu"}],"items_purged_floors":[8,19],"is_endless":false,"potions_floor_spawned":[5,14,24,29,31],"killed_by":"Automaton","ascension_level":20}