{"gold_per_floor":[109,126,126,50,50,80,80,96,96,106,106,138,150,185,185,185],"floor_reached":16,"playtime":690,"items_purged":[],"score":290,"play_id":"d3fe3c15-29b7-4eb8-8bc6-f8ff0e6c4545","local_time":"20190204164058","is_ascension_mode":true,"campfire_choices":[{"data":"Bash","floor":7,"key":"SMITH"},{"data":"Body Slam","floor":11,"key":"SMITH"},{"data":"Clothesline","floor":15,"key":"SMITH"}],"neow_cost":"NONE","seed_source_timestamp":2485264476776534,"circlet_count":0,"master_deck":["AscendersBane","Strike_R","Strike_R","Strike_R","Strike_R","Strike_R","Defend_R","Defend_R+1","Defend_R+1","Defend_R","Bash+1","Body Slam+1","Metallicize","Shockwave","Twin Strike","Dark Embrace","Clothesline+1","True Grit"],"relics":["Burning Blood","NeowsBlessing","Meat on the Bone","Orichalcum","Mango","Sundial","PreservedInsect"],"potions_floor_usage":[14],"damage_taken":[{"damage":0,"enemies":"Small Slimes","floor":1,"turns":1},{"damage":0,"enemies":"Jaw Worm","floor":2,"turns":1},{"damage":0,"enemies":"3 Sentries","floor":6,"turns":2},{"damage":0,"enemies":"2 Louse","floor":8,"turns":3},{"damage":14,"enemies":"Exordium Wildlife","floor":10,"turns":7},{"damage":45,"enemies":"Lagavulin","floor":12,"turns":11},{"damage":12,"enemies":"Lots of Slimes","floor":13,"turns":6},{"damage":21,"enemies":"3 Sentries","floor":14,"turns":10},{"damage":42,"enemies":"Slime Boss","floor":16,"turns":7}],"seed_played":"7483753968693293287","potions_obtained":[{"floor":1,"key":"Dexterity Potion"},{"floor":2,"key":"GamblersBrew"},{"floor":13,"key":"AttackPotion"},{"floor":14,"key":"LiquidBronze"}],"is_trial":false,"path_per_floor":["M","M","?","$","?","E","R","M","T","M","R","E","M","E","R","B"],"character_chosen":"IRONCLAD","items_purchased":["Metallicize"],"campfire_rested":0,"item_purchase_floors":[4],"current_hp_per_floor":[74,75,52,52,41,47,47,53,67,59,59,32,38,35,35,0],"gold":185,"neow_bonus":"THREE_ENEMY_KILL","is_prod":false,"is_daily":false,"chose_seed":false,"campfire_upgraded":3,"win_rate":0,"timestamp":1549327258,"path_taken":["M","M","?","$","?","E","R","M","T","M","R","E","M","E","R","BOSS"],"build_version":"2019-01-23","purchased_purges":0,"victory":false,"max_hp_per_floor":[75,75,75,75,75,75,75,75,89,89,89,89,89,89,89,89],"card_choices":[{"not_picked":["Blood for Blood","Sever Soul","Heavy Blade"],"picked":"SKIP","floor":1},{"not_picked":["Sever Soul","Hemokinesis"],"picked":"Body Slam","floor":2},{"not_picked":["Clash","Rage"],"picked":"Shockwave","floor":6},{"not_picked":["Cleave","Dual Wield"],"picked":"Twin Strike","floor":8},{"not_picked":["Power Through","Havoc"],"picked":"Dark Embrace","floor":10},{"not_picked":["Second Wind","Rupture","Flex"],"picked":"SKIP","floor":12},{"not_picked":["Dropkick","Headbutt"],"picked":"Clothesline","floor":13},{"not_picked":["Wild Strike","Sentinel"],"picked":"True Grit","floor":14}],"player_experience":1216114,"relics_obtained":[{"floor":6,"key":"Orichalcum"},{"floor":9,"key":"Mango"},{"floor":12,"key":"Sundial"},{"floor":14,"key":"PreservedInsect"}],"event_choices":[{"damage_healed":0,"gold_gain":0,"player_choice":"Entered Light","damage_taken":23,"max_hp_gain":0,"max_hp_loss":0,"event_name":"Shining Light","floor":3,"gold_loss":0,"cards_upgraded":["Defend_R","Defend_R"]},{"damage_healed":0,"gold_gain":0,"player_choice":"Success","damage_taken":11,"relics_obtained":["Meat on the Bone"],"max_hp_gain":0,"max_hp_loss":0,"event_name":"Scrap Ooze","floor":5,"gold_loss":0}],"is_beta":true,"boss_relics":[],"items_purged_floors":[],"is_endless":false,"potions_floor_spawned":[1,2,13,14],"killed_by":"Slime Boss","ascension_level":20}