{"gold_per_floor":[115,115,135,152,122,140,151,151,151,151,167,181,181,195,195,299,299,312,328,328],"floor_reached":20,"playtime":1590,"items_purged":[],"score":189,"play_id":"9ed0f519-a2d3-4286-ae9e-28a9cd7d3407","local_time":"20180813224118","is_ascension_mode":true,"campfire_choices":[{"data":"Armaments","floor":8,"key":"SMITH"},{"floor":13,"key":"REST"},{"data":"Pommel Strike","floor":15,"key":"SMITH"}],"neow_cost":"NONE","seed_source_timestamp":123751164888387,"circlet_count":0,"master_deck":["Strike_R","Strike_R","Strike_R","Strike_R","Defend_R","Defend_R","Defend_R","Defend_R","Bash","Pommel Strike+1","Cleave","Iron Wave","Shrug It Off","Warcry","Iron Wave","Armaments+1","Thunderclap","Limit Break","Headbutt","Disarm","Intimidate"],"relics":["Black Blood","Blood Vial","Letter Opener"],"potions_floor_usage":[16,16,18,20],"damage_taken":[{"damage":18,"enemies":"Jaw Worm","floor":1,"turns":4},{"damage":1,"enemies":"Cultist","floor":3,"turns":3},{"damage":1,"enemies":"2 Louse","floor":4,"turns":2},{"damage":13,"enemies":"Exordium Thugs","floor":5,"turns":5},{"damage":39,"enemies":"Gremlin Gang","floor":6,"turns":4},{"damage":11,"enemies":"Blue Slaver","floor":7,"turns":4},{"damage":5,"enemies":"Exordium Thugs","floor":11,"turns":5},{"damage":0,"enemies":"Gremlin Gang","floor":12,"turns":3},{"damage":8,"enemies":"Blue Slaver","floor":14,"turns":4},{"damage":61,"enemies":"Slime Boss","floor":16,"turns":11},{"damage":13,"enemies":"3 Byrds","floor":18,"turns":7},{"damage":52,"enemies":"2 Thieves","floor":19,"turns":5},{"damage":54,"floor":20,"turns":3}],"seed_played":"-7053766809660447652","potions_obtained":[{"floor":1,"key":"Dexterity Potion"},{"floor":5,"key":"Ancient Potion"},{"floor":7,"key":"EssenceOfSteel"},{"floor":12,"key":"AttackPotion"},{"floor":14,"key":"Weak Potion"},{"floor":16,"key":"GamblersBrew"}],"is_trial":false,"path_per_floor":["M","?","M","M","M","M","M","R","T","?","M","M","R","M","R","B",null,"M","M"],"character_chosen":"IRONCLAD","items_purchased":[],"campfire_rested":1,"item_purchase_floors":[],"current_hp_per_floor":[68,68,75,80,73,42,39,39,39,32,35,43,67,67,67,14,80,77,37,0],"gold":328,"neow_bonus":"THREE_CARDS","is_prod":false,"is_daily":false,"chose_seed":false,"campfire_upgraded":2,"win_rate":0,"timestamp":1534225278,"path_taken":["M","?","?","M","M","M","?","R","T","?","M","M","R","M","R","BOSS","M","M","?"],"build_version":"2018-08-09","purchased_purges":0,"victory":false,"max_hp_per_floor":[80,80,80,80,80,80,80,80,80,80,80,80,80,80,80,80,80,80,80,80],"card_choices":[{"not_picked":["Perfected Strike","Reckless Charge"],"picked":"Pommel Strike","floor":0},{"not_picked":["Rampage","Carnage"],"picked":"Cleave","floor":1},{"not_picked":["Pommel Strike","Flame Barrier"],"picked":"Iron Wave","floor":3},{"not_picked":["Dropkick","Cleave"],"picked":"Shrug It Off","floor":4},{"not_picked":["True Grit","Second Wind"],"picked":"Warcry","floor":5},{"not_picked":["Twin Strike","Clothesline"],"picked":"Iron Wave","floor":6},{"not_picked":["Shrug It Off","Cleave"],"picked":"Armaments","floor":7},{"not_picked":["Shockwave","Anger"],"picked":"Thunderclap","floor":11},{"not_picked":["Body Slam","Havoc"],"picked":"Limit Break","floor":12},{"not_picked":["Iron Wave","Pommel Strike"],"picked":"Headbutt","floor":14},{"not_picked":["Twin Strike","True Grit"],"picked":"Disarm","floor":18},{"not_picked":["Clash","Thunderclap+1"],"picked":"Intimidate","floor":19}],"player_experience":206720,"relics_obtained":[{"floor":9,"key":"Letter Opener"}],"event_choices":[{"event_name":"WeMeetAgain","player_choice":"Potion","floor":2,"damage_taken":0},{"event_name":"Golden Wing","player_choice":"Card Removal","floor":10,"damage_taken":0},{"event_name":"Masked Bandits","player_choice":"Fought Bandits","floor":20,"damage_taken":0}],"is_beta":false,"boss_relics":[{"not_picked":["Runic Dome","Coffee Dripper"],"picked":"Black Blood"}],"items_purged_floors":[],"is_endless":false,"potions_floor_spawned":[1,5,7,12,14,16],"ascension_level":2}