{"gold_per_floor":[20,38,38,38,58,58,58,89,89,118,130,130,159,1,1,80,80,97,117,117,42,55,90,114,126,163,175,221,244,256,283,295,378,390,414,3,23,35,35,35,70,89,89,89,89,114,114,130,130,130,130],"floor_reached":52,"playtime":4619,"items_purged":["Writhe"],"score":2115,"play_id":"aaaff6b4-ca8a-4a60-8df7-3bea9af72f39","local_time":"20190729002600","is_ascension_mode":true,"campfire_choices":[{"data":"Bouncing Flask","floor":6.0,"key":"SMITH"},{"data":"Sucker Punch","floor":12.0,"key":"SMITH"},{"data":"Catalyst","floor":15,"key":"SMITH"},{"data":"Noxious Fumes","floor":25,"key":"SMITH"},{"data":"Cloak And Dagger","floor":30,"key":"SMITH"},{"data":"Blade Dance","floor":32,"key":"SMITH"},{"data":"After Image","floor":40,"key":"SMITH"},{"data":"Wraith Form v2","floor":44,"key":"SMITH"},{"data":"Burst","floor":47,"key":"SMITH"},{"data":"Crippling Poison","floor":49,"key":"SMITH"}],"neow_cost":"NO_GOLD","seed_source_timestamp":3018908639705200,"circlet_count":0,"master_deck":["AscendersBane","Strike_G","Strike_G","Defend_G","Defend_G","Defend_G+1","Defend_G+1","Survivor","Neutralize+1","Heel Hook","Bouncing Flask+1","Deflect","Backflip+1","Cloak And Dagger+1","Sucker Punch+1","Bane","Blade Dance+1","Crippling Poison+1","Catalyst+1","Noxious Fumes+1","Wraith Form v2+1","Escape Plan+1","Slice+1","Leg Sweep+1","Die Die Die+1","PiercingWail","Heel Hook+1","Backstab+1","Backstab+1","After Image+1","Deflect+1","Crippling Poison+1","Cloak And Dagger+1","Burst+1","Dash+1","Heel Hook+1"],"special_seed":0,"relics":["Ring of the Snake","Meat on the Bone","Ornamental Fan","Turnip","Orichalcum","Coffee Dripper","Molten Egg 2","MawBank","PreservedInsect","Ancient Tea Set","Black Star","Ice Cream","Lantern","The Courier","War Paint","Tough Bandages","Letter Opener","Vajra"],"potions_floor_usage":[13,23,28,38,41,50,50],"damage_taken":[{"damage":4.0,"enemies":"2 Louse","floor":1.0,"turns":3.0},{"damage":0.0,"enemies":"Small Slimes","floor":2.0,"turns":3.0},{"damage":0.0,"enemies":"Cultist","floor":5.0,"turns":3.0},{"damage":14.0,"enemies":"Lagavulin","floor":8.0,"turns":6.0},{"damage":17.0,"enemies":"3 Sentries","floor":10.0,"turns":11.0},{"damage":6.0,"enemies":"Looter","floor":11.0,"turns":4.0},{"damage":12,"enemies":"Lagavulin","floor":13,"turns":5},{"damage":0,"enemies":"The Guardian","floor":16,"turns":7},{"damage":7,"enemies":"Shell Parasite","floor":18,"turns":3},{"damage":1,"enemies":"3 Byrds","floor":19,"turns":5},{"damage":11,"enemies":"Snake Plant","floor":22,"turns":4},{"damage":2,"enemies":"Book of Stabbing","floor":23,"turns":5},{"damage":3,"enemies":"Chosen and Byrds","floor":24,"turns":5},{"damage":0,"enemies":"Gremlin Leader","floor":28,"turns":4},{"damage":6,"enemies":"Centurion and Healer","floor":29,"turns":7},{"damage":0,"enemies":"Snake Plant","floor":31,"turns":4},{"damage":15,"enemies":"Collector","floor":33,"turns":6},{"damage":2,"enemies":"3 Darklings","floor":35,"turns":4},{"damage":0,"enemies":"Orb Walker","floor":37,"turns":4},{"damage":12,"enemies":"Jaw Worm Horde","floor":38,"turns":3},{"damage":28,"enemies":"Giant Head","floor":41,"turns":8},{"damage":17,"enemies":"Transient","floor":42,"turns":6},{"damage":0,"enemies":"Reptomancer","floor":46,"turns":6},{"damage":0,"enemies":"3 Darklings","floor":48,"turns":4},{"damage":17,"enemies":"Donu and Deca","floor":50,"turns":8},{"damage":31,"enemies":"Awakened One","floor":51,"turns":16}],"seed_played":"-261546223440681856","potions_obtained":[{"floor":8.0,"key":"Ancient Potion"},{"floor":10.0,"key":"FearPotion"},{"floor":13,"key":"Strength Potion"},{"floor":22,"key":"PowerPotion"},{"floor":31,"key":"SkillPotion"},{"floor":33,"key":"PowerPotion"},{"floor":38,"key":"AttackPotion"},{"floor":46,"key":"Fire Potion"}],"is_trial":false,"path_per_floor":["M","M","?","?","M","R","?","E","T","E","M","R","E","$","R","B",null,"M","M","?","$","M","E","M","R","T","?","E","M","R","M","R","B",null,"M","$","M","M","T","R","E","M","T","R","?","E","R","M","R","B","B",null],"character_chosen":"THE_SILENT","items_purchased":["Catalyst","Noxious Fumes","Ice Cream","Crippling Poison"],"campfire_rested":0,"item_purchase_floors":[14,14,36,36],"current_hp_per_floor":[55,55,35,57,57,57,57,43,43,38,44,44,44,44,44,44,61,54,53,53,53,42,40,37,37,37,37,37,43,43,43,43,40,60,58,58,58,46,46,46,30,25,25,25,25,37,37,37,37,32,13],"gold":130,"neow_bonus":"TRANSFORM_TWO_CARDS","is_prod":false,"is_daily":false,"chose_seed":false,"campfire_upgraded":10,"win_rate":0,"timestamp":1564385160,"path_taken":["M","M","?","?","M","R","?","E","T","E","M","R","E","$","R","BOSS","M","?","?","$","M","E","M","R","T","?","E","M","R","M","R","BOSS","M","?","M","M","?","R","E","M","T","R","?","E","R","?","R","BOSS","BOSS"],"build_version":"2019-07-18","purchased_purges":1,"victory":true,"max_hp_per_floor":[66,66,66,66,66,66,66,66,66,66,66,66,66,66,66,66,66,66,66,66,66,66,66,66,66,66,66,66,66,66,66,66,66,66,66,66,66,66,66,66,66,66,66,66,66,66,66,66,66,66,66],"card_choices":[{"not_picked":["Slice","Flying Knee"],"picked":"Deflect","floor":1.0},{"not_picked":["Slice","Flying Knee"],"picked":"Backflip","floor":2.0},{"not_picked":["Grand Finale","Terror"],"picked":"Cloak And Dagger","floor":5.0},{"not_picked":["Dagger Spray","Backflip"],"picked":"Sucker Punch","floor":8.0},{"not_picked":["Reflex","Acrobatics"],"picked":"Bane","floor":10.0},{"not_picked":["Blur","Flying Knee"],"picked":"Blade Dance","floor":11.0},{"not_picked":["Sucker Punch","Skewer"],"picked":"Crippling Poison","floor":13},{"not_picked":["Venomology","Doppelganger"],"picked":"Wraith Form v2","floor":16},{"not_picked":["Sucker Punch","Flying Knee"],"picked":"Escape Plan+1","floor":18},{"not_picked":["Backflip","Bouncing Flask"],"picked":"Slice+1","floor":19},{"not_picked":["Distraction","Bane+1"],"picked":"Leg Sweep+1","floor":22},{"not_picked":["Dagger Spray+1","Tools of the Trade"],"picked":"Die Die Die+1","floor":23},{"not_picked":["Skewer+1","Dagger Spray+1"],"picked":"PiercingWail","floor":24},{"not_picked":["Blade Dance","Noxious Fumes"],"picked":"Heel Hook+1","floor":28},{"not_picked":["Blade Dance","Outmaneuver"],"picked":"Backstab+1","floor":29},{"not_picked":["Dodge and Roll","Acrobatics"],"picked":"Backstab+1","floor":31},{"not_picked":["Wraith Form v2","Unload+1"],"picked":"After Image","floor":33},{"not_picked":["Predator+1","Quick Slash+1"],"picked":"Deflect+1","floor":35},{"not_picked":["Flying Knee+1","Dash+1"],"picked":"Cloak And Dagger+1","floor":37},{"not_picked":["Blade Dance","Backflip","Acrobatics"],"picked":"SKIP","floor":38},{"not_picked":["Dodge and Roll+1","Dagger Spray+1"],"picked":"Burst","floor":41},{"not_picked":["Dodge and Roll","Deadly Poison"],"picked":"Dash+1","floor":42},{"not_picked":["Cloak And Dagger+1","Accuracy"],"picked":"Heel Hook+1","floor":46},{"not_picked":["Heel Hook+1","Caltrops","Prepared+1"],"picked":"SKIP","floor":48}],"player_experience":3505865,"relics_obtained":[{"floor":8.0,"key":"Meat on the Bone"},{"floor":9.0,"key":"Ornamental Fan"},{"floor":10.0,"key":"Turnip"},{"floor":13,"key":"Orichalcum"},{"floor":23,"key":"MawBank"},{"floor":26,"key":"PreservedInsect"},{"floor":28,"key":"Ancient Tea Set"},{"floor":39,"key":"Lantern"},{"floor":41,"key":"The Courier"},{"floor":41,"key":"War Paint"},{"floor":43,"key":"Tough Bandages"},{"floor":46,"key":"Letter Opener"},{"floor":46,"key":"Vajra"}],"event_choices":[{"damage_healed":0.0,"max_hp_gain":0.0,"max_hp_loss":0.0,"gold_gain":0.0,"event_name":"Shining Light","player_choice":"Entered Light","floor":3.0,"gold_loss":0.0,"damage_taken":20.0,"cards_upgraded":["Defend_G","Neutralize"]},{"damage_healed":22.0,"max_hp_gain":0.0,"max_hp_loss":0.0,"gold_gain":0.0,"event_name":"Big Fish","player_choice":"Banana","floor":4.0,"gold_loss":0.0,"damage_taken":0.0},{"cards_removed":["Strike_G"],"damage_healed":0.0,"max_hp_gain":0.0,"max_hp_loss":0.0,"gold_gain":0.0,"event_name":"Purifier","player_choice":"Purged","floor":7.0,"gold_loss":0.0,"damage_taken":0.0},{"damage_healed":0,"gold_gain":0,"player_choice":"Opened","damage_taken":0,"relics_obtained":["Molten Egg 2"],"max_hp_gain":0,"max_hp_loss":0,"event_name":"The Mausoleum","floor":20,"gold_loss":0,"cards_obtained":["Writhe"]},{"damage_healed":0,"gold_gain":0,"player_choice":"Upgraded","damage_taken":0,"max_hp_gain":0,"max_hp_loss":0,"event_name":"Upgrade Shrine","floor":27,"gold_loss":0,"cards_upgraded":["Crippling Poison"]},{"cards_removed":["Strike_G"],"damage_healed":0,"gold_gain":0,"player_choice":"Purged","damage_taken":0,"max_hp_gain":0,"max_hp_loss":0,"event_name":"Purifier","floor":45,"gold_loss":0}],"is_beta":true,"boss_relics":[{"not_picked":["Runic Dome","Ectoplasm"],"picked":"Coffee Dripper"},{"not_picked":["Philosopher\u0027s Stone","Orrery"],"picked":"Black Star"}],"items_purged_floors":[21],"is_endless":false,"potions_floor_spawned":[8,10,13,22,31,33,37,38,46,48],"ascension_level":20}