{"gold_per_floor":[115,128,145,145,27,27,37,37,37,71,71,84,84,99,99,99],"floor_reached":16,"playtime":876,"items_purged":["Defend_B"],"score":254,"play_id":"29a54c3f-f08c-4580-83ba-f27b45dc529a","local_time":"20190804170731","is_ascension_mode":true,"campfire_choices":[{"data":"Zap","floor":6,"key":"SMITH"},{"data":"Recycle","floor":11,"key":"SMITH"},{"data":"Consume","floor":15,"key":"SMITH"}],"neow_cost":"NONE","seed_source_timestamp":3601185591661500,"circlet_count":0,"master_deck":["AscendersBane","Strike_B","Strike_B+1","Strike_B","Strike_B","Defend_B","Defend_B+1","Defend_B","Zap+1","Dualcast","Conserve Battery","Glacier","Barrage","Hologram","Doom and Gloom","Cold Snap","Recycle+1","Redo","Consume+1"],"relics":["Cracked Core","Bag of Preparation","Molten Egg 2","Oddly Smooth Stone"],"potions_floor_usage":[10,10,16,16],"damage_taken":[{"damage":5,"enemies":"Jaw Worm","floor":1,"turns":5},{"damage":6,"enemies":"Small Slimes","floor":2,"turns":4},{"damage":1,"enemies":"2 Louse","floor":3,"turns":3},{"damage":0,"enemies":"Exordium Thugs","floor":7,"turns":3},{"damage":0,"enemies":"Gremlin Nob","floor":10,"turns":4},{"damage":3,"enemies":"Blue Slaver","floor":12,"turns":2},{"damage":0,"enemies":"Red Slaver","floor":14,"turns":2},{"damage":33,"enemies":"Hexaghost","floor":16,"turns":9}],"seed_played":"-3431577993240245535","potions_obtained":[{"floor":3,"key":"Block Potion"},{"floor":7,"key":"EssenceOfSteel"},{"floor":10,"key":"PowerPotion"},{"floor":14,"key":"GamblersBrew"}],"is_trial":false,"path_per_floor":["M","M","M","?","$","R","M","?","T","E","R","M","?","M","R","B"],"character_chosen":"DEFECT","items_purchased":["Doom and Gloom"],"campfire_rested":0,"item_purchase_floors":[5],"current_hp_per_floor":[59,53,52,31,31,31,31,54,54,54,54,51,33,33,33,0],"gold":99,"neow_bonus":"THREE_CARDS","is_prod":false,"is_daily":false,"chose_seed":false,"campfire_upgraded":3,"win_rate":0,"timestamp":1564963651,"path_taken":["M","M","M","?","$","R","M","?","T","E","R","M","?","?","R","BOSS"],"build_version":"2019-07-18","purchased_purges":1,"victory":false,"max_hp_per_floor":[71,71,71,71,71,71,71,71,71,71,71,71,71,71,71,71],"card_choices":[{"not_picked":["Lockon","Static Discharge"],"picked":"Conserve Battery","floor":0},{"not_picked":["Steam","Defragment"],"picked":"Glacier","floor":1},{"not_picked":["Self Repair","Streamline"],"picked":"Barrage","floor":2},{"not_picked":["Scrape","Compile Driver"],"picked":"Hologram","floor":3},{"not_picked":["Recycle","Undo"],"picked":"Cold Snap","floor":7},{"not_picked":["Streamline","Turbo"],"picked":"Recycle","floor":10},{"not_picked":["Ball Lightning+1","Compile Driver+1"],"picked":"Redo","floor":12},{"not_picked":["Sunder+1","Rebound+1"],"picked":"Consume","floor":14}],"player_experience":3512712,"relics_obtained":[{"floor":9,"key":"Bag of Preparation"},{"floor":10,"key":"Molten Egg 2"}],"event_choices":[{"damage_healed":0,"gold_gain":0,"player_choice":"Entered Light","damage_taken":21,"max_hp_gain":0,"max_hp_loss":0,"event_name":"Shining Light","floor":4,"gold_loss":0,"cards_upgraded":["Defend_B","Strike_B"]},{"damage_healed":23,"gold_gain":0,"player_choice":"Banana","damage_taken":0,"max_hp_gain":0,"max_hp_loss":0,"event_name":"Big Fish","floor":8,"gold_loss":0},{"damage_healed":0,"gold_gain":0,"player_choice":"Success","damage_taken":18,"relics_obtained":["Oddly Smooth Stone"],"max_hp_gain":0,"max_hp_loss":0,"event_name":"Scrap Ooze","floor":13,"gold_loss":0}],"is_beta":true,"boss_relics":[],"items_purged_floors":[5],"is_endless":false,"potions_floor_spawned":[3,7,10,14],"killed_by":"Hexaghost","ascension_level":20}