{"gold_per_floor":[115,115,128,128,108,137,137,152,152,152,169,169],"floor_reached":12,"playtime":367,"items_purged":[],"score":156,"play_id":"5bee115e-3fd7-4298-bef9-7af70a8e5d66","local_time":"20190126020423","is_ascension_mode":true,"campfire_choices":[{"data":"Perfected Strike","floor":7,"key":"SMITH"},{"data":"Perfected Strike","floor":10,"key":"SMITH"}],"neow_cost":"NONE","seed_source_timestamp":1655391219514297,"circlet_count":0,"master_deck":["AscendersBane","Strike_R","Strike_R","Strike_R","Strike_R","Strike_R","Defend_R","Defend_R","Defend_R","Defend_R","Bash","Exhume","Perfected Strike+1","Headbutt","Shrug It Off","Perfected Strike+1","Perfected Strike"],"relics":["Burning Blood","Blue Candle"],"potions_floor_usage":[6,12],"damage_taken":[{"damage":10,"enemies":"Small Slimes","floor":1,"turns":4},{"damage":9,"enemies":"Jaw Worm","floor":3,"turns":3},{"damage":32,"enemies":"Gremlin Nob","floor":6,"turns":4},{"damage":0,"enemies":"Cultist","floor":8,"turns":3},{"damage":11,"enemies":"Exordium Thugs","floor":11,"turns":4},{"damage":42,"enemies":"Lagavulin","floor":12,"turns":7}],"seed_played":"402947341850988081","potions_obtained":[{"floor":1,"key":"Poison Potion"},{"floor":5,"key":"Explosive Potion"},{"floor":8,"key":"Swift Potion"}],"is_trial":false,"path_per_floor":["M","$","M","?","?","E","R","M","T","R","M","E"],"character_chosen":"IRONCLAD","items_purchased":[],"campfire_rested":0,"item_purchase_floors":[],"current_hp_per_floor":[64,64,61,61,61,35,35,41,41,41,36,0],"gold":169,"neow_bonus":"ONE_RANDOM_RARE_CARD","is_prod":false,"is_daily":false,"chose_seed":false,"campfire_upgraded":2,"win_rate":0,"timestamp":1548497063,"path_taken":["M","$","M","?","?","E","R","M","T","R","M","E"],"build_version":"2019-01-23","purchased_purges":0,"victory":false,"max_hp_per_floor":[75,75,75,75,75,75,75,75,75,75,75,75],"card_choices":[{"not_picked":["Shockwave","Sword Boomerang"],"picked":"Perfected Strike","floor":1},{"not_picked":["Pommel Strike","Sword Boomerang"],"picked":"Headbutt","floor":3},{"not_picked":["Sword Boomerang","Headbutt"],"picked":"Shrug It Off","floor":6},{"not_picked":["Shrug It Off","Body Slam"],"picked":"Perfected Strike","floor":8},{"not_picked":["Headbutt","Warcry"],"picked":"Perfected Strike","floor":11}],"player_experience":1208740,"relics_obtained":[{"floor":9,"key":"Blue Candle"}],"event_choices":[{"damage_healed":0,"gold_gain":0,"player_choice":"Ignored","damage_taken":0,"max_hp_gain":0,"max_hp_loss":0,"event_name":"Liars Game","floor":4,"gold_loss":0},{"damage_healed":0,"gold_gain":0,"player_choice":"Bought 1 Potion","damage_taken":0,"max_hp_gain":0,"max_hp_loss":0,"event_name":"The Woman in Blue","floor":5,"gold_loss":0}],"is_beta":true,"boss_relics":[],"items_purged_floors":[],"is_endless":false,"potions_floor_spawned":[1,8,11],"killed_by":"Lagavulin","ascension_level":20}