{"gold_per_floor":[115,95,109,129,140,140,166,21,47,47,60,60,92,107,107,181,181,106,71,71,71,71,71,71,71],"floor_reached":25,"playtime":816,"items_purged":[],"score":398,"play_id":"d16ce45c-b113-46ec-b263-0a2ca90136f9","local_time":"20180712151325","is_ascension_mode":true,"campfire_choices":[{"data":"Darkness","floor":6,"key":"SMITH"},{"data":"Dualcast","floor":10,"key":"SMITH"},{"floor":12,"key":"REST"},{"floor":15,"key":"REST"},{"floor":23,"key":"REST"}],"neow_cost":"NONE","seed_source_timestamp":323207487873762,"circlet_count":0,"master_deck":["Defend_B","Defend_B","Defend_B","Defend_B","Zap+1","Dualcast+1","AscendersBane","Doom and Gloom","Gash","Darkness+1","Loop","Echo Form","Hologram","Multi-Cast","Melter","Cold Snap","Bite","Bite","Bite","Bite","Bite","Redo"],"relics":["Cracked Core","Pen Nib","Vajra","Potion Belt","Bronze Scales","Ectoplasm"],"potions_floor_usage":[7,13,14,25,25],"damage_taken":[{"damage":0,"enemies":"Jaw Worm","floor":1,"turns":3},{"damage":1,"enemies":"Cultist","floor":3,"turns":3},{"damage":0,"enemies":"Small Slimes","floor":4,"turns":2},{"damage":1,"enemies":"Exordium Wildlife","floor":5,"turns":3},{"damage":26,"enemies":"Gremlin Nob","floor":7,"turns":4},{"damage":14,"enemies":"Blue Slaver","floor":11,"turns":4},{"damage":5,"enemies":"3 Sentries","floor":13,"turns":4},{"damage":10,"enemies":"3 Louse","floor":14,"turns":2},{"damage":33,"enemies":"Hexaghost","floor":16,"turns":7},{"damage":39,"enemies":"2 Thieves","floor":18,"turns":4},{"damage":12,"enemies":"Chosen","floor":20,"turns":3},{"damage":17,"enemies":"Centurion and Healer","floor":24,"turns":4},{"damage":45,"enemies":"Book of Stabbing","floor":25,"turns":3}],"seed_played":"-2930922449971882420","potions_obtained":[{"floor":2,"key":"SmokeBomb"},{"floor":4,"key":"Weak Potion"},{"floor":5,"key":"Explosive Potion"},{"floor":13,"key":"GamblersBrew"},{"floor":18,"key":"SteroidPotion"},{"floor":24,"key":"PowerPotion"}],"is_trial":false,"path_per_floor":["M","?","M","M","M","R","E","$","T","R","M","R","E","M","R","B",null,"M","$","M","?","?","R","M"],"character_chosen":"DEFECT","items_purchased":["Vajra","Melter"],"campfire_rested":3,"item_purchase_floors":[8,19],"current_hp_per_floor":[64,64,63,63,62,62,36,36,36,36,22,43,38,28,49,16,57,18,18,6,6,6,20,19,0],"gold":71,"neow_bonus":"UPGRADE_CARD","is_prod":false,"is_daily":false,"chose_seed":false,"campfire_upgraded":2,"win_rate":0,"timestamp":1531433605,"path_taken":["M","?","M","M","M","R","E","$","T","R","M","R","E","M","R","BOSS","M","$","M","?","?","R","?","E"],"build_version":"2018-07-12","purchased_purges":0,"victory":false,"max_hp_per_floor":[71,71,71,71,71,71,71,71,71,71,71,71,71,71,71,71,71,71,71,71,49,49,49,49,49],"card_choices":[{"not_picked":["Turbo","Stack"],"picked":"Doom and Gloom","floor":1},{"not_picked":["Aggregate","Force Field"],"picked":"Gash","floor":3},{"not_picked":["Go for the Eyes","Redo"],"picked":"Darkness","floor":4},{"not_picked":["Steam","Redo"],"picked":"Loop","floor":5},{"not_picked":["Fission","Rebound"],"picked":"Echo Form","floor":7},{"not_picked":["Auto Shields","Turbo"],"picked":"Hologram","floor":11},{"not_picked":["Doom and Gloom","Fusion","Hologram"],"picked":"SKIP","floor":13},{"not_picked":["Undo","Hologram","Compile Driver"],"picked":"SKIP","floor":14},{"not_picked":["Buffer","Machine Learning"],"picked":"Multi-Cast","floor":16},{"not_picked":["Go for the Eyes","Sweeping Beam","Gash"],"picked":"SKIP","floor":18},{"not_picked":["Go for the Eyes","Heatsinks"],"picked":"Cold Snap","floor":20},{"not_picked":["Scrape","Gash"],"picked":"Redo","floor":24}],"player_experience":820579,"relics_obtained":[{"floor":7,"key":"Pen Nib"},{"floor":9,"key":"Potion Belt"},{"floor":13,"key":"Bronze Scales"}],"event_choices":[{"event_name":"The Woman in Blue","player_choice":"Bought 1 Potion","floor":2,"damage_taken":0},{"event_name":"Vampires","player_choice":"Became a vampire","floor":21,"damage_taken":0},{"event_name":"Cursed Tome","player_choice":"Ignored","floor":22,"damage_taken":0}],"boss_relics":[{"not_picked":["Black Star","Runic Pyramid"],"picked":"Ectoplasm"}],"items_purged_floors":[],"is_endless":false,"potions_floor_spawned":[4,5,13,18,24],"killed_by":"Book of Stabbing","ascension_level":15}