{"gold_per_floor":[367,384,349,367,50,50,78,78,78,103,133,144,157,170,170,242,242,257,257,257,277,12,12,39,39,339,355,386,401,414,427,427,427],"floor_reached":33,"playtime":1329,"items_purged":["Strike_R"],"score":623,"play_id":"9fdb5179-1b30-47b3-9e29-90c00111a824","local_time":"20190206160851","is_ascension_mode":true,"campfire_choices":[{"data":"Bash","floor":6,"key":"SMITH"},{"data":"Immolate","floor":8,"key":"SMITH"},{"data":"True Grit","floor":15,"key":"SMITH"},{"data":"Uppercut","floor":23,"key":"SMITH"},{"data":"Armaments","floor":25,"key":"SMITH"},{"data":"Demon Form","floor":32,"key":"SMITH"}],"neow_cost":"PERCENT_DAMAGE","seed_source_timestamp":2655498030779090,"circlet_count":0,"master_deck":["AscendersBane","Strike_R","Strike_R","Strike_R","Strike_R","Defend_R","Defend_R","Defend_R","Defend_R","Bash+1","Pommel Strike","Twin Strike","True Grit+1","Immolate+1","Battle Trance","Shrug It Off","Evolve","Headbutt","Immolate","Uppercut+1","Power Through","Feel No Pain","Immolate","Armaments+1","Battle Trance+1","Demon Form+1","Power Through","Shrug It Off"],"relics":["Burning Blood","Gremlin Horn","Bottled Flame","Mercury Hourglass","Question Card","Sozu","Anchor","Old Coin","Ginger"],"potions_floor_usage":[7,7,10,16,16],"damage_taken":[{"damage":9,"enemies":"2 Louse","floor":1,"turns":3},{"damage":7,"enemies":"Jaw Worm","floor":2,"turns":3},{"damage":7,"enemies":"Small Slimes","floor":4,"turns":4},{"damage":19,"enemies":"Gremlin Nob","floor":7,"turns":4},{"damage":25,"enemies":"Lagavulin","floor":10,"turns":5},{"damage":0,"enemies":"2 Fungi Beasts","floor":12,"turns":1},{"damage":0,"enemies":"3 Louse","floor":13,"turns":1},{"damage":6,"enemies":"Looter","floor":14,"turns":2},{"damage":27,"enemies":"Hexaghost","floor":16,"turns":9},{"damage":17,"enemies":"2 Thieves","floor":18,"turns":2},{"damage":7,"enemies":"3 Byrds","floor":21,"turns":2},{"damage":24,"enemies":"Slavers","floor":24,"turns":2},{"damage":0,"enemies":"Snecko","floor":27,"turns":3},{"damage":3,"enemies":"Gremlin Leader","floor":28,"turns":3},{"damage":13,"enemies":"Cultist and Chosen","floor":29,"turns":5},{"damage":0,"enemies":"Centurion and Healer","floor":30,"turns":3},{"damage":9,"enemies":"Shelled Parasite and Fungi","floor":31,"turns":5},{"damage":66,"enemies":"Champ","floor":33,"turns":11}],"seed_played":"2366000012494911137","potions_obtained":[{"floor":1,"key":"Block Potion"},{"floor":7,"key":"Fruit Juice"},{"floor":10,"key":"Weak Potion"},{"floor":13,"key":"FearPotion"}],"is_trial":false,"path_per_floor":["M","M","?","M","$","R","E","R","T","E","?","M","M","M","R","B",null,"M","?","?","M","$","R","E","R","T","M","E","M","M","M","R","B"],"character_chosen":"IRONCLAD","items_purchased":["Gremlin Horn","Fire Potion","Feel No Pain","Immolate"],"campfire_rested":0,"item_purchase_floors":[5,5,22,22],"current_hp_per_floor":[47,46,64,63,63,63,55,55,55,36,36,42,48,48,48,27,67,56,33,50,49,49,49,31,31,31,37,40,33,39,36,36,0],"gold":427,"neow_bonus":"TWO_FIFTY_GOLD","is_prod":false,"is_daily":false,"chose_seed":false,"campfire_upgraded":6,"win_rate":0,"timestamp":1549498131,"path_taken":["M","M","?","M","$","R","E","R","T","E","?","M","M","?","R","BOSS","M","?","?","M","$","R","E","R","T","M","E","M","M","M","R","BOSS"],"build_version":"2019-01-23","purchased_purges":1,"victory":false,"max_hp_per_floor":[75,75,75,75,75,75,80,80,80,80,80,80,80,80,80,80,80,80,85,85,85,85,85,85,85,85,85,85,85,85,85,85,85],"card_choices":[{"not_picked":["Bloodletting","Second Wind"],"picked":"Pommel Strike","floor":1},{"not_picked":["Havoc","True Grit"],"picked":"Twin Strike","floor":2},{"not_picked":["Twin Strike","Perfected Strike"],"picked":"True Grit","floor":4},{"not_picked":["Flex","Rupture"],"picked":"Immolate","floor":7},{"not_picked":["Clash","Clothesline"],"picked":"Battle Trance","floor":10},{"not_picked":["Iron Wave","Entrench","Hemokinesis"],"picked":"Shrug It Off","floor":12},{"not_picked":["Metallicize","Twin Strike","True Grit"],"picked":"Evolve","floor":13},{"not_picked":["True Grit","Searing Blow","Body Slam"],"picked":"Headbutt","floor":14},{"not_picked":["Barricade","Brutality","Offering"],"picked":"Immolate","floor":16},{"not_picked":["Dropkick","Havoc","Heavy Blade+1"],"picked":"Uppercut","floor":18},{"not_picked":["Warcry","Iron Wave","Infernal Blade+1"],"picked":"Power Through","floor":21},{"not_picked":["Hemokinesis","Rupture","Searing Blow"],"picked":"Armaments","floor":24},{"not_picked":["Searing Blow","Metallicize","Cleave"],"picked":"Battle Trance+1","floor":27},{"not_picked":["Ghostly Armor","Spot Weakness","Pommel Strike"],"picked":"Demon Form","floor":28},{"not_picked":["Bloodletting","Warcry","Headbutt+1"],"picked":"Power Through","floor":29},{"not_picked":["Cleave","Hemokinesis","Wild Strike"],"picked":"Shrug It Off","floor":30},{"not_picked":["Anger","Entrench","Flex+1","Sword Boomerang"],"picked":"SKIP","floor":31}],"player_experience":1221364,"relics_obtained":[{"floor":7,"key":"Bottled Flame"},{"floor":9,"key":"Mercury Hourglass"},{"floor":10,"key":"Question Card"},{"floor":24,"key":"Anchor"},{"floor":26,"key":"Old Coin"},{"floor":28,"key":"Ginger"}],"event_choices":[{"damage_healed":18,"gold_gain":0,"player_choice":"Healed","damage_taken":0,"max_hp_gain":0,"max_hp_loss":0,"event_name":"The Cleric","floor":3,"gold_loss":35},{"damage_healed":0,"gold_gain":30,"player_choice":"Searched \u00271\u0027 times","damage_taken":0,"max_hp_gain":0,"max_hp_loss":0,"event_name":"Dead Adventurer","floor":11,"gold_loss":0},{"damage_healed":0,"gold_gain":0,"player_choice":"Shed Blood","damage_taken":28,"max_hp_gain":5,"max_hp_loss":0,"event_name":"Forgotten Altar","floor":19,"gold_loss":0},{"damage_healed":17,"gold_gain":0,"player_choice":"Heal","damage_taken":0,"max_hp_gain":0,"max_hp_loss":0,"event_name":"The Library","floor":20,"gold_loss":0}],"is_beta":true,"boss_relics":[{"not_picked":["Busted Crown","Empty Cage"],"picked":"Sozu"}],"items_purged_floors":[22],"is_endless":false,"potions_floor_spawned":[1,7,10,13,28,29,30,31],"killed_by":"Champ","ascension_level":20}