{"gold_per_floor":[114,134,36,36,54,54,54,114,165,165,191,206,230,242,254,266],"floor_reached":16,"playtime":558,"items_purged":[],"score":216,"play_id":"34462ff0-36ac-4c80-ab9a-ce0dbd0fc995","local_time":"20181112162732","is_ascension_mode":true,"campfire_choices":[{"data":"Armaments","floor":6,"key":"SMITH"},{"data":"True Grit","floor":10,"key":"SMITH"},{"data":"Rampage","floor":15,"key":"SMITH"}],"neow_cost":"NONE","seed_source_timestamp":4544479809721022,"circlet_count":0,"master_deck":["AscendersBane","Strike_R","Strike_R","Strike_R","Strike_R","Defend_R+1","Defend_R","Defend_R","Defend_R","Bash","Iron Wave","Rampage+1","Inflame+1","Armaments+1","True Grit+1","Metallicize","Sword Boomerang"],"relics":["Burning Blood","Tiny Chest","Bag of Marbles","Anchor","MawBank"],"potions_floor_usage":[11,16],"damage_taken":[{"damage":2,"enemies":"Cultist","floor":1,"turns":4},{"damage":0,"enemies":"2 Louse","floor":2,"turns":4},{"damage":7,"enemies":"Small Slimes","floor":5,"turns":4},{"damage":23,"enemies":"Lagavulin","floor":8,"turns":7},{"damage":19,"enemies":"3 Sentries","floor":11,"turns":5},{"damage":1,"enemies":"Exordium Wildlife","floor":12,"turns":3},{"damage":30,"enemies":"Slime Boss","floor":16,"turns":8}],"seed_played":"-5713450465669927301","potions_obtained":[{"floor":5,"key":"Swift Potion"},{"floor":8,"key":"PowerPotion"}],"is_trial":false,"path_per_floor":["M","M","$","?","M","R","?","E","T","R","E","M","T","?","R","B"],"character_chosen":"IRONCLAD","items_purchased":["Inflame","Armaments"],"campfire_rested":0,"item_purchase_floors":[3,3],"current_hp_per_floor":[79,82,82,87,86,86,60,43,43,43,30,35,35,28,28,0],"gold":266,"neow_bonus":"TEN_PERCENT_HP_BONUS","is_prod":false,"is_daily":false,"chose_seed":false,"campfire_upgraded":3,"win_rate":0,"timestamp":1542068852,"path_taken":["M","?","?","?","M","R","?","E","T","R","E","?","?","?","R","BOSS"],"build_version":"2018-11-08","purchased_purges":0,"victory":false,"max_hp_per_floor":[82,82,82,87,87,87,87,87,87,87,87,87,87,87,87,87],"card_choices":[{"not_picked":["Sword Boomerang","Thunderclap"],"picked":"Iron Wave","floor":1},{"not_picked":["Blood for Blood","True Grit"],"picked":"Rampage","floor":2},{"not_picked":["Twin Strike","Pummel","Hemokinesis"],"picked":"SKIP","floor":5},{"not_picked":["Dropkick","Headbutt"],"picked":"True Grit","floor":8},{"not_picked":["Double Tap","Sentinel"],"picked":"Metallicize","floor":11},{"not_picked":["Wild Strike","Thunderclap"],"picked":"Sword Boomerang","floor":12}],"player_experience":1065854,"relics_obtained":[{"floor":8,"key":"Tiny Chest"},{"floor":9,"key":"Bag of Marbles"},{"floor":11,"key":"Anchor"},{"floor":13,"key":"MawBank"}],"event_choices":[{"damage_healed":0,"gold_gain":0,"player_choice":"Donut","damage_taken":0,"max_hp_gain":5,"max_hp_loss":0,"event_name":"Big Fish","floor":4,"gold_loss":0},{"damage_healed":0,"gold_gain":0,"player_choice":"Entered Light","damage_taken":26,"max_hp_gain":0,"max_hp_loss":0,"event_name":"Shining Light","floor":7,"gold_loss":0,"cards_upgraded":["Defend_R","Inflame"]},{"cards_removed":["Strike_R"],"damage_healed":0,"gold_gain":0,"player_choice":"Card Removal","damage_taken":7,"max_hp_gain":0,"max_hp_loss":0,"event_name":"Golden Wing","floor":14,"gold_loss":0}],"is_beta":true,"boss_relics":[],"items_purged_floors":[],"is_endless":false,"potions_floor_spawned":[5,8],"killed_by":"Slime Boss","ascension_level":20}