{"gold_per_floor":[366,384,395,395,30,30,56,56,103,34,34,47,61,77,77,173,223,233,6,18,18,118,147,147,157,238,238],"floor_reached":27,"playtime":1147,"items_purged":["Strike_G"],"score":233,"play_id":"7b8a8558-29df-44fe-981d-2bf213c61c9d","local_time":"20190326150026","is_ascension_mode":false,"campfire_choices":[{"data":"Crippling Poison","floor":6.0,"key":"SMITH"},{"data":"The Bomb","floor":8.0,"key":"SMITH"},{"data":"Noxious Fumes","floor":11.0,"key":"SMITH"},{"floor":15.0,"key":"REST"},{"data":"Burst","floor":24,"key":"SMITH"}],"neow_cost":"PERCENT_DAMAGE","seed_source_timestamp":1455188998215,"circlet_count":0,"master_deck":["Defend_G","Defend_G","Defend_G","Defend_G","Defend_G","Strike_G+1","Strike_G","Strike_G","Survivor","Neutralize","Quick Slash","Crippling Poison+1","Corpse Explosion","The Bomb+1","Noxious Fumes+1","Dodge and Roll","Infinite Blades","Envenom","Dagger Spray","Calculated Gamble","Burst+1","Dodge and Roll"],"special_seed":0,"relics":["Ring of the Snake","Medical Kit","Orichalcum","PreservedInsect","Tiny House","Snake Skull","Potion Belt","Darkstone Periapt"],"potions_floor_usage":[23,27,27],"damage_taken":[{"damage":0.0,"enemies":"Cultist","floor":1.0,"turns":4.0},{"damage":1.0,"enemies":"Jaw Worm","floor":2.0,"turns":6.0},{"damage":2.0,"enemies":"2 Louse","floor":3.0,"turns":3.0},{"damage":16.0,"enemies":"Lagavulin","floor":7.0,"turns":6.0},{"damage":2.0,"enemies":"2 Fungi Beasts","floor":12.0,"turns":4.0},{"damage":0.0,"enemies":"Blue Slaver","floor":13.0,"turns":4.0},{"damage":0.0,"enemies":"Gremlin Gang","floor":14.0,"turns":3.0},{"damage":9.0,"enemies":"Hexaghost","floor":16.0,"turns":8.0},{"damage":6.0,"enemies":"Shell Parasite","floor":18.0,"turns":4.0},{"damage":24.0,"enemies":"2 Thieves","floor":20.0,"turns":4.0},{"damage":21,"enemies":"Book of Stabbing","floor":23,"turns":5},{"damage":23,"enemies":"Shelled Parasite and Fungi","floor":25,"turns":5},{"damage":15,"enemies":"Snake Plant","floor":27,"turns":3}],"seed_played":"-415799052489080360","potions_obtained":[{"floor":1.0,"key":"Swift Potion"},{"floor":7.0,"key":"Regen Potion"},{"floor":13.0,"key":"GamblersBrew"},{"floor":16.0,"key":"Swift Potion"},{"floor":17.0,"key":"Energy Potion"}],"is_trial":false,"path_per_floor":["M","M","M","?","$","R","E","R","T","$","R","M","M","M","R","B",null,"M","$","M","?","?","E","R","M","T","M"],"character_chosen":"THE_SILENT","items_purchased":["Medical Kit","The Bomb","Noxious Fumes","Snake Skull"],"campfire_rested":1,"item_purchase_floors":[5,5,10,19],"current_hp_per_floor":[49,48,46,46,46,46,30,30,30,30,30,28,28,28,49,40,75,69,69,45,45,45,24,24,1,1,0],"gold":238,"neow_bonus":"TWO_FIFTY_GOLD","is_prod":false,"is_daily":false,"chose_seed":false,"campfire_upgraded":4,"win_rate":0,"timestamp":1553626826,"path_taken":["M","M","M","?","$","R","E","R","T","?","R","M","M","?","R","BOSS","M","$","?","?","?","E","R","M","T","M"],"build_version":"2019-01-23","purchased_purges":1,"victory":false,"max_hp_per_floor":[70,70,70,70,70,70,70,70,70,70,70,70,70,70,70,70,75,75,75,75,75,75,75,75,75,75,75],"card_choices":[{"not_picked":["Distraction","Deflect"],"picked":"Quick Slash","floor":1.0},{"not_picked":["PiercingWail","Bane"],"picked":"Crippling Poison","floor":2.0},{"not_picked":["Underhanded Strike","Sucker Punch"],"picked":"Corpse Explosion","floor":3.0},{"not_picked":["Blade Dance","Dagger Throw","Slice"],"picked":"SKIP","floor":7.0},{"not_picked":["Prepared","Backflip"],"picked":"Dodge and Roll","floor":12.0},{"not_picked":["Acrobatics","Prepared"],"picked":"Infinite Blades","floor":13.0},{"not_picked":["Setup","Bane","Blade Dance"],"picked":"SKIP","floor":14.0},{"not_picked":["Corpse Explosion","Die Die Die"],"picked":"Envenom","floor":16.0},{"not_picked":["Acrobatics","Blade Dance","Tactician+1"],"picked":"SKIP","floor":18.0},{"not_picked":["Underhanded Strike","Cloak And Dagger"],"picked":"Dagger Spray","floor":20.0},{"not_picked":["Blade Dance+1","Phantasmal Killer"],"picked":"Burst","floor":23},{"not_picked":["Outmaneuver","Heel Hook"],"picked":"Dodge and Roll","floor":25}],"player_experience":464892,"relics_obtained":[{"floor":7.0,"key":"Orichalcum"},{"floor":9.0,"key":"PreservedInsect"},{"floor":23,"key":"Potion Belt"},{"floor":26,"key":"Darkstone Periapt"}],"event_choices":[{"cards_removed":["Strike_G"],"damage_healed":0.0,"max_hp_gain":0.0,"max_hp_loss":0.0,"gold_gain":0.0,"event_name":"Bonfire Elementals","player_choice":"Offered Basic","floor":4.0,"gold_loss":0.0,"damage_taken":0.0},{"damage_healed":0,"gold_gain":0,"player_choice":"Read","damage_taken":0,"max_hp_gain":0,"max_hp_loss":0,"event_name":"The Library","floor":21,"gold_loss":0,"cards_obtained":["Calculated Gamble"]},{"damage_healed":0,"gold_gain":100,"player_choice":"Pray","damage_taken":0,"max_hp_gain":0,"max_hp_loss":0,"event_name":"Golden Shrine","floor":22,"gold_loss":0}],"is_beta":false,"boss_relics":[{"not_picked":["Sozu","Runic Dome"],"picked":"Tiny House"}],"items_purged_floors":[19],"is_endless":false,"potions_floor_spawned":[1,7,13,16,18],"killed_by":"Snake Plant","ascension_level":0}