{"gold_per_floor":[365,71,82,52,71,103,103,128,128,128,163,163,182,182,182,288,288,309,309,399,13,33,69,90,128,128,144,144,144,177,11,11,119,119,136,195,195,43,0,0,38,38,38,38,38,80,104,134,134,134],"floor_reached":51,"playtime":5166,"items_purged":["Strike_P","Strike_P","Strike_P"],"score":1312,"play_id":"9c5e0eeb-9720-4679-818b-054525453dc7","local_time":"20190916231158","is_ascension_mode":true,"campfire_choices":[{"data":"CrushJoints","floor":7.0,"key":"SMITH"},{"floor":10.0,"key":"REST"},{"data":"SandsOfTime","floor":12.0,"key":"SMITH"},{"data":"Establishment","floor":15.0,"key":"SMITH"},{"data":"Protect","floor":29.0,"key":"SMITH"},{"data":"Perseverance","floor":32,"key":"SMITH"},{"data":"Wallop","floor":40,"key":"SMITH"},{"data":"Vigilance","floor":42,"key":"SMITH"},{"data":"MasterReality","floor":44,"key":"SMITH"},{"data":"FlyingSleeves","floor":49,"key":"SMITH"}],"neow_cost":"PERCENT_DAMAGE","seed_source_timestamp":112430582032000,"circlet_count":0,"master_deck":["AscendersBane","Strike_P","Defend_P","Defend_P","Defend_P","Eruption","Vigilance+1","SandsOfTime+1","FearNoEvil","CrushJoints+1","Establishment+1","Adaptation","EmptyFist","Perseverance+1","BowlingBash","FlyingSleeves+1","Conclude","FearNoEvil","MasterReality+1","Crescendo","Blasphemy","EmptyBody","Blasphemy+1","Collect+1","Sanctity","Bandage Up+1","Wallop+1","ThirdEye+1","Scrawl+1","InnerPeace+1","Adaptation","Vault+1","Consecrate+1"],"special_seed":0,"relics":["PureWater","Orrery","StrikeDummy","Ornamental Fan","Pantograph","CeramicFish","Coffee Dripper","PreservedInsect","Akabeko","CaptainsWheel","Sundial","Toxic Egg 2","Philosopher\u0027s Stone","Du-Vu Doll","Red Mask","Eternal Feather","War Paint","Molten Egg 2","Happy Flower"],"potions_floor_usage":[30,30,33,33,36,50,50,50,50],"damage_taken":[{"damage":14.0,"enemies":"Small Slimes","floor":1.0,"turns":3.0},{"damage":2.0,"enemies":"Cultist","floor":3.0,"turns":3.0},{"damage":0.0,"enemies":"Jaw Worm","floor":5.0,"turns":1.0},{"damage":4.0,"enemies":"Lagavulin","floor":6.0,"turns":5.0},{"damage":8.0,"enemies":"Gremlin Nob","floor":8.0,"turns":3.0},{"damage":5.0,"enemies":"Lagavulin","floor":11.0,"turns":7.0},{"damage":7.0,"enemies":"Large Slime","floor":13.0,"turns":5.0},{"damage":12.0,"enemies":"The Guardian","floor":16.0,"turns":11.0},{"damage":25.0,"enemies":"2 Thieves","floor":18.0,"turns":3.0},{"damage":0.0,"enemies":"Shell Parasite","floor":22.0,"turns":2.0},{"damage":25.0,"enemies":"Slavers","floor":23.0,"turns":4.0},{"damage":11.0,"enemies":"Centurion and Healer","floor":24.0,"turns":4.0},{"damage":0.0,"enemies":"Gremlin Leader","floor":25.0,"turns":3.0},{"damage":0.0,"enemies":"Chosen and Byrds","floor":27.0,"turns":6.0},{"damage":28,"enemies":"Slavers","floor":30,"turns":3},{"damage":2,"enemies":"Automaton","floor":33,"turns":12},{"damage":7,"enemies":"Orb Walker","floor":35,"turns":2},{"damage":26,"enemies":"2 Orb Walkers","floor":36,"turns":4},{"damage":18,"enemies":"Reptomancer","floor":41,"turns":4},{"damage":3,"enemies":"Giant Head","floor":46,"turns":5},{"damage":0,"enemies":"3 Darklings","floor":47,"turns":5},{"damage":0,"enemies":"Reptomancer","floor":48,"turns":2},{"damage":45,"enemies":"Awakened One","floor":50,"turns":10}],"seed_played":"6950135077729628552","potions_obtained":[{"floor":1.0,"key":"FairyPotion"},{"floor":4.0,"key":"Block Potion"},{"floor":11.0,"key":"AttackPotion"},{"floor":18.0,"key":"Weak Potion"},{"floor":24.0,"key":"EntropicBrew"},{"floor":33,"key":"LiquidBronze"},{"floor":35,"key":"AttackPotion"},{"floor":45,"key":"EntropicBrew"}],"is_trial":false,"path_per_floor":["M","$","M","?","M","E","R","E","T","R","E","R","M","?","R","B",null,"M","?","?","$","M","E","M","E","T","M","?","R","E","$","R","B",null,"M","?","?","$","?","R","E","R","T","R","?","E","M","E","R","B",null],"character_chosen":"WATCHER","items_purchased":["Orrery","Perseverance","PreservedInsect","Blasphemy","Regen Potion","Bandage Up+1","InnerPeace+1"],"campfire_rested":1,"item_purchase_floors":[2,2,21,21,31,31,38],"current_hp_per_floor":[30,30,28,28,28,24,24,16,16,35,30,30,23,28,28,41,63,38,61,47,47,47,22,11,11,11,11,11,11,4,4,4,48,65,64,44,44,44,44,44,26,44,44,62,62,65,70,70,70,31],"gold":134,"neow_bonus":"TWO_FIFTY_GOLD","is_prod":false,"is_daily":false,"chose_seed":false,"campfire_upgraded":9,"win_rate":0,"timestamp":1568668318,"path_taken":["M","$","M","?","?","E","R","E","T","R","E","R","M","?","R","BOSS","M","?","?","$","?","E","M","E","T","M","?","R","E","?","R","BOSS","M","?","?","$","?","R","E","R","T","R","?","E","?","E","R","BOSS"],"build_version":"2019-09-12","purchased_purges":3,"victory":true,"max_hp_per_floor":[65,65,65,65,65,65,65,65,65,65,65,65,65,70,70,70,70,70,70,70,70,70,70,70,70,70,70,70,70,70,70,70,70,70,70,70,70,70,70,70,70,70,70,70,70,70,70,70,70,70],"card_choices":[{"not_picked":["WaveOfTheHand","Tantrum"],"picked":"SandsOfTime","floor":1.0},{"not_picked":["Halt","CutThroughFate"],"picked":"FearNoEvil","floor":2.0},{"not_picked":["Worship","Tantrum"],"picked":"CrushJoints","floor":2.0},{"not_picked":["EmptyFist","DevaForm"],"picked":"Establishment","floor":2.0},{"not_picked":["WaveOfTheHand","TalkToTheHand"],"picked":"Adaptation","floor":2.0},{"not_picked":["MentalFortress","Prostrate"],"picked":"EmptyFist","floor":2.0},{"not_picked":["FearNoEvil","JustLucky"],"picked":"BowlingBash","floor":3.0},{"not_picked":["Consecrate","FollowUp"],"picked":"FlyingSleeves","floor":5.0},{"not_picked":["Sanctity","Ragnarok"],"picked":"Conclude","floor":6.0},{"not_picked":["EmptyMind","Adaptation"],"picked":"FearNoEvil","floor":8.0},{"not_picked":["Consecrate","EmptyMind","CutThroughFate"],"picked":"SKIP","floor":11.0},{"not_picked":["Weave","Sanctity"],"picked":"Protect","floor":13.0},{"not_picked":["DevaForm","Wallop"],"picked":"MasterReality","floor":16.0},{"not_picked":["Consecrate+1","Protect"],"picked":"Crescendo","floor":18.0},{"not_picked":["DeceiveReality","ThirdEye"],"picked":"EmptyBody","floor":22.0},{"not_picked":["ClearTheMind","JustLucky+1"],"picked":"Blasphemy","floor":23.0},{"not_picked":["EmptyFist","Conclude"],"picked":"Collect","floor":24.0},{"not_picked":["Weave+1","FlyingSleeves"],"picked":"Sanctity","floor":25.0},{"not_picked":["PathToVictory","Fasting","Wireheading"],"picked":"SKIP","floor":27.0},{"not_picked":["BowlingBash","ForeignInfluence","EmptyBody"],"picked":"SKIP","floor":30},{"not_picked":["Pray+1","Unraveling+1"],"picked":"Wallop","floor":33},{"not_picked":["Weave+1","FollowUp"],"picked":"ThirdEye+1","floor":35},{"not_picked":["Devotion+1","SpiritShield+1"],"picked":"Scrawl+1","floor":36},{"not_picked":["ThirdEye+1","Sanctity+1"],"picked":"Adaptation","floor":41},{"not_picked":["FlyingSleeves+1","SpiritShield+1"],"picked":"Vault","floor":46},{"not_picked":["Conclude+1","InnerPeace+1"],"picked":"Consecrate+1","floor":47},{"not_picked":["Prostrate+1","Consecrate+1","JustLucky+1"],"picked":"SKIP","floor":48}],"player_experience":690389,"relics_obtained":[{"floor":6.0,"key":"StrikeDummy"},{"floor":8.0,"key":"Ornamental Fan"},{"floor":9.0,"key":"Pantograph"},{"floor":11.0,"key":"CeramicFish"},{"floor":23.0,"key":"Akabeko"},{"floor":25.0,"key":"CaptainsWheel"},{"floor":26.0,"key":"Sundial"},{"floor":30,"key":"Toxic Egg 2"},{"floor":36,"key":"Du-Vu Doll"},{"floor":41,"key":"Eternal Feather"},{"floor":43,"key":"War Paint"},{"floor":46,"key":"Molten Egg 2"},{"floor":48,"key":"Happy Flower"}],"event_choices":[{"damage_healed":0.0,"max_hp_gain":0.0,"max_hp_loss":0.0,"gold_gain":0.0,"event_name":"The Woman in Blue","player_choice":"Bought 2 Potions","floor":4.0,"gold_loss":0.0,"damage_taken":0.0},{"damage_healed":0.0,"max_hp_gain":5.0,"max_hp_loss":0.0,"gold_gain":0.0,"event_name":"Big Fish","player_choice":"Donut","floor":14.0,"gold_loss":0.0,"damage_taken":0.0},{"damage_healed":23.0,"max_hp_gain":0.0,"max_hp_loss":0.0,"gold_gain":0.0,"event_name":"The Library","player_choice":"Heal","floor":19.0,"gold_loss":0.0,"damage_taken":0.0},{"damage_healed":0.0,"max_hp_gain":0.0,"max_hp_loss":0.0,"gold_gain":90.0,"event_name":"Knowing Skull","player_choice":"GOLD ","floor":20.0,"potions_obtained":[],"gold_loss":0.0,"damage_taken":14.0,"cards_obtained":[]},{"cards_removed":["Defend_P"],"damage_healed":0.0,"max_hp_gain":0.0,"max_hp_loss":0.0,"gold_gain":0.0,"event_name":"Purifier","player_choice":"Purged","floor":28.0,"gold_loss":0.0,"damage_taken":0.0},{"damage_healed":0,"gold_gain":0,"player_choice":"Fight","damage_taken":0,"max_hp_gain":0,"max_hp_loss":0,"event_name":"Mysterious Sphere","floor":36,"gold_loss":0},{"cards_removed":["Protect"],"damage_healed":0,"gold_gain":0,"player_choice":"Removed Skill","damage_taken":0,"max_hp_gain":0,"max_hp_loss":0,"event_name":"Falling","floor":37,"gold_loss":0},{"damage_healed":0,"gold_gain":0,"player_choice":"Paid","damage_taken":0,"relics_obtained":["Red Mask"],"max_hp_gain":0,"max_hp_loss":0,"event_name":"Tomb of Lord Red Mask","floor":39,"gold_loss":43},{"damage_healed":0,"gold_gain":0,"player_choice":"Got Potions","damage_taken":0,"max_hp_gain":0,"max_hp_loss":0,"event_name":"Lab","floor":45,"gold_loss":0}],"is_beta":true,"boss_relics":[{"not_picked":["Pandora\u0027s Box","Fusion Hammer"],"picked":"Coffee Dripper"},{"not_picked":["Empty Cage","SacredBark"],"picked":"Philosopher\u0027s Stone"}],"items_purged_floors":[2,21,38],"is_endless":false,"potions_floor_spawned":[1,8,11,16,18,24,25,33,35],"ascension_level":11}