{"gold_per_floor":[115,125,142,67,67,67,81,106,106,106,132,142,142,292,292,292],"floor_reached":16,"playtime":520,"items_purged":["Strike_R"],"score":220,"play_id":"d28f5942-ea51-4bc2-aadb-4e3e8018fb0f","local_time":"20190607150542","is_ascension_mode":true,"campfire_choices":[{"data":"Armaments","floor":6,"key":"SMITH"},{"data":"Bash","floor":10,"key":"SMITH"},{"data":"Spot Weakness","floor":13,"key":"SMITH"},{"data":"Doubt","floor":15,"key":"PURGE"}],"neow_cost":"PERCENT_DAMAGE","seed_source_timestamp":3685973246825569,"circlet_count":0,"master_deck":["AscendersBane","Strike_R","Strike_R","Strike_R","Strike_R","Defend_R","Defend_R","Defend_R","Defend_R","Bash+1","Uppercut+1","Anger+1","Armaments+1","Spot Weakness+1","Warcry","Headbutt"],"relics":["Burning Blood","StoneCalendar","Anchor","Ornamental Fan","Peace Pipe"],"potions_floor_usage":[8],"damage_taken":[{"damage":3,"enemies":"2 Louse","floor":1,"turns":4},{"damage":1,"enemies":"Small Slimes","floor":2,"turns":4},{"damage":6,"enemies":"Jaw Worm","floor":3,"turns":4},{"damage":8,"enemies":"Exordium Wildlife","floor":7,"turns":5},{"damage":15,"enemies":"3 Sentries","floor":8,"turns":7},{"damage":20,"enemies":"Lagavulin","floor":11,"turns":7},{"damage":0,"enemies":"Red Slaver","floor":12,"turns":3},{"damage":18,"enemies":"Hexaghost","floor":16,"turns":7}],"seed_played":"8367125364986662511","potions_obtained":[{"floor":1,"key":"SkillPotion"},{"floor":2,"key":"SmokeBomb"}],"is_trial":false,"path_per_floor":["M","M","M","$","?","R","M","E","T","R","E","M","R","?","R","B"],"character_chosen":"IRONCLAD","items_purchased":[],"campfire_rested":0,"item_purchase_floors":[],"current_hp_per_floor":[53,58,58,58,35,35,33,24,24,24,10,16,16,16,16,0],"gold":292,"neow_bonus":"ONE_RARE_RELIC","is_prod":false,"is_daily":false,"chose_seed":false,"campfire_upgraded":3,"win_rate":0,"timestamp":1559945142,"path_taken":["M","M","M","$","?","R","M","E","T","R","E","M","R","?","R","BOSS"],"build_version":"2019-06-05","purchased_purges":1,"victory":false,"max_hp_per_floor":[75,75,75,75,75,75,75,75,75,75,75,75,75,75,75,75],"card_choices":[{"not_picked":["True Grit","Flex"],"picked":"Uppercut","floor":1},{"not_picked":["Warcry","Thunderclap"],"picked":"Anger","floor":2},{"not_picked":["Headbutt","Wild Strike"],"picked":"Armaments","floor":3},{"not_picked":["Carnage","Warcry"],"picked":"Spot Weakness","floor":7},{"not_picked":["Pommel Strike","Armaments"],"picked":"Warcry","floor":8},{"not_picked":["Exhume","Hemokinesis","Berserk"],"picked":"SKIP","floor":11},{"not_picked":["Corruption","Sever Soul"],"picked":"Headbutt","floor":12}],"player_experience":1320338,"relics_obtained":[{"floor":8,"key":"Anchor"},{"floor":9,"key":"Ornamental Fan"},{"floor":11,"key":"Peace Pipe"}],"event_choices":[{"damage_healed":0,"gold_gain":0,"player_choice":"Entered Light","damage_taken":23,"max_hp_gain":0,"max_hp_loss":0,"event_name":"Shining Light","floor":5,"gold_loss":0,"cards_upgraded":["Uppercut","Anger"]},{"damage_healed":0,"gold_gain":150,"player_choice":"AGREE","damage_taken":0,"max_hp_gain":0,"max_hp_loss":0,"event_name":"Liars Game","floor":14,"gold_loss":0,"cards_obtained":["Doubt"]}],"is_beta":true,"boss_relics":[],"items_purged_floors":[4],"is_endless":false,"potions_floor_spawned":[1,2],"killed_by":"Hexaghost","ascension_level":20}