{"gold_per_floor":[211,223,223,223,61,91,91,125,149,149,114,149,149,163,163,163],"floor_reached":16,"playtime":630,"items_purged":["Strike_R"],"score":232,"play_id":"bca2bfe1-4cd8-4b06-b591-5e7b982d9dd2","local_time":"20181110174817","is_ascension_mode":true,"campfire_choices":[{"data":"Armaments","floor":10,"key":"SMITH"},{"floor":15,"key":"REST"}],"neow_cost":"NONE","seed_source_timestamp":0,"circlet_count":0,"master_deck":["AscendersBane","Strike_R","Strike_R","Strike_R","Strike_R","Defend_R","Defend_R+1","Defend_R+1","Defend_R","Bash","Whirlwind+1","Clothesline","Feed","Armaments+1","True Grit","Immolate","Uppercut"],"special_seed":0,"relics":["Burning Blood","Omamori","Golden Idol","Anchor","Centennial Puzzle","Potion Belt"],"potions_floor_usage":[8,8,16],"damage_taken":[{"damage":10.0,"enemies":"Small Slimes","floor":1.0,"turns":4.0},{"damage":2.0,"enemies":"Cultist","floor":2.0,"turns":4.0},{"damage":20.0,"enemies":"3 Sentries","floor":6.0,"turns":4.0},{"damage":27,"enemies":"Lagavulin","floor":8,"turns":10},{"damage":43,"enemies":"Gremlin Nob","floor":12,"turns":5},{"damage":0,"enemies":"Jaw Worm","floor":14,"turns":6},{"damage":46,"enemies":"Slime Boss","floor":16,"turns":10}],"seed_played":"2790878028789672674","potions_obtained":[{"floor":1.0,"key":"Regen Potion"},{"floor":6.0,"key":"Energy Potion"},{"floor":12,"key":"Block Potion"}],"is_trial":false,"path_per_floor":["M","M","?","?","$","E","?","E","T","R","?","E","?","M","R","B"],"character_chosen":"IRONCLAD","items_purchased":["Feed"],"campfire_rested":1,"item_purchase_floors":[5],"current_hp_per_floor":[64,68,68,45,45,34,34,28,28,28,47,10,10,19,43,0],"gold":163,"neow_bonus":"HUNDRED_GOLD","is_prod":false,"is_daily":false,"chose_seed":false,"campfire_upgraded":1,"win_rate":0,"timestamp":1541900897,"path_taken":["M","M","?","?","$","E","?","E","T","R","?","E","?","M","R","BOSS"],"build_version":"2018-11-08","purchased_purges":1,"victory":false,"max_hp_per_floor":[75,75,75,75,75,78,78,78,78,78,78,78,78,81,81,81],"card_choices":[{"not_picked":["Twin Strike","Bloodletting"],"picked":"Whirlwind","floor":1.0},{"not_picked":["Flame Barrier","Body Slam"],"picked":"Clothesline","floor":2.0},{"not_picked":["Shrug It Off","Shockwave"],"picked":"Armaments","floor":6.0},{"not_picked":["Pummel","Dual Wield"],"picked":"True Grit","floor":8},{"not_picked":["Searing Blow","Sword Boomerang"],"picked":"Immolate","floor":12},{"not_picked":["Cleave","Warcry"],"picked":"Uppercut","floor":14}],"player_experience":1051616,"relics_obtained":[{"floor":6.0,"key":"Omamori"},{"floor":8,"key":"Anchor"},{"floor":9,"key":"Centennial Puzzle"},{"floor":12,"key":"Potion Belt"}],"event_choices":[{"damage_healed":0.0,"max_hp_gain":0.0,"max_hp_loss":0.0,"gold_gain":0.0,"event_name":"Living Wall","player_choice":"Grow","floor":3.0,"gold_loss":0.0,"damage_taken":0.0,"cards_upgraded":["Whirlwind"]},{"damage_healed":0.0,"max_hp_gain":0.0,"max_hp_loss":0.0,"gold_gain":0.0,"event_name":"Shining Light","player_choice":"Entered Light","floor":4.0,"gold_loss":0.0,"damage_taken":23.0,"cards_upgraded":["Defend_R","Defend_R"]},{"damage_healed":0,"gold_gain":0,"player_choice":"Take Wound","damage_taken":0,"relics_obtained":["Golden Idol"],"max_hp_gain":0,"max_hp_loss":0,"event_name":"Golden Idol","floor":7,"gold_loss":0,"cards_obtained":["Injury"]},{"damage_healed":19,"gold_gain":0,"player_choice":"Healed","damage_taken":0,"max_hp_gain":0,"max_hp_loss":0,"event_name":"The Cleric","floor":11,"gold_loss":35},{"damage_healed":0,"gold_gain":0,"player_choice":"0 cards matched","damage_taken":0,"max_hp_gain":0,"max_hp_loss":0,"event_name":"Match and Keep!","floor":13,"gold_loss":0,"cards_obtained":[]}],"is_beta":true,"boss_relics":[],"items_purged_floors":[5],"is_endless":false,"potions_floor_spawned":[1,6,12],"killed_by":"Slime Boss","ascension_level":20}