{"gold_per_floor":[114,129,144,19,34,34,64,124,124,139,139,169,17,32,32,132,132,147,147,162,28,63,93,93,123,123,123,138,153,183,208,208,308,308,323,338,353,353,368,368,398,398,398,398,72,87,102,21,21,21],"floor_reached":51,"playtime":4705,"items_purged":["Defend_R","Defend_R"],"score":774,"play_id":"3248f2ae-b8eb-4b9f-8b63-cb806ccd7e2e","local_time":"20190910031504","daily_mods":["Heirloom","Colorless Cards","DeadlyEvents"],"is_ascension_mode":false,"campfire_choices":[{"data":"Pommel Strike","floor":6,"key":"SMITH"},{"data":"Flex","floor":11,"key":"SMITH"},{"data":"Panacea","floor":15,"key":"SMITH"},{"floor":27,"key":"REST"},{"floor":32,"key":"REST"},{"data":"Flex","floor":40,"key":"SMITH"},{"data":"Offering","floor":42,"key":"SMITH"},{"data":"Rage","floor":44,"key":"SMITH"},{"floor":49,"key":"REST"}],"neow_cost":"","seed_source_timestamp":526188608345799,"circlet_count":0,"master_deck":["Strike_R","Strike_R","Defend_R","Defend_R","Bash","Impatience","Panacea+1","Clash","Pommel Strike+1","Battle Trance","Flash of Steel","Flex+1","Sword Boomerang","Shrug It Off","Metamorphosis","Bloodletting+1","Secret Technique+1","Brutality+1","Twin Strike","RitualDagger","Hemokinesis","Metallicize","Flex+1","Rage+1","Swift Strike+1","Metallicize+1","Dramatic Entrance","Burning Pact","Offering+1","Heavy Blade","Cleave+1","Heavy Blade+1","Parasite","Purity+1","Rupture","Rupture"],"special_seed":18148,"relics":["Burning Blood","Mango","Boot","Tiny Chest","Blood Vial","Shuriken","Astrolabe","Gremlin Horn","Dodecahedron","Dead Branch","Sundial","Champion Belt","Bronze Scales","Busted Crown","Letter Opener","Molten Egg 2","Pantograph","Mummified Hand"],"potions_floor_usage":[5,10,20,20,22,23,29,29,39,46,47],"damage_taken":[{"damage":6,"enemies":"Cultist","floor":1,"turns":4},{"damage":3,"enemies":"2 Louse","floor":2,"turns":3},{"damage":7,"enemies":"Small Slimes","floor":3,"turns":4},{"damage":5,"enemies":"2 Fungi Beasts","floor":5,"turns":3},{"damage":21,"enemies":"Lagavulin","floor":8,"turns":5},{"damage":3,"enemies":"Red Slaver","floor":10,"turns":2},{"damage":13,"enemies":"3 Sentries","floor":12,"turns":4},{"damage":6,"enemies":"3 Louse","floor":14,"turns":2},{"damage":45,"enemies":"Hexaghost","floor":16,"turns":5},{"damage":5,"enemies":"Chosen","floor":18,"turns":3},{"damage":27,"enemies":"2 Thieves","floor":20,"turns":3},{"damage":15,"enemies":"Shelled Parasite and Fungi","floor":22,"turns":3},{"damage":30,"enemies":"Book of Stabbing","floor":23,"turns":4},{"damage":33,"enemies":"Gremlin Leader","floor":25,"turns":4},{"damage":18,"enemies":"Snake Plant","floor":28,"turns":3},{"damage":17,"enemies":"Centurion and Healer","floor":29,"turns":3},{"damage":24,"enemies":"Book of Stabbing","floor":30,"turns":4},{"damage":28,"enemies":"Champ","floor":33,"turns":7},{"damage":18,"enemies":"Orb Walker","floor":35,"turns":3},{"damage":8,"enemies":"3 Darklings","floor":36,"turns":3},{"damage":11,"enemies":"Spire Growth","floor":37,"turns":3},{"damage":13,"enemies":"Writhing Mass","floor":39,"turns":3},{"damage":17,"enemies":"Giant Head","floor":41,"turns":2},{"damage":25,"enemies":"Transient","floor":46,"turns":5},{"damage":9,"enemies":"3 Darklings","floor":47,"turns":1},{"damage":79,"enemies":"Time Eater","floor":50,"turns":5}],"seed_played":"-5375415156229023590","potions_obtained":[{"floor":1,"key":"EssenceOfSteel"},{"floor":2,"key":"Swift Potion"},{"floor":8,"key":"GamblersBrew"},{"floor":16,"key":"SteroidPotion"},{"floor":20,"key":"Swift Potion"},{"floor":22,"key":"AttackPotion"},{"floor":25,"key":"Explosive Potion"},{"floor":28,"key":"AttackPotion"},{"floor":33,"key":"BloodPotion"},{"floor":37,"key":"SkillPotion"},{"floor":39,"key":"FearPotion"}],"is_trial":false,"path_per_floor":["M","M","M","$","M","R","?","E","T","M","R","E","$","M","R","B",null,"M","?","M","$","M","E","?","E","T","R","M","M","E","T","R","B",null,"M","M","M","T","M","R","E","R","T","R","$","M","M","$","R","B",null],"character_chosen":"IRONCLAD","items_purchased":["Pommel Strike","Shrug It Off","Metallicize","Flex","Rupture","Mummified Hand","Rupture"],"campfire_rested":3,"item_purchase_floors":[4,13,21,21,45,45,48],"current_hp_per_floor":[94,94,93,93,94,94,94,79,79,84,84,79,79,81,81,44,94,94,88,69,69,62,40,40,15,15,43,33,24,8,8,36,16,94,82,82,79,79,74,74,65,65,65,65,65,71,70,70,94,21],"gold":21,"neow_bonus":"","is_prod":false,"is_daily":true,"chose_seed":false,"campfire_upgraded":6,"win_rate":0,"timestamp":1568056504,"path_taken":["M","?","M","$","M","R","?","E","T","M","R","E","?","M","R","BOSS","M","?","M","$","M","E","?","?","T","R","M","M","?","?","R","BOSS","M","M","?","?","M","R","?","R","T","R","$","?","M","$","R","BOSS"],"build_version":"2019-07-17","purchased_purges":2,"victory":true,"max_hp_per_floor":[94,94,94,94,94,94,94,94,94,94,94,94,94,94,94,94,94,94,94,94,94,94,94,94,94,94,94,94,94,94,94,94,94,94,94,94,94,94,94,94,94,94,94,94,94,94,94,94,94,94],"card_choices":[{"not_picked":["Twin Strike","Blood for Blood"],"picked":"Impatience","floor":1},{"not_picked":["Headbutt","Heavy Blade"],"picked":"Panacea","floor":2},{"not_picked":["Perfected Strike","Havoc"],"picked":"Clash","floor":3},{"not_picked":["Wild Strike","Body Slam"],"picked":"Battle Trance","floor":5},{"not_picked":["Corruption","Perfected Strike"],"picked":"Flash of Steel","floor":8},{"not_picked":["Pommel Strike","Sever Soul"],"picked":"Flex","floor":10},{"not_picked":["Metallicize","Intimidate"],"picked":"Sword Boomerang","floor":12},{"not_picked":["Enlightenment","Wild Strike","Havoc"],"picked":"SKIP","floor":14},{"not_picked":["HandOfGreed","Juggernaut"],"picked":"Metamorphosis","floor":16},{"not_picked":["Infernal Blade","Pommel Strike"],"picked":"Twin Strike","floor":18},{"not_picked":["Shockwave","Pommel Strike"],"picked":"Hemokinesis","floor":20},{"not_picked":["Blind+1","Warcry","Forethought"],"picked":"SKIP","floor":22},{"not_picked":["Perfected Strike","Swift Strike"],"picked":"Rage","floor":23},{"not_picked":["Deep Breath","Headbutt+1"],"picked":"Swift Strike+1","floor":25},{"not_picked":["Jack Of All Trades+1","Cleave"],"picked":"Metallicize+1","floor":28},{"not_picked":["Warcry","Flex"],"picked":"Dramatic Entrance","floor":29},{"not_picked":["Pommel Strike","Thunderclap+1"],"picked":"Burning Pact","floor":30},{"not_picked":["Secret Weapon","Berserk"],"picked":"Offering","floor":33},{"not_picked":[],"picked":"Heavy Blade","floor":35},{"not_picked":[],"picked":"Cleave+1","floor":36},{"not_picked":[],"picked":"Heavy Blade+1","floor":37},{"not_picked":["Carnage+1"],"picked":"SKIP","floor":39},{"not_picked":[],"picked":"Purity+1","floor":41},{"not_picked":["Body Slam+1"],"picked":"SKIP","floor":46},{"not_picked":["Twin Strike+1"],"picked":"SKIP","floor":47}],"player_experience":93388,"relics_obtained":[{"floor":8,"key":"Tiny Chest"},{"floor":9,"key":"Blood Vial"},{"floor":12,"key":"Shuriken"},{"floor":23,"key":"Gremlin Horn"},{"floor":24,"key":"Dodecahedron"},{"floor":25,"key":"Dead Branch"},{"floor":26,"key":"Sundial"},{"floor":30,"key":"Champion Belt"},{"floor":31,"key":"Bronze Scales"},{"floor":38,"key":"Letter Opener"},{"floor":41,"key":"Molten Egg 2"},{"floor":43,"key":"Pantograph"}],"event_choices":[{"damage_healed":0,"gold_gain":30,"player_choice":"Searched \u00273\u0027 times","damage_taken":0,"relics_obtained":["Boot"],"max_hp_gain":0,"max_hp_loss":0,"event_name":"Dead Adventurer","floor":7,"gold_loss":0},{"damage_healed":0,"gold_gain":0,"player_choice":"Joined the Cult","damage_taken":6,"max_hp_gain":0,"max_hp_loss":0,"event_name":"Nest","floor":19,"gold_loss":0,"cards_obtained":["RitualDagger"]},{"damage_healed":0,"gold_gain":0,"player_choice":"Relic","damage_taken":0,"max_hp_gain":0,"max_hp_loss":0,"event_name":"Wheel of Change","floor":24,"gold_loss":0}],"is_beta":false,"boss_relics":[{"not_picked":["Mark of Pain","Pandora\u0027s Box"],"picked":"Astrolabe"},{"not_picked":["Velvet Choker","Snecko Eye"],"picked":"Busted Crown"}],"items_purged_floors":[4,13],"is_endless":false,"potions_floor_spawned":[1,2,8,16,20,22,25,28,33,37,39],"ascension_level":0}