{"gold_per_floor":[111,129,2,2,18,47,47,75,75,75,127,127,127],"floor_reached":13,"playtime":456,"items_purged":[],"score":182,"play_id":"aa95e7b0-54b4-4678-86a8-422ff1ce6c7a","local_time":"20190608225959","is_ascension_mode":true,"campfire_choices":[{"floor":7,"key":"REST"}],"neow_cost":"NONE","seed_source_timestamp":3800893625113415,"circlet_count":0,"master_deck":["AscendersBane","Strike_G","Strike_G","Strike_G","Strike_G","Strike_G","Defend_G","Defend_G","Defend_G","Defend_G","Defend_G","Survivor","Neutralize+1","Well Laid Plans","Leg Sweep+1","Predator+1","Catalyst","PiercingWail","Cloak And Dagger","Flying Knee"],"relics":["Ring of the Snake","Juzu Bracelet","Bottled Flame","Centennial Puzzle","Golden Idol","Bag of Preparation"],"potions_floor_usage":[6,6,13],"damage_taken":[{"damage":3,"enemies":"Small Slimes","floor":1,"turns":4},{"damage":0,"enemies":"Cultist","floor":2,"turns":5},{"damage":0,"enemies":"2 Louse","floor":5,"turns":3},{"damage":26,"enemies":"Gremlin Nob","floor":6,"turns":4},{"damage":42,"enemies":"Lagavulin","floor":8,"turns":11},{"damage":13,"enemies":"Gremlin Nob","floor":13,"turns":3}],"seed_played":"8810290636528889792","potions_obtained":[{"floor":1,"key":"Weak Potion"},{"floor":5,"key":"SteroidPotion"},{"floor":8,"key":"SkillPotion"}],"is_trial":false,"path_per_floor":["M","M","$","?","M","E","R","E","T","?","T","?","E"],"character_chosen":"THE_SILENT","items_purchased":["Predator","Catalyst"],"campfire_rested":1,"item_purchase_floors":[3,3],"current_hp_per_floor":[56,56,56,56,56,30,49,7,7,7,7,7,0],"gold":127,"neow_bonus":"UPGRADE_CARD","is_prod":false,"is_daily":false,"chose_seed":false,"campfire_upgraded":0,"win_rate":0,"timestamp":1560059999,"path_taken":["M","M","$","?","?","E","R","E","T","?","?","?","E"],"build_version":"2019-06-07","purchased_purges":0,"victory":false,"max_hp_per_floor":[66,66,66,66,66,66,66,66,66,60,60,60,60],"card_choices":[{"not_picked":["Distraction","Tactician"],"picked":"Well Laid Plans","floor":1},{"not_picked":["Riddle With Holes","Distraction"],"picked":"Leg Sweep","floor":2},{"not_picked":["Expertise","Dodge and Roll"],"picked":"PiercingWail","floor":5},{"not_picked":["Acrobatics","Deflect"],"picked":"Cloak And Dagger","floor":6},{"not_picked":["Dodge and Roll","Dagger Throw"],"picked":"Flying Knee","floor":8}],"player_experience":1341053,"relics_obtained":[{"floor":6,"key":"Juzu Bracelet"},{"floor":8,"key":"Bottled Flame"},{"floor":9,"key":"Centennial Puzzle"},{"floor":11,"key":"Bag of Preparation"}],"event_choices":[{"damage_healed":0,"gold_gain":0,"player_choice":"Forge","damage_taken":0,"max_hp_gain":0,"max_hp_loss":0,"event_name":"Accursed Blacksmith","floor":4,"gold_loss":0,"cards_upgraded":["Predator"]},{"damage_healed":0,"gold_gain":0,"player_choice":"Lose Max HP","damage_taken":0,"relics_obtained":["Golden Idol"],"max_hp_gain":0,"max_hp_loss":6,"event_name":"Golden Idol","floor":10,"gold_loss":0},{"damage_healed":0,"gold_gain":0,"player_choice":"Upgraded","damage_taken":0,"max_hp_gain":0,"max_hp_loss":0,"event_name":"Upgrade Shrine","floor":12,"gold_loss":0,"cards_upgraded":["Leg Sweep"]}],"is_beta":true,"boss_relics":[],"items_purged_floors":[],"is_endless":false,"potions_floor_spawned":[1,5,8],"killed_by":"Gremlin Nob","ascension_level":20}