{"gold_per_floor":[118,133,146,11,28,59,59,89,89,102,102,114,114,13,13,89,89,67,67,67,117,130,130,130],"floor_reached":24,"playtime":1213,"items_purged":["Strike_R"],"score":412,"play_id":"097c311d-2ce2-4cbb-bf08-96a63e102a1a","local_time":"20181111000255","is_ascension_mode":true,"campfire_choices":[{"floor":7,"key":"REST"},{"data":"Armaments","floor":11,"key":"SMITH"},{"data":"True Grit","floor":15,"key":"SMITH"},{"data":"Limit Break","floor":23,"key":"SMITH"}],"neow_cost":"NONE","seed_source_timestamp":4398347961946593,"circlet_count":0,"master_deck":["AscendersBane","Strike_R","Strike_R","Strike_R","Strike_R","Defend_R","Defend_R","Defend_R","Defend_R","Bash","Headbutt","Feel No Pain","Rampage","Inflame","Armaments+1","Reckless Charge","Shrug It Off","Battle Trance","Shrug It Off","True Grit+1","Limit Break+1","Intimidate","Ghostly","Ghostly","Ghostly","Metallicize"],"relics":["Burning Blood","Matryoshka","Pear","Blood Vial","Kunai","Runic Pyramid"],"potions_floor_usage":[3,8,13,16,22,24],"damage_taken":[{"damage":13,"enemies":"Cultist","floor":1,"turns":5},{"damage":6,"enemies":"2 Louse","floor":2,"turns":4},{"damage":9,"enemies":"Jaw Worm","floor":3,"turns":5},{"damage":12,"enemies":"Looter","floor":5,"turns":4},{"damage":56,"enemies":"Gremlin Nob","floor":6,"turns":5},{"damage":15,"enemies":"Lagavulin","floor":8,"turns":5},{"damage":4,"enemies":"3 Louse","floor":10,"turns":5},{"damage":22,"enemies":"Exordium Wildlife","floor":12,"turns":5},{"damage":24,"enemies":"The Guardian","floor":16,"turns":15},{"damage":30,"enemies":"2 Thieves","floor":18,"turns":5},{"damage":0,"enemies":"3 Byrds","floor":22,"turns":6},{"damage":58,"enemies":"Slavers","floor":24,"turns":5}],"seed_played":"-8679415009795281962","potions_obtained":[{"floor":1,"key":"Swift Potion"},{"floor":6,"key":"Energy Potion"},{"floor":8,"key":"Dexterity Potion"},{"floor":10,"key":"LiquidBronze"},{"floor":13,"key":"Fruit Juice"},{"floor":13,"key":"EssenceOfSteel"},{"floor":18,"key":"BloodPotion"}],"is_trial":false,"path_per_floor":["M","M","M","$","M","E","R","E","T","M","R","M","?","$","R","B",null,"M","?","?","?","M","R","E"],"character_chosen":"IRONCLAD","items_purchased":["Inflame","Armaments","True Grit"],"campfire_rested":1,"item_purchase_floors":[4,4,14],"current_hp_per_floor":[68,68,65,65,59,9,33,34,34,38,38,24,29,29,29,13,76,54,48,36,36,44,44,0],"gold":130,"neow_bonus":"TEN_PERCENT_HP_BONUS","is_prod":false,"is_daily":false,"chose_seed":false,"campfire_upgraded":3,"win_rate":0,"timestamp":1541923375,"path_taken":["M","M","M","$","M","E","R","E","T","M","R","?","?","?","R","BOSS","M","?","?","?","M","R","E"],"build_version":"2018-11-08","purchased_purges":1,"victory":false,"max_hp_per_floor":[82,82,82,82,82,82,82,92,92,92,92,92,97,97,97,97,97,97,48,53,53,53,53,53],"card_choices":[{"not_picked":["Sever Soul","Heavy Blade"],"picked":"Headbutt","floor":1},{"not_picked":["Hemokinesis","Warcry"],"picked":"Feel No Pain","floor":2},{"not_picked":["Battle Trance","Clash"],"picked":"Rampage","floor":3},{"not_picked":["Bloodletting","Battle Trance"],"picked":"Reckless Charge","floor":5},{"not_picked":["Bloodletting","Uppercut"],"picked":"Shrug It Off","floor":6},{"not_picked":["Flex","Anger","Reckless Charge"],"picked":"SKIP","floor":8},{"not_picked":["Reckless Charge","Armaments"],"picked":"Battle Trance","floor":10},{"not_picked":["Armaments","Second Wind"],"picked":"Shrug It Off","floor":12},{"not_picked":["Barricade","Fiend Fire"],"picked":"Limit Break","floor":16},{"not_picked":["Clash","Perfected Strike"],"picked":"Intimidate","floor":18},{"not_picked":["Carnage","Iron Wave"],"picked":"Metallicize","floor":22}],"player_experience":1057583,"relics_obtained":[{"floor":6,"key":"Matryoshka"},{"floor":8,"key":"Pear"},{"floor":9,"key":"Blood Vial"},{"floor":9,"key":"Kunai"}],"event_choices":[{"damage_healed":0,"gold_gain":0,"player_choice":"Got Potions","damage_taken":0,"max_hp_gain":0,"max_hp_loss":0,"event_name":"Lab","floor":13,"gold_loss":0},{"damage_healed":0,"gold_gain":0,"player_choice":"Became a Ghost","damage_taken":0,"max_hp_gain":0,"max_hp_loss":49,"event_name":"Ghosts","floor":19,"gold_loss":0,"cards_obtained":["Ghostly","Ghostly","Ghostly"]},{"damage_healed":0,"gold_gain":0,"player_choice":"Shed Blood","damage_taken":17,"max_hp_gain":5,"max_hp_loss":0,"event_name":"Forgotten Altar","floor":20,"gold_loss":0},{"damage_healed":0,"gold_gain":50,"player_choice":"Stole From Cult","damage_taken":0,"max_hp_gain":0,"max_hp_loss":0,"event_name":"Nest","floor":21,"gold_loss":0}],"is_beta":true,"boss_relics":[{"not_picked":["Lizard Tail","Orrery"],"picked":"Runic Pyramid"}],"items_purged_floors":[14],"is_endless":false,"potions_floor_spawned":[1,6,8,10,18],"killed_by":"Slavers","ascension_level":20}