{"gold_per_floor":[114,35,35,55,73,73,100,110,110,110,120,120,120,120,120,193,193,206,206],"floor_reached":19,"playtime":710,"items_purged":[],"score":334,"play_id":"f2e90563-4495-4256-9552-bd363386451f","local_time":"20190607152744","is_ascension_mode":true,"campfire_choices":[{"data":"Bash","floor":6,"key":"SMITH"},{"data":"Spot Weakness","floor":10,"key":"SMITH"},{"data":"Rampage","floor":13,"key":"SMITH"},{"data":"Headbutt","floor":15,"key":"SMITH"}],"neow_cost":"NONE","seed_source_timestamp":3687104214771883,"circlet_count":0,"master_deck":["AscendersBane","Strike_R","Strike_R+1","Strike_R","Strike_R","Defend_R","Defend_R","Defend_R","Defend_R+1","Bash+1","Rampage+1","Carnage+1","Headbutt+1","Reaper","Spot Weakness+1","Ghostly Armor+1","Exhume+1"],"relics":["Black Blood","NeowsBlessing","Happy Flower","Toxic Egg 2"],"potions_floor_usage":[18,19],"damage_taken":[{"damage":0,"enemies":"Cultist","floor":1,"turns":1},{"damage":0,"enemies":"Jaw Worm","floor":4,"turns":1},{"damage":0,"enemies":"2 Louse","floor":5,"turns":1},{"damage":29,"enemies":"3 Sentries","floor":7,"turns":7},{"damage":6,"enemies":"2 Fungi Beasts","floor":8,"turns":3},{"damage":21,"enemies":"Lots of Slimes","floor":11,"turns":4},{"damage":22,"enemies":"The Guardian","floor":16,"turns":9},{"damage":73,"enemies":"3 Byrds","floor":18,"turns":9},{"damage":30,"enemies":"Shell Parasite","floor":19,"turns":3}],"seed_played":"6468304281893184041","potions_obtained":[{"floor":8,"key":"Weak Potion"},{"floor":16,"key":"Regen Potion"}],"is_trial":false,"path_per_floor":["M","$","?","M","M","R","E","M","T","R","M","?","R","?","R","B",null,"M","M"],"character_chosen":"IRONCLAD","items_purchased":["Carnage"],"campfire_rested":0,"item_purchase_floors":[2],"current_hp_per_floor":[74,74,51,57,63,63,40,40,40,40,45,38,38,38,38,34,65,18,0],"gold":206,"neow_bonus":"THREE_ENEMY_KILL","is_prod":false,"is_daily":false,"chose_seed":false,"campfire_upgraded":4,"win_rate":0,"timestamp":1559946464,"path_taken":["M","?","?","M","?","R","E","M","T","R","M","?","R","?","R","BOSS","M","M"],"build_version":"2019-06-05","purchased_purges":0,"victory":false,"max_hp_per_floor":[75,75,75,75,75,75,75,75,75,75,75,75,75,75,75,75,75,75,75],"card_choices":[{"not_picked":["Shrug It Off","Thunderclap"],"picked":"Rampage","floor":1},{"not_picked":["Clash","Warcry","Rampage"],"picked":"SKIP","floor":4},{"not_picked":["Thunderclap","Dual Wield"],"picked":"Headbutt","floor":5},{"not_picked":["Infernal Blade","Carnage"],"picked":"Reaper","floor":7},{"not_picked":["Thunderclap","Twin Strike"],"picked":"Spot Weakness","floor":8},{"not_picked":["Wild Strike","Clash"],"picked":"Ghostly Armor+1","floor":11},{"not_picked":["Bludgeon","Berserk"],"picked":"Exhume+1","floor":16},{"not_picked":["Clothesline","Rage+1","Cleave"],"picked":"SKIP","floor":18}],"player_experience":1321450,"relics_obtained":[{"floor":7,"key":"Happy Flower"},{"floor":9,"key":"Toxic Egg 2"}],"event_choices":[{"damage_healed":0,"gold_gain":0,"player_choice":"Entered Light","damage_taken":23,"max_hp_gain":0,"max_hp_loss":0,"event_name":"Shining Light","floor":3,"gold_loss":0,"cards_upgraded":["Strike_R","Defend_R"]},{"cards_removed":["Strike_R"],"damage_healed":0,"gold_gain":0,"player_choice":"Card Removal","damage_taken":7,"max_hp_gain":0,"max_hp_loss":0,"event_name":"Golden Wing","floor":12,"gold_loss":0},{"damage_healed":0,"gold_gain":0,"player_choice":"Forge","damage_taken":0,"max_hp_gain":0,"max_hp_loss":0,"event_name":"Accursed Blacksmith","floor":14,"gold_loss":0,"cards_upgraded":["Carnage"]}],"is_beta":true,"boss_relics":[{"not_picked":["Busted Crown","Calling Bell"],"picked":"Black Blood"}],"items_purged_floors":[],"is_endless":false,"potions_floor_spawned":[8,16],"killed_by":"Shell Parasite","ascension_level":20}