{"gold_per_floor":[111,123,123,93,103,103,131,151,175,175,203,203,235,261,261,337,337,351,351,0,14,24,49,49,83,157,157,175,275,275,225,225,302,302,316,316],"floor_reached":36,"playtime":3492,"items_purged":["Strike_B"],"score":986,"play_id":"88d26c3e-78e8-49f0-8dbd-923c4bda8a45","local_time":"20190808230127","is_ascension_mode":true,"campfire_choices":[{"data":"Static Discharge","floor":6,"key":"SMITH"},{"data":"Rainbow","floor":10,"key":"SMITH"},{"data":"Hello World","floor":12,"key":"SMITH"},{"data":"Defragment","floor":15,"key":"SMITH"},{"data":"Coolheaded","floor":24,"key":"SMITH"},{"floor":27,"key":"REST"},{"data":"Defragment","floor":30,"key":"SMITH"},{"floor":32,"key":"REST"}],"neow_cost":"TEN_PERCENT_HP_LOSS","seed_source_timestamp":3965357831373200,"circlet_count":0,"master_deck":["AscendersBane","Strike_B+1","Strike_B+1","Defend_B+1","Defend_B","Defend_B+1","Zap","Dualcast","Hello World+1","Rainbow+1","Melter","Static Discharge+1","Glacier","Glacier","Go for the Eyes","Seek","Defragment+1","Electrodynamics","Creative AI","Sunder","RitualDagger","Force Field","Coolheaded+1","Defragment+1","Creative AI","Chill"],"special_seed":0,"relics":["Cracked Core","Boot","Happy Flower","Pen Nib","Bottled Tornado","Odd Mushroom","Busted Crown","Membership Card","War Paint","Smiling Mask","PreservedInsect","Ornamental Fan","Peace Pipe","Darkstone Periapt","Snecko Eye"],"potions_floor_usage":[7,7,11,13,18,23,25,33,36],"damage_taken":[{"damage":14,"enemies":"Small Slimes","floor":1,"turns":4},{"damage":2,"enemies":"Jaw Worm","floor":2,"turns":3},{"damage":1,"enemies":"Cultist","floor":5,"turns":3},{"damage":0,"enemies":"Gremlin Nob","floor":7,"turns":3},{"damage":5,"enemies":"3 Louse","floor":8,"turns":4},{"damage":0,"enemies":"Lagavulin","floor":11,"turns":5},{"damage":0,"enemies":"Gremlin Nob","floor":13,"turns":3},{"damage":3,"enemies":"The Mushroom Lair","floor":14,"turns":3},{"damage":2,"enemies":"Hexaghost","floor":16,"turns":10},{"damage":0,"enemies":"Spheric Guardian","floor":18,"turns":3},{"damage":6,"enemies":"3 Byrds","floor":21,"turns":2},{"damage":1,"enemies":"Shelled Parasite and Fungi","floor":22,"turns":5},{"damage":13,"enemies":"Gremlin Leader","floor":23,"turns":6},{"damage":17,"enemies":"Book of Stabbing","floor":25,"turns":7},{"damage":0,"enemies":"Snecko","floor":28,"turns":3},{"damage":1,"enemies":"Colosseum Slavers","floor":29,"turns":3},{"damage":5,"enemies":"Colosseum Nobs","floor":29,"turns":2},{"damage":14,"enemies":"Automaton","floor":33,"turns":8},{"damage":14,"enemies":"3 Shapes","floor":35,"turns":3},{"damage":49,"enemies":"2 Orb Walkers","floor":36,"turns":4}],"seed_played":"1096586674302405936","potions_obtained":[{"floor":4,"key":"FearPotion"},{"floor":4,"key":"Energy Potion"},{"floor":8,"key":"PowerPotion"},{"floor":11,"key":"SteroidPotion"},{"floor":16,"key":"SkillPotion"},{"floor":21,"key":"Swift Potion"},{"floor":23,"key":"Weak Potion"},{"floor":28,"key":"Dexterity Potion"},{"floor":35,"key":"EssenceOfSteel"}],"is_trial":false,"path_per_floor":["M","M","?","?","M","R","E","M","T","R","E","R","E","?","R","B",null,"M","?","$","M","M","E","R","E","T","R","M","?","R","?","R","B",null,"M","?"],"character_chosen":"DEFECT","items_purchased":["Membership Card","War Paint"],"campfire_rested":2,"item_purchase_floors":[20,20],"current_hp_per_floor":[50,48,29,29,28,28,28,23,23,23,23,23,23,20,20,18,53,53,47,47,41,40,27,27,10,10,29,29,23,23,23,42,28,55,41,0],"gold":316,"neow_bonus":"TRANSFORM_TWO_CARDS","is_prod":false,"is_daily":false,"chose_seed":false,"campfire_upgraded":6,"win_rate":0,"timestamp":1565330487,"path_taken":["M","M","?","?","?","R","E","M","T","R","E","R","E","?","R","BOSS","M","?","$","M","M","E","R","E","T","R","M","?","R","?","R","BOSS","M","?"],"build_version":"2019-07-18","purchased_purges":1,"victory":false,"max_hp_per_floor":[64,64,64,64,64,64,64,64,64,64,64,64,64,64,64,64,64,64,64,64,64,64,64,64,64,64,64,64,64,64,64,64,64,64,64,64],"card_choices":[{"not_picked":["Conserve Battery","Beam Cell"],"picked":"Melter","floor":1},{"not_picked":["Loop","Sweeping Beam"],"picked":"Static Discharge","floor":2},{"not_picked":["Turbo","Cold Snap"],"picked":"Glacier","floor":5},{"not_picked":["FTL","Hello World"],"picked":"Glacier","floor":7},{"not_picked":["Lockon","Cold Snap"],"picked":"Go for the Eyes","floor":8},{"not_picked":["Steam","Stack"],"picked":"Seek","floor":11},{"not_picked":["Barrage","Sweeping Beam"],"picked":"Defragment","floor":13},{"not_picked":["Beam Cell","Reprogram"],"picked":"Electrodynamics","floor":14},{"not_picked":["Reboot","Hyperbeam"],"picked":"Creative AI","floor":16},{"not_picked":[],"picked":"Sunder","floor":18},{"not_picked":["Sunder"],"picked":"SKIP","floor":21},{"not_picked":[],"picked":"Force Field","floor":22},{"not_picked":[],"picked":"Coolheaded","floor":23},{"not_picked":["Sweeping Beam"],"picked":"SKIP","floor":25},{"not_picked":["Reprogram"],"picked":"SKIP","floor":28},{"not_picked":[],"picked":"Defragment","floor":29},{"not_picked":[],"picked":"Creative AI","floor":33},{"not_picked":[],"picked":"Chill","floor":35}],"player_experience":3518099,"relics_obtained":[{"floor":7,"key":"Boot"},{"floor":9,"key":"Happy Flower"},{"floor":11,"key":"Pen Nib"},{"floor":13,"key":"Bottled Tornado"},{"floor":14,"key":"Odd Mushroom"},{"floor":23,"key":"Smiling Mask"},{"floor":25,"key":"PreservedInsect"},{"floor":26,"key":"Ornamental Fan"},{"floor":29,"key":"Peace Pipe"},{"floor":29,"key":"Darkstone Periapt"}],"event_choices":[{"damage_healed":0,"gold_gain":0,"player_choice":"Entered Light","damage_taken":19,"max_hp_gain":0,"max_hp_loss":0,"event_name":"Shining Light","floor":3,"gold_loss":0,"cards_upgraded":["Strike_B","Strike_B"]},{"damage_healed":0,"gold_gain":0,"player_choice":"Bought 2 Potions","damage_taken":0,"max_hp_gain":0,"max_hp_loss":0,"event_name":"The Woman in Blue","floor":4,"gold_loss":0},{"damage_healed":0,"gold_gain":0,"player_choice":"Fought Mushrooms","damage_taken":0,"max_hp_gain":0,"max_hp_loss":0,"event_name":"Mushrooms","floor":14,"gold_loss":0},{"damage_healed":0,"gold_gain":0,"player_choice":"Joined the Cult","damage_taken":6,"max_hp_gain":0,"max_hp_loss":0,"event_name":"Nest","floor":19,"gold_loss":0,"cards_obtained":["RitualDagger"]},{"damage_healed":0,"gold_gain":0,"player_choice":"Fight","damage_taken":0,"max_hp_gain":0,"max_hp_loss":0,"event_name":"Colosseum","floor":29,"gold_loss":0},{"damage_healed":0,"gold_gain":0,"player_choice":"Fought Nobs","damage_taken":0,"max_hp_gain":0,"max_hp_loss":0,"event_name":"Colosseum","floor":29,"gold_loss":0},{"damage_healed":0,"gold_gain":0,"player_choice":"Bet on Murderer","damage_taken":0,"max_hp_gain":0,"max_hp_loss":0,"event_name":"The Joust","floor":31,"gold_loss":50},{"damage_healed":0,"gold_gain":0,"player_choice":"Fight","damage_taken":0,"max_hp_gain":0,"max_hp_loss":0,"event_name":"Mysterious Sphere","floor":36,"gold_loss":0}],"is_beta":true,"boss_relics":[{"not_picked":["Velvet Choker","Eternal Feather"],"picked":"Busted Crown"},{"not_picked":["Orrery","Runic Pyramid"],"picked":"Snecko Eye"}],"items_purged_floors":[20],"is_endless":false,"potions_floor_spawned":[5,8,11,16,21,23,28,35],"killed_by":"2 Orb Walkers","ascension_level":20}