{"gold_per_floor":[217,75,95,105,119,119,135,135,160,160,186,206,44,44,44,116,116,132,132,3,3,21,21,51,51],"floor_reached":25,"playtime":1712,"items_purged":["Strike_R","Reckless Charge"],"score":442,"play_id":"6247fc4b-4228-476d-9a42-1f91aeab63a1","local_time":"20190322001201","is_ascension_mode":true,"campfire_choices":[{"data":"Rampage","floor":6,"key":"SMITH"},{"data":"True Grit","floor":8,"key":"SMITH"},{"data":"Bash","floor":10,"key":"SMITH"},{"data":"Flame Barrier","floor":15,"key":"SMITH"}],"neow_cost":"NONE","seed_source_timestamp":385040454803097,"circlet_count":0,"master_deck":["AscendersBane","Bash+1","Rampage+1","Flame Barrier+1","Clothesline","True Grit+1","Battle Trance","Whirlwind","Inflame","Ghostly Armor","Feed","Limit Break","True Grit","Iron Wave","Infernal Blade","Battle Trance","Second Wind","Disarm","Feed","Inflame","Shrug It Off","Armaments"],"relics":["Burning Blood","Omamori","Orichalcum","Pandora\u0027s Box","Regal Pillow"],"potions_floor_usage":[11,16,16,24,24,25],"damage_taken":[{"damage":14,"enemies":"Jaw Worm","floor":1,"turns":5},{"damage":11,"enemies":"2 Louse","floor":3,"turns":3},{"damage":4,"enemies":"Cultist","floor":4,"turns":3},{"damage":1,"enemies":"3 Louse","floor":5,"turns":4},{"damage":11,"enemies":"Exordium Thugs","floor":7,"turns":5},{"damage":30,"enemies":"3 Sentries","floor":11,"turns":11},{"damage":12,"enemies":"Red Slaver","floor":12,"turns":4},{"damage":11,"enemies":"Hexaghost","floor":16,"turns":9},{"damage":17,"enemies":"Shell Parasite","floor":18,"turns":5},{"damage":12,"enemies":"Chosen","floor":22,"turns":7},{"damage":40,"enemies":"Gremlin Leader","floor":24,"turns":7},{"damage":35,"enemies":"3 Cultists","floor":25,"turns":4}],"seed_played":"7217747407685050098","potions_obtained":[{"floor":1,"key":"LiquidBronze"},{"floor":3,"key":"PowerPotion"},{"floor":12,"key":"PowerPotion"},{"floor":18,"key":"Ancient Potion"},{"floor":21,"key":"Explosive Potion"},{"floor":21,"key":"Strength Potion"},{"floor":24,"key":"Explosive Potion"}],"is_trial":false,"path_per_floor":["M","$","M","M","M","R","M","R","T","R","E","M","$","?","R","B",null,"M","?","$","?","M","$","E","M"],"character_chosen":"IRONCLAD","items_purchased":["Flame Barrier","PowerPotion","Feed","Shrug It Off"],"campfire_rested":0,"item_purchase_floors":[2,2,13,20],"current_hp_per_floor":[60,60,55,57,62,62,57,57,57,57,33,27,27,52,52,47,68,60,60,60,60,54,54,23,0],"gold":51,"neow_bonus":"HUNDRED_GOLD","is_prod":false,"is_daily":false,"chose_seed":false,"campfire_upgraded":4,"win_rate":0,"timestamp":1553209921,"path_taken":["M","$","M","M","M","R","M","R","T","R","E","M","$","?","R","BOSS","M","?","?","?","?","?","E","M"],"build_version":"2019-03-15","purchased_purges":2,"victory":false,"max_hp_per_floor":[75,75,75,75,75,75,75,75,75,75,75,75,75,75,75,75,75,78,78,78,78,78,78,81,81],"card_choices":[{"not_picked":["Wild Strike","Shrug It Off"],"picked":"Rampage","floor":1},{"not_picked":["Evolve","Headbutt"],"picked":"Clothesline","floor":3},{"not_picked":["Carnage","Rampage"],"picked":"True Grit","floor":4},{"not_picked":["Thunderclap","Seeing Red"],"picked":"Battle Trance","floor":5},{"not_picked":["Hemokinesis","Sword Boomerang"],"picked":"Whirlwind","floor":7},{"not_picked":["Metallicize","Sword Boomerang"],"picked":"Inflame","floor":11},{"not_picked":["Clash","Clothesline"],"picked":"Ghostly Armor","floor":12},{"not_picked":["Dark Embrace","Offering"],"picked":"Limit Break","floor":16},{"not_picked":["Pommel Strike","Rupture","Blood for Blood"],"picked":"SKIP","floor":18},{"not_picked":["Flex","Whirlwind"],"picked":"Armaments","floor":22},{"not_picked":["Battle Trance","Sword Boomerang","Armaments"],"picked":"SKIP","floor":24}],"player_experience":372913,"relics_obtained":[{"floor":9,"key":"Omamori"},{"floor":11,"key":"Orichalcum"},{"floor":24,"key":"Regal Pillow"}],"event_choices":[{"damage_healed":25,"gold_gain":0,"player_choice":"Banana","damage_taken":0,"max_hp_gain":0,"max_hp_loss":0,"event_name":"Big Fish","floor":14,"gold_loss":0},{"damage_healed":0,"gold_gain":0,"player_choice":"Copied","damage_taken":0,"max_hp_gain":0,"max_hp_loss":0,"event_name":"Duplicator","floor":19,"gold_loss":0,"cards_obtained":["Inflame"]},{"damage_healed":0,"gold_gain":0,"player_choice":"Got Potions","damage_taken":0,"max_hp_gain":0,"max_hp_loss":0,"event_name":"Lab","floor":21,"gold_loss":0}],"is_beta":true,"boss_relics":[{"not_picked":["Astrolabe","Black Blood"],"picked":"Pandora\u0027s Box"}],"items_purged_floors":[13,20],"is_endless":false,"potions_floor_spawned":[1,3,5,12,18,24],"killed_by":"3 Cultists","ascension_level":20}