{"gold_per_floor":[16,28,45,62,77,77,90,90,90,119,119,119,44,70,70,70],"floor_reached":16,"playtime":627,"items_purged":["Strike_R"],"score":224,"play_id":"4b2befb4-0a51-4c37-88c3-97b84cd3d87d","local_time":"20181111001331","is_ascension_mode":true,"campfire_choices":[{"data":"Searing Blow","floor":6,"key":"SMITH"},{"data":"Immolate","floor":8,"key":"SMITH"},{"data":"Armaments","floor":11,"key":"SMITH"},{"floor":15,"key":"REST"}],"neow_cost":"NO_GOLD","seed_source_timestamp":4399570220343977,"circlet_count":0,"master_deck":["AscendersBane","Strike_R","Strike_R","Defend_R","Defend_R","Defend_R","Defend_R","Bash","Feel No Pain","Searing Blow+2","Sword Boomerang","Shrug It Off","Pommel Strike","Immolate+1","Armaments+1"],"relics":["Burning Blood","Strawberry","Ginger","Bag of Preparation"],"potions_floor_usage":[7,10],"damage_taken":[{"damage":13,"enemies":"Jaw Worm","floor":1,"turns":6},{"damage":1,"enemies":"Cultist","floor":2,"turns":3},{"damage":0,"enemies":"Small Slimes","floor":3,"turns":4},{"damage":24,"enemies":"Blue Slaver","floor":4,"turns":6},{"damage":2,"enemies":"2 Fungi Beasts","floor":5,"turns":4},{"damage":5,"enemies":"Gremlin Gang","floor":7,"turns":4},{"damage":26,"enemies":"Lagavulin","floor":10,"turns":5},{"damage":34,"enemies":"Gremlin Nob","floor":14,"turns":4},{"damage":70,"enemies":"Slime Boss","floor":16,"turns":9}],"seed_played":"-3679876954721614844","potions_obtained":[{"floor":1,"key":"Explosive Potion"},{"floor":4,"key":"Dexterity Potion"},{"floor":7,"key":"FairyPotion"}],"is_trial":false,"path_per_floor":["M","M","M","M","M","R","M","R","T","E","R","?","$","E","R","B"],"character_chosen":"IRONCLAD","items_purchased":[],"campfire_rested":1,"item_purchase_floors":[],"current_hp_per_floor":[61,66,72,54,58,58,59,59,66,46,46,46,46,18,42,0],"gold":70,"neow_bonus":"TRANSFORM_TWO_CARDS","is_prod":false,"is_daily":false,"chose_seed":false,"campfire_upgraded":3,"win_rate":0,"timestamp":1541924011,"path_taken":["M","M","M","M","M","R","M","R","T","E","R","?","$","E","R","BOSS"],"build_version":"2018-11-08","purchased_purges":1,"victory":false,"max_hp_per_floor":[75,75,75,75,75,75,75,75,82,82,82,82,82,82,82,82],"card_choices":[{"not_picked":["Rupture","Warcry","Sword Boomerang"],"picked":"SKIP","floor":1},{"not_picked":["Rupture","Warcry"],"picked":"Sword Boomerang","floor":1},{"not_picked":["Body Slam","Sword Boomerang"],"picked":"Shrug It Off","floor":2},{"not_picked":["Thunderclap","Pommel Strike","Sword Boomerang"],"picked":"SKIP","floor":3},{"not_picked":["Thunderclap","Sword Boomerang"],"picked":"Pommel Strike","floor":3},{"not_picked":["Perfected Strike","Warcry","Body Slam"],"picked":"SKIP","floor":4},{"not_picked":["Power Through","Carnage","Reckless Charge"],"picked":"SKIP","floor":5},{"not_picked":["Blood for Blood","Clash"],"picked":"Immolate","floor":7},{"not_picked":["Iron Wave","Ghostly Armor"],"picked":"Armaments","floor":10},{"not_picked":["Seeing Red","Twin Strike","Cleave"],"picked":"SKIP","floor":14}],"player_experience":1058796,"relics_obtained":[{"floor":9,"key":"Strawberry"},{"floor":10,"key":"Ginger"},{"floor":14,"key":"Bag of Preparation"}],"event_choices":[{"damage_healed":0,"gold_gain":0,"player_choice":"Grow","damage_taken":0,"max_hp_gain":0,"max_hp_loss":0,"event_name":"Living Wall","floor":12,"gold_loss":0,"cards_upgraded":["Searing Blow"]}],"is_beta":true,"boss_relics":[],"items_purged_floors":[13],"is_endless":false,"potions_floor_spawned":[1,4,5,7],"killed_by":"Slime Boss","ascension_level":20}