{"gold_per_floor":[109,109,109,31,42,74,74,99,178,213,213,228,208,223,223,302,302,313,91,141,125,138,138,168,93,171,171,206,219,219,111,111,185,185,202,212,223,116,64,64,83,83,137,153,153,164,164,177,177,177],"floor_reached":51,"playtime":1510,"items_purged":[],"score":1240,"play_id":"4d404304-0bd4-4e15-9d24-4da33588b566","local_time":"20190918161154","is_ascension_mode":true,"campfire_choices":[{"data":"Streamline","floor":7.0,"key":"SMITH"},{"floor":11.0,"key":"REST"},{"floor":15.0,"key":"REST"},{"data":"Zap","floor":23.0,"key":"SMITH"},{"floor":27.0,"key":"REST"},{"floor":32.0,"key":"REST"},{"floor":40.0,"key":"REST"},{"floor":42.0,"key":"REST"},{"data":"Creative AI","floor":45,"key":"SMITH"},{"floor":49,"key":"REST"}],"neow_cost":"NONE","seed_source_timestamp":60631647274500,"circlet_count":0,"master_deck":["AscendersBane","Defend_B","Defend_B+1","Defend_B+1","Zap+1","Dualcast+1","Sweeping Beam+1","Glacier","Streamline+1","Leap","Buffer","Chill+1","Creative AI+1","CurseOfTheBell","Conserve Battery+1","Biased Cognition","Core Surge","Undo+1","Coolheaded+1","Fusion+1","Storm+1","Tempest+1","Seek+1","Tempest+1","Auto Shields+1","Heatsinks+1","Hologram+1","Leap+1","Hologram+1","Reinforced Body+1"],"special_seed":0,"relics":["Cracked Core","NeowsBlessing","Akabeko","PreservedInsect","Toxic Egg 2","Bronze Scales","Calling Bell","Lantern","Cables","Torii","Gremlin Horn","Frozen Egg 2","War Paint","Astrolabe","Pantograph","Happy Flower"],"potions_floor_usage":[50,50],"damage_taken":[{"damage":0.0,"enemies":"Small Slimes","floor":1.0,"turns":1.0},{"damage":0.0,"enemies":"Jaw Worm","floor":5.0,"turns":1.0},{"damage":0.0,"enemies":"Lagavulin","floor":6.0,"turns":1.0},{"damage":23.0,"enemies":"Gremlin Nob","floor":8.0,"turns":4.0},{"damage":5.0,"enemies":"3 Sentries","floor":10.0,"turns":4.0},{"damage":0.0,"enemies":"Cultist","floor":12.0,"turns":3.0},{"damage":0.0,"enemies":"Large Slime","floor":14.0,"turns":4.0},{"damage":5.0,"enemies":"Slime Boss","floor":16.0,"turns":12.0},{"damage":0.0,"enemies":"Chosen","floor":18.0,"turns":9.0},{"damage":11.0,"enemies":"2 Thieves","floor":21.0,"turns":4.0},{"damage":9.0,"enemies":"Snake Plant","floor":22.0,"turns":3.0},{"damage":24.0,"enemies":"Slavers","floor":24.0,"turns":6.0},{"damage":15.0,"enemies":"Book of Stabbing","floor":28.0,"turns":7.0},{"damage":0.0,"enemies":"Snecko","floor":29.0,"turns":7.0},{"damage":17.0,"enemies":"Automaton","floor":33.0,"turns":10.0},{"damage":0.0,"enemies":"3 Darklings","floor":35.0,"turns":3.0},{"damage":18.0,"enemies":"3 Shapes","floor":36.0,"turns":2.0},{"damage":28.0,"enemies":"Transient","floor":37.0,"turns":5.0},{"damage":1.0,"enemies":"3 Darklings","floor":41.0,"turns":2.0},{"damage":0,"enemies":"Sphere and 2 Shapes","floor":44,"turns":4},{"damage":0,"enemies":"4 Shapes","floor":46,"turns":3},{"damage":16,"enemies":"Spire Growth","floor":48,"turns":5},{"damage":42,"enemies":"Time Eater","floor":50,"turns":11}],"seed_played":"3022189568435670944","potions_obtained":[{"floor":1.0,"key":"Dexterity Potion"},{"floor":8.0,"key":"GamblersBrew"},{"floor":13.0,"key":"Regen Potion"},{"floor":16.0,"key":"FocusPotion"},{"floor":24.0,"key":"Weak Potion"},{"floor":29.0,"key":"Strength Potion"},{"floor":35.0,"key":"FocusPotion"},{"floor":41.0,"key":"SkillPotion"}],"is_trial":false,"path_per_floor":["M","?","?","$","M","E","R","E","T","E","R","M","?","M","R","B",null,"M","$","?","M","M","R","E","?","T","R","E","M","?","$","R","B",null,"M","M","M","?","$","R","M","R","T","M","R","M","?","M","R","B",null],"character_chosen":"DEFECT","items_purchased":["Glacier","Biased Cognition","Core Surge","Storm+1","Tempest+1","Leap+1"],"campfire_rested":7,"item_purchase_floors":[4,19,19,31,31,39],"current_hp_per_floor":[64,43,43,43,43,43,43,20,20,15,36,36,36,36,57,52,66,66,66,66,55,46,46,34,34,34,55,40,40,20,20,42,25,63,63,45,17,17,17,39,38,60,60,60,60,60,60,44,66,34],"gold":177,"neow_bonus":"THREE_ENEMY_KILL","is_prod":false,"is_daily":false,"chose_seed":false,"campfire_upgraded":3,"win_rate":0,"timestamp":1568841114,"path_taken":["M","?","?","$","?","E","R","E","T","E","R","M","?","M","R","BOSS","M","$","?","?","M","R","E","?","T","R","E","M","?","$","R","BOSS","M","M","M","?","?","R","M","R","T","?","R","M","?","M","R","BOSS"],"build_version":"2019-09-18","purchased_purges":0,"victory":true,"max_hp_per_floor":[71,71,71,71,71,71,71,71,71,71,71,71,71,71,71,71,71,71,71,71,71,71,71,71,71,71,71,71,71,76,76,76,76,76,76,76,76,76,76,76,76,76,76,76,76,76,76,76,76,76],"card_choices":[{"not_picked":["Darkness","Scrape"],"picked":"Sweeping Beam","floor":1.0},{"not_picked":["Ball Lightning","Go for the Eyes"],"picked":"Streamline","floor":5.0},{"not_picked":["Redo","Streamline"],"picked":"Leap","floor":6.0},{"not_picked":["Barrage","Turbo","Sweeping Beam"],"picked":"SKIP","floor":8.0},{"not_picked":["Aggregate+1","Turbo+1"],"picked":"Buffer","floor":10.0},{"not_picked":["Sunder","Self Repair","Reprogram+1"],"picked":"SKIP","floor":12.0},{"not_picked":["Hologram+1","Lockon"],"picked":"Chill+1","floor":14.0},{"not_picked":["Thunder Strike","Core Surge"],"picked":"Creative AI","floor":16.0},{"not_picked":["Stack+1","Streamline"],"picked":"Conserve Battery+1","floor":18.0},{"not_picked":["FTL","Rebound"],"picked":"Undo+1","floor":21.0},{"not_picked":["Chill+1","Redo+1"],"picked":"Coolheaded+1","floor":22.0},{"not_picked":["Conserve Battery+1","Meteor Strike"],"picked":"Fusion+1","floor":24.0},{"not_picked":["Stack+1","Cold Snap","Creative AI+1"],"picked":"SKIP","floor":28.0},{"not_picked":["Turbo+1","Stack+1","Cold Snap"],"picked":"SKIP","floor":29.0},{"not_picked":["Core Surge","Buffer+1"],"picked":"Seek+1","floor":33.0},{"not_picked":["Rip and Tear","Turbo+1"],"picked":"Heatsinks+1","floor":35.0},{"not_picked":["Streamline","Compile Driver"],"picked":"Hologram+1","floor":36.0},{"not_picked":["Heatsinks+1","Sunder","Compile Driver"],"picked":"SKIP","floor":37.0},{"not_picked":["Tempest+1","Gash"],"picked":"Hologram+1","floor":41.0},{"not_picked":["Beam Cell","Compile Driver+1"],"picked":"Reinforced Body+1","floor":44},{"not_picked":["Reprogram+1","Sweeping Beam+1","Turbo+1"],"picked":"SKIP","floor":46},{"not_picked":["Redo+1","Glacier+1","Coolheaded+1"],"picked":"SKIP","floor":48}],"player_experience":1390165,"relics_obtained":[{"floor":6.0,"key":"Akabeko"},{"floor":8.0,"key":"PreservedInsect"},{"floor":9.0,"key":"Toxic Egg 2"},{"floor":10.0,"key":"Bronze Scales"},{"floor":17.0,"key":"Lantern"},{"floor":17.0,"key":"Cables"},{"floor":17.0,"key":"Torii"},{"floor":24.0,"key":"Gremlin Horn"},{"floor":26.0,"key":"Frozen Egg 2"},{"floor":28.0,"key":"War Paint"},{"floor":43.0,"key":"Happy Flower"}],"event_choices":[{"damage_healed":0.0,"max_hp_gain":0.0,"max_hp_loss":0.0,"gold_gain":0.0,"event_name":"Shining Light","player_choice":"Entered Light","floor":2.0,"gold_loss":0.0,"damage_taken":21.0,"cards_upgraded":["Defend_B","Sweeping Beam"]},{"cards_removed":["Strike_B"],"damage_healed":0.0,"max_hp_gain":0.0,"max_hp_loss":0.0,"gold_gain":0.0,"event_name":"Wheel of Change","player_choice":"Card Removal","floor":3.0,"gold_loss":0.0,"damage_taken":0.0},{"damage_healed":0.0,"max_hp_gain":0.0,"max_hp_loss":0.0,"gold_gain":0.0,"event_name":"The Woman in Blue","player_choice":"Bought 1 Potion","floor":13.0,"gold_loss":0.0,"damage_taken":0.0},{"damage_healed":0.0,"max_hp_gain":0.0,"max_hp_loss":0.0,"gold_gain":50.0,"event_name":"Golden Shrine","player_choice":"Pray","floor":20.0,"gold_loss":0.0,"damage_taken":0.0},{"cards_removed":["Strike_B"],"damage_healed":0.0,"max_hp_gain":0.0,"max_hp_loss":0.0,"gold_gain":0.0,"event_name":"Beggar","player_choice":"Gave Gold","floor":25.0,"gold_loss":75.0,"damage_taken":0.0},{"damage_healed":0.0,"max_hp_gain":5.0,"max_hp_loss":0.0,"gold_gain":0.0,"event_name":"Forgotten Altar","player_choice":"Shed Blood","floor":30.0,"gold_loss":0.0,"damage_taken":25.0},{"damage_healed":0.0,"max_hp_gain":0.0,"max_hp_loss":0.0,"gold_gain":0.0,"event_name":"WeMeetAgain","player_choice":"Paid Gold","floor":38.0,"gold_loss":107.0,"damage_taken":0.0,"relics_obtained":["Pantograph"]},{"cards_removed":["Hyperbeam"],"damage_healed":0,"gold_gain":0,"player_choice":"Removed Attack","damage_taken":0,"max_hp_gain":0,"max_hp_loss":0,"event_name":"Falling","floor":47,"gold_loss":0}],"is_beta":true,"boss_relics":[{"not_picked":["SlaversCollar","Ectoplasm"],"picked":"Calling Bell"},{"not_picked":["Velvet Choker","Empty Cage"],"picked":"Astrolabe"}],"items_purged_floors":[],"is_endless":false,"potions_floor_spawned":[1,8,12,16,24,29,35,41,44],"ascension_level":15}