{"gold_per_floor":[119,138,138,152,152,184,184,201,201,201,226,226,301,16,16,94,94,107,57,72,84,101,101,101,101,127,138,155,169,8,24,24,95,95,113,113,130,30,40,40,59,79,79,91,113,145,157,188,200,212],"floor_reached":51,"playtime":3030,"items_purged":["Strike_B","Strike_B"],"score":1194,"play_id":"a03a6fab-f48a-456a-9cae-19f444306055","local_time":"20190217014416","is_ascension_mode":true,"campfire_choices":[{"data":"Zap","floor":7.0,"key":"SMITH"},{"data":"Dualcast","floor":10.0,"key":"SMITH"},{"floor":15.0,"key":"REST"},{"data":"White Noise","floor":23.0,"key":"SMITH"},{"floor":25.0,"key":"REST"},{"data":"Coolheaded","floor":32,"key":"SMITH"},{"data":"Chill","floor":40,"key":"SMITH"},{"data":"Capacitor","floor":44,"key":"SMITH"},{"floor":49,"key":"REST"}],"neow_cost":"NONE","seed_source_timestamp":251141112874078,"circlet_count":0,"master_deck":["AscendersBane","Defend_B","Defend_B","Defend_B+1","Defend_B+1","Zap+1","Dualcast+1","Go for the Eyes+1","Self Repair+1","Core Surge","Cold Snap","Barrage","Ball Lightning","Buffer+1","Conserve Battery+1","Ball Lightning","White Noise+1","Biased Cognition","Coolheaded+1","Electrodynamics","Chill+1","Barrage","Capacitor+1","Undo","Leap","Stack+1"],"special_seed":0,"relics":["FrozenCore","NeowsBlessing","Mango","Incense Burner","WingedGreaves","Shuriken","Bronze Scales","Philosopher\u0027s Stone","Centennial Puzzle","War Paint","MawBank"],"potions_floor_usage":[27,29,39,50],"damage_taken":[{"damage":0.0,"enemies":"Jaw Worm","floor":1.0,"turns":1.0},{"damage":0.0,"enemies":"Small Slimes","floor":2.0,"turns":1.0},{"damage":0.0,"enemies":"Cultist","floor":4.0,"turns":1.0},{"damage":31.0,"enemies":"Gremlin Nob","floor":6.0,"turns":5.0},{"damage":7.0,"enemies":"Blue Slaver","floor":8.0,"turns":3.0},{"damage":30.0,"enemies":"3 Sentries","floor":11.0,"turns":10.0},{"damage":8.0,"enemies":"Slime Boss","floor":16.0,"turns":7.0},{"damage":19.0,"enemies":"Spheric Guardian","floor":18.0,"turns":4.0},{"damage":18.0,"enemies":"Shell Parasite","floor":20.0,"turns":4.0},{"damage":34.0,"enemies":"3 Cultists","floor":21.0,"turns":6.0},{"damage":0.0,"enemies":"Centurion and Healer","floor":22.0,"turns":7.0},{"damage":17,"enemies":"Cultist and Chosen","floor":27,"turns":6},{"damage":9,"enemies":"Sentry and Sphere","floor":28,"turns":5},{"damage":6,"enemies":"Snake Plant","floor":29,"turns":3},{"damage":0,"enemies":"Snecko","floor":31,"turns":4},{"damage":4,"enemies":"Champ","floor":33,"turns":11},{"damage":32,"enemies":"3 Darklings","floor":35,"turns":2},{"damage":16,"enemies":"3 Shapes","floor":37,"turns":4},{"damage":13,"enemies":"Jaw Worm Horde","floor":39,"turns":5},{"damage":0,"enemies":"4 Shapes","floor":41,"turns":7},{"damage":16,"enemies":"Maw","floor":42,"turns":7},{"damage":30,"enemies":"3 Darklings","floor":45,"turns":3},{"damage":19,"enemies":"Jaw Worm Horde","floor":46,"turns":4},{"damage":0,"enemies":"Transient","floor":48,"turns":6},{"damage":22,"enemies":"Donu and Deca","floor":50,"turns":6}],"seed_played":"8217138307977188942","potions_obtained":[{"floor":2.0,"key":"Poison Potion"},{"floor":8.0,"key":"FearPotion"},{"floor":16.0,"key":"Dexterity Potion"},{"floor":18.0,"key":"PowerPotion"},{"floor":27,"key":"SkillPotion"},{"floor":33,"key":"Regen Potion"},{"floor":42,"key":"Weak Potion"}],"is_trial":false,"path_per_floor":["M","M","?","M","?","E","R","M","T","R","E","?","?","$","R","B",null,"M","?","M","M","M","R","?","R","T","M","M","M","$","M","R","B",null,"M","?","M","$","M","R","M","M","T","R","M","M","?","M","R","B",null],"character_chosen":"DEFECT","items_purchased":["Bronze Scales","Ball Lightning","War Paint"],"campfire_rested":3,"item_purchase_floors":[14,14,30],"current_hp_per_floor":[64,64,64,64,64,54,54,54,54,54,31,13,2,2,27,26,70,58,58,50,26,36,36,36,61,61,54,55,59,59,69,69,75,83,51,51,45,45,56,56,66,60,60,60,40,31,31,41,66,54],"gold":224,"neow_bonus":"THREE_ENEMY_KILL","is_prod":false,"is_daily":false,"chose_seed":false,"campfire_upgraded":6,"win_rate":0,"timestamp":1550396656,"path_taken":["M","M","?","M","?","E","R","?","T","R","E","?","?","$","R","BOSS","M","?","M","?","M","R","?","R","T","M","M","M","?","M","R","BOSS","M","?","M","$","?","R","M","M","T","R","M","M","?","M","R","BOSS"],"build_version":"2019-01-23","purchased_purges":2,"victory":true,"max_hp_per_floor":[71,71,71,71,71,85,85,85,85,85,85,85,85,85,85,85,85,85,85,85,85,85,85,85,85,85,85,85,85,85,85,85,85,85,85,85,85,85,85,85,85,85,85,85,85,85,85,85,85,85],"card_choices":[{"not_picked":["Reprogram","Barrage"],"picked":"Go for the Eyes","floor":1.0},{"not_picked":["Compile Driver","Sunder"],"picked":"Self Repair","floor":2.0},{"not_picked":["Auto Shields","Cold Snap"],"picked":"Core Surge","floor":4.0},{"not_picked":["Recycle","Skim","Gash"],"picked":"SKIP","floor":6.0},{"not_picked":["Reinforced Body","Compile Driver"],"picked":"Cold Snap","floor":8.0},{"not_picked":["Consume","Skim"],"picked":"Barrage","floor":11.0},{"not_picked":["Core Surge","Fission"],"picked":"Buffer","floor":16.0},{"not_picked":["Steam","Hologram","Recycle+1"],"picked":"SKIP","floor":18.0},{"not_picked":["Rebound","Stack"],"picked":"Conserve Battery","floor":20.0},{"not_picked":["Turbo","Gash+1"],"picked":"Ball Lightning","floor":21.0},{"not_picked":["Streamline","Beam Cell"],"picked":"White Noise","floor":22.0},{"not_picked":["Consume","Stack"],"picked":"Biased Cognition","floor":27},{"not_picked":["Cold Snap","Gash"],"picked":"Coolheaded","floor":28},{"not_picked":["Rebound","Sweeping Beam+1","Turbo"],"picked":"SKIP","floor":29},{"not_picked":["Gash","Rip and Tear","Reprogram"],"picked":"SKIP","floor":31},{"not_picked":["Machine Learning","Meteor Strike"],"picked":"Electrodynamics","floor":33},{"not_picked":["Tempest","Streamline+1"],"picked":"Chill","floor":35},{"not_picked":["Hologram","Streamline","Scrape"],"picked":"SKIP","floor":37},{"not_picked":["Auto Shields","Static Discharge"],"picked":"Capacitor","floor":39},{"not_picked":["Beam Cell","Sweeping Beam","Coolheaded"],"picked":"SKIP","floor":41},{"not_picked":["Beam Cell","Sweeping Beam","Coolheaded"],"picked":"SKIP","floor":41},{"not_picked":["Rebound","Biased Cognition","Force Field"],"picked":"SKIP","floor":42},{"not_picked":["Beam Cell","Conserve Battery","Rebound"],"picked":"SKIP","floor":45},{"not_picked":["Conserve Battery","Gash+1"],"picked":"Undo","floor":46},{"not_picked":["Streamline","Hologram"],"picked":"Stack+1","floor":48}],"player_experience":989919,"relics_obtained":[{"floor":6.0,"key":"Mango"},{"floor":9.0,"key":"Incense Burner"},{"floor":11.0,"key":"WingedGreaves"},{"floor":26.0,"key":"Centennial Puzzle"},{"floor":43,"key":"MawBank"}],"event_choices":[{"damage_healed":0.0,"max_hp_gain":0.0,"max_hp_loss":0.0,"gold_gain":0.0,"event_name":"Living Wall","player_choice":"Grow","floor":3.0,"gold_loss":0.0,"damage_taken":0.0,"cards_upgraded":["Go for the Eyes"]},{"cards_removed":["Strike_B"],"damage_healed":0.0,"max_hp_gain":0.0,"max_hp_loss":0.0,"gold_gain":0.0,"event_name":"Purifier","player_choice":"Purged","floor":5.0,"gold_loss":0.0,"damage_taken":0.0},{"damage_healed":0.0,"max_hp_gain":0.0,"max_hp_loss":0.0,"gold_gain":0.0,"event_name":"Scrap Ooze","player_choice":"Success","floor":12.0,"gold_loss":0.0,"damage_taken":18.0,"relics_obtained":["Shuriken"]},{"damage_healed":0.0,"max_hp_gain":0.0,"max_hp_loss":0.0,"gold_gain":75.0,"event_name":"World of Goop","player_choice":"Gather Gold","floor":13.0,"gold_loss":0.0,"damage_taken":11.0},{"damage_healed":0.0,"max_hp_gain":0.0,"max_hp_loss":0.0,"gold_gain":0.0,"event_name":"Designer","player_choice":"Upgraded Two","floor":19.0,"gold_loss":50.0,"damage_taken":0.0,"cards_upgraded":["Defend_B","Self Repair"]},{"damage_healed":0.0,"max_hp_gain":0.0,"max_hp_loss":0.0,"gold_gain":0.0,"event_name":"Accursed Blacksmith","player_choice":"Forge","floor":24.0,"gold_loss":0.0,"damage_taken":0.0,"cards_upgraded":["Buffer"]},{"damage_healed":0,"gold_gain":0,"cards_transformed":["Strike_B"],"player_choice":"Transformed","damage_taken":0,"max_hp_gain":0,"max_hp_loss":0,"event_name":"Transmorgrifier","floor":36,"gold_loss":0,"cards_obtained":["Barrage"]},{"damage_healed":0,"gold_gain":0,"player_choice":"1 cards matched","damage_taken":0,"max_hp_gain":0,"max_hp_loss":0,"event_name":"Match and Keep!","floor":47,"gold_loss":0,"cards_obtained":["Leap"]}],"is_beta":false,"boss_relics":[{"not_picked":["Pandora\u0027s Box","Orrery"],"picked":"Philosopher\u0027s Stone"},{"not_picked":["Calling Bell","Runic Dome"],"picked":"FrozenCore"}],"items_purged_floors":[14,38],"is_endless":false,"potions_floor_spawned":[2,8,16,18,21,27,33,37,42],"ascension_level":18}