{"gold_per_floor":[115,115,40,51,51,51,80,130,157,79,97,147,167,39,39,134,134,147,161,228,278,328,396,430,440,440,271,271],"floor_reached":28,"playtime":3436,"items_purged":["Normality","Writhe"],"score":238,"play_id":"074b6c6f-d5e2-4ef9-bc81-eb530f26edd9","local_time":"20181102163751","is_ascension_mode":false,"campfire_choices":[{"data":"Poisoned Stab","floor":6,"key":"SMITH"},{"floor":15,"key":"REST"}],"neow_cost":"NONE","seed_source_timestamp":1121274128389386,"circlet_count":0,"master_deck":["Defend_G","Defend_G","Defend_G","Defend_G","Defend_G","Strike_G","Strike_G","Strike_G","Survivor","Neutralize","Acrobatics","Poisoned Stab+1","Storm of Steel","Calculated Gamble","Prepared","Backflip","Infinite Blades+1","Burst","Acrobatics","Caltrops+1","Poisoned Stab","Flechettes","Die Die Die","Terror+1","Endless Agony","Distraction","Discovery"],"relics":["Calling Bell","Ancient Tea Set","Pantograph","Tough Bandages","SsserpentHead","Orichalcum","Boot","Frozen Egg 2","WristBlade","Ornamental Fan","Mummified Hand","Gremlin Horn"],"potions_floor_usage":[24,28,28,28],"damage_taken":[{"damage":3,"enemies":"2 Louse","floor":1,"turns":3},{"damage":4,"enemies":"Small Slimes","floor":4,"turns":4},{"damage":43,"enemies":"3 Sentries","floor":7,"turns":14},{"damage":0,"enemies":"Jaw Worm","floor":11,"turns":3},{"damage":0,"enemies":"Red Slaver","floor":13,"turns":4},{"damage":58,"enemies":"Slime Boss","floor":16,"turns":14},{"damage":0,"enemies":"Spheric Guardian","floor":18,"turns":4},{"damage":0,"enemies":"3 Byrds","floor":19,"turns":5},{"damage":20,"enemies":"Shelled Parasite and Fungi","floor":20,"turns":6},{"damage":19,"enemies":"Sentry and Sphere","floor":23,"turns":5},{"damage":8,"enemies":"Book of Stabbing","floor":24,"turns":7},{"damage":8,"enemies":"3 Cultists","floor":25,"turns":4},{"damage":18,"enemies":"Slavers","floor":28,"turns":2}],"seed_played":"-875246332187877412","potions_obtained":[{"floor":1,"key":"FearPotion"},{"floor":13,"key":"PowerPotion"},{"floor":16,"key":"EntropicBrew"},{"floor":19,"key":"Fire Potion"},{"floor":25,"key":"Poison Potion"}],"is_trial":false,"path_per_floor":["M","?","$","M","?","R","E","?","T","$","M","?","M","$","R","B",null,"M","M","M","?","?","M","E","M","T","$"],"character_chosen":"THE_SILENT","items_purchased":["Calculated Gamble","Infinite Blades+1","Discovery","GamblersBrew"],"campfire_rested":1,"item_purchase_floors":[10,14,27,27],"current_hp_per_floor":[67,67,67,63,63,63,20,13,13,13,13,13,13,13,34,1,70,70,70,50,50,50,31,23,15,15,15,0],"gold":271,"neow_bonus":"BOSS_RELIC","is_prod":false,"is_daily":false,"chose_seed":false,"campfire_upgraded":1,"win_rate":0.0,"timestamp":1541191071,"path_taken":["M","?","$","M","?","R","E","?","T","$","M","?","M","?","R","BOSS","M","M","?","?","?","?","E","M","T","$","E"],"build_version":"2018-10-25v2","purchased_purges":2,"victory":false,"max_hp_per_floor":[70,70,70,70,70,70,70,70,70,70,70,70,70,70,70,70,70,70,70,70,70,70,70,70,70,70,70,70],"card_choices":[{"not_picked":["Slice","Predator"],"picked":"Acrobatics","floor":1},{"not_picked":["Footwork","Deadly Poison"],"picked":"Poisoned Stab","floor":4},{"not_picked":["Finisher","Footwork"],"picked":"Storm of Steel","floor":7},{"not_picked":["Distraction","Riddle With Holes"],"picked":"Prepared","floor":11},{"not_picked":["Poisoned Stab","Dodge and Roll"],"picked":"Backflip","floor":13},{"not_picked":["Wraith Form v2+1","Venomology"],"picked":"Burst","floor":16},{"not_picked":["Dagger Throw","Dodge and Roll"],"picked":"Acrobatics","floor":18},{"not_picked":["Riddle With Holes+1","Flying Knee"],"picked":"Caltrops+1","floor":19},{"not_picked":["Finisher","Dagger Spray"],"picked":"Poisoned Stab","floor":20},{"not_picked":["Dodge and Roll+1","Prepared"],"picked":"Terror+1","floor":23},{"not_picked":["Poisoned Stab","Deflect+1"],"picked":"Endless Agony","floor":24},{"not_picked":["Bullet Time","Deadly Poison"],"picked":"Distraction","floor":25}],"player_experience":76506,"relics_obtained":[{"floor":0,"key":"Ancient Tea Set"},{"floor":0,"key":"Pantograph"},{"floor":0,"key":"Tough Bandages"},{"floor":7,"key":"Orichalcum"},{"floor":9,"key":"Boot"},{"floor":24,"key":"Mummified Hand"},{"floor":26,"key":"Gremlin Horn"}],"event_choices":[{"damage_healed":0,"gold_gain":0,"player_choice":"Ignored","damage_taken":0,"max_hp_gain":0,"max_hp_loss":0,"event_name":"Liars Game","floor":2,"gold_loss":0},{"damage_healed":0,"gold_gain":0,"player_choice":"Trade","damage_taken":0,"relics_obtained":["SsserpentHead"],"max_hp_gain":0,"max_hp_loss":0,"event_name":"FaceTrader","floor":5,"gold_loss":0},{"cards_removed":["Decay"],"damage_healed":0,"gold_gain":0,"player_choice":"Card Removal","damage_taken":7,"max_hp_gain":0,"max_hp_loss":0,"event_name":"Golden Wing","floor":8,"gold_loss":0},{"damage_healed":0,"gold_gain":0,"player_choice":"Gave Potion","damage_taken":0,"relics_obtained":["Frozen Egg 2"],"max_hp_gain":0,"max_hp_loss":0,"event_name":"WeMeetAgain","floor":12,"gold_loss":0},{"damage_healed":0,"gold_gain":0,"player_choice":"Opened","damage_taken":0,"relics_obtained":["Ornamental Fan"],"max_hp_gain":0,"max_hp_loss":0,"event_name":"The Mausoleum","floor":21,"gold_loss":0},{"damage_healed":0,"gold_gain":0,"cards_transformed":["Strike_G","Strike_G"],"player_choice":"Became Test Subject","damage_taken":0,"max_hp_gain":0,"max_hp_loss":0,"event_name":"Drug Dealer","floor":22,"gold_loss":0,"cards_obtained":["Flechettes","Die Die Die"]}],"is_beta":false,"boss_relics":[{"not_picked":["Fusion Hammer","Runic Pyramid"],"picked":"WristBlade"}],"items_purged_floors":[3,14],"is_endless":false,"potions_floor_spawned":[1,13,16,19,20,25],"killed_by":"Slavers","ascension_level":0}