{"gold_per_floor":[212,231,249,14,14,14,46,60,84,112,34,34],"floor_reached":12,"playtime":473,"items_purged":["Strike_R"],"score":176,"play_id":"17d9d47c-3c87-414d-a41a-3ba11f62f081","local_time":"20190607023914","is_ascension_mode":true,"campfire_choices":[{"data":"Armaments","floor":6,"key":"SMITH"}],"neow_cost":"NONE","seed_source_timestamp":3641231220878233,"circlet_count":0,"master_deck":["AscendersBane","Strike_R","Strike_R","Strike_R","Strike_R","Defend_R","Defend_R","Defend_R","Defend_R","Bash","Armaments+1","Pommel Strike","Headbutt","Limit Break","Iron Wave","Flame Barrier","Metallicize"],"relics":["Burning Blood","FaceOfCleric","Blood Vial","Strawberry","Ancient Tea Set"],"potions_floor_usage":[10,10],"damage_taken":[{"damage":2,"enemies":"2 Louse","floor":1,"turns":4},{"damage":11,"enemies":"Cultist","floor":2,"turns":4},{"damage":0,"enemies":"Jaw Worm","floor":3,"turns":5},{"damage":54,"enemies":"3 Sentries","floor":7,"turns":11},{"damage":12,"enemies":"Red Slaver","floor":8,"turns":6},{"damage":34,"enemies":"Gremlin Nob","floor":10,"turns":4},{"damage":20,"enemies":"Exordium Thugs","floor":12,"turns":4}],"seed_played":"2013582592053489271","potions_obtained":[{"floor":7,"key":"Regen Potion"},{"floor":8,"key":"Explosive Potion"},{"floor":10,"key":"Ancient Potion"}],"is_trial":false,"path_per_floor":["M","M","M","$","?","R","E","M","T","E","$","M"],"character_chosen":"IRONCLAD","items_purchased":["Limit Break","Metallicize"],"campfire_rested":0,"item_purchase_floors":[4,11],"current_hp_per_floor":[72,67,73,73,73,73,26,23,30,17,17,0],"gold":34,"neow_bonus":"HUNDRED_GOLD","is_prod":false,"is_daily":false,"chose_seed":false,"campfire_upgraded":1,"win_rate":0,"timestamp":1559900354,"path_taken":["M","M","M","$","?","R","E","M","T","E","$","?"],"build_version":"2019-06-05","purchased_purges":1,"victory":false,"max_hp_per_floor":[75,75,75,75,75,75,76,77,84,85,85,85],"card_choices":[{"not_picked":["Sword Boomerang","Iron Wave"],"picked":"Armaments","floor":1},{"not_picked":["Flame Barrier","Rupture"],"picked":"Pommel Strike","floor":2},{"not_picked":["Armaments","Pommel Strike"],"picked":"Headbutt","floor":3},{"not_picked":["Body Slam","Clash"],"picked":"Iron Wave","floor":7},{"not_picked":["Clash","Havoc"],"picked":"Flame Barrier","floor":8},{"not_picked":["Berserk","Hemokinesis","Thunderclap"],"picked":"SKIP","floor":10}],"player_experience":1316355,"relics_obtained":[{"floor":7,"key":"Blood Vial"},{"floor":9,"key":"Strawberry"},{"floor":10,"key":"Ancient Tea Set"}],"event_choices":[{"damage_healed":0,"gold_gain":0,"player_choice":"Trade","damage_taken":0,"relics_obtained":["FaceOfCleric"],"max_hp_gain":0,"max_hp_loss":0,"event_name":"FaceTrader","floor":5,"gold_loss":0}],"is_beta":true,"boss_relics":[],"items_purged_floors":[4],"is_endless":false,"potions_floor_spawned":[7,8,10],"killed_by":"Exordium Thugs","ascension_level":20}