{"gold_per_floor":[116,130,142,153,173,199,199,226,253,253,253],"floor_reached":11,"playtime":582,"items_purged":[],"score":162,"play_id":"6df57e28-5e60-4ae0-bcbd-5b93056b4834","local_time":"20181023232258","is_ascension_mode":true,"campfire_choices":[{"data":"Zap","floor":7,"key":"SMITH"},{"floor":10,"key":"REST"}],"neow_cost":"NONE","seed_source_timestamp":2837782931052678,"circlet_count":0,"master_deck":["Strike_B","Strike_B","Strike_B","Strike_B","Defend_B","Defend_B","Defend_B","Defend_B","Zap+1","Dualcast","AscendersBane","Purity","Cold Snap","Self Repair","Genetic Algorithm","Rainbow","Go for the Eyes","Sweeping Beam","Glacier"],"relics":["Cracked Core","Darkstone Periapt","Juzu Bracelet","PreservedInsect"],"potions_floor_usage":[5,6,6],"damage_taken":[{"damage":4,"enemies":"Jaw Worm","floor":1,"turns":4},{"damage":9,"enemies":"2 Louse","floor":2,"turns":3},{"damage":0,"enemies":"Cultist","floor":3,"turns":3},{"damage":10,"enemies":"Large Slime","floor":4,"turns":8},{"damage":23,"enemies":"Lots of Slimes","floor":5,"turns":7},{"damage":18,"enemies":"Gremlin Nob","floor":6,"turns":4},{"damage":17,"enemies":"Lagavulin","floor":8,"turns":7},{"damage":56,"enemies":"Gremlin Nob","floor":11,"turns":4}],"seed_played":"-7344016181552411941","potions_obtained":[{"floor":1,"key":"FearPotion"},{"floor":3,"key":"Dexterity Potion"},{"floor":4,"key":"Poison Potion"},{"floor":5,"key":"SteroidPotion"}],"is_trial":false,"path_per_floor":["M","M","M","M","M","E","R","E","T","R"],"character_chosen":"DEFECT","items_purchased":[],"campfire_rested":1,"item_purchase_floors":[],"current_hp_per_floor":[60,51,58,55,39,28,28,18,18,39,0],"gold":253,"neow_bonus":"RANDOM_COLORLESS","is_prod":false,"is_daily":false,"chose_seed":false,"campfire_upgraded":1,"win_rate":0,"timestamp":1540362178,"path_taken":["M","M","M","M","M","E","R","E","T","R","E"],"build_version":"2018-10-22","purchased_purges":0,"victory":false,"max_hp_per_floor":[71,71,71,71,71,71,71,71,71,71,71],"card_choices":[{"not_picked":["White Noise","Go for the Eyes"],"picked":"Cold Snap","floor":1},{"not_picked":["Streamline","Coolheaded"],"picked":"Self Repair","floor":2},{"not_picked":["Rip and Tear","Ball Lightning"],"picked":"Genetic Algorithm","floor":3},{"not_picked":["Fusion","Steam"],"picked":"Rainbow","floor":4},{"not_picked":["Steam Power","Hologram"],"picked":"Go for the Eyes","floor":5},{"not_picked":["Rebound","Barrage"],"picked":"Sweeping Beam","floor":6},{"not_picked":["Compile Driver","Storm"],"picked":"Glacier","floor":8}],"player_experience":974886,"relics_obtained":[{"floor":6,"key":"Darkstone Periapt"},{"floor":8,"key":"Juzu Bracelet"},{"floor":9,"key":"PreservedInsect"}],"event_choices":[],"is_beta":true,"boss_relics":[],"items_purged_floors":[],"is_endless":false,"potions_floor_spawned":[1,3,4,5],"killed_by":"Gremlin Nob","ascension_level":18}