{"gold_per_floor":[112,130,146,146,166,198,208,208],"floor_reached":8,"playtime":322,"items_purged":[],"score":120,"play_id":"12876d1a-d82a-4c0e-a6a3-32a59dc39ff9","local_time":"20181224050556","is_ascension_mode":true,"campfire_choices":[],"neow_cost":"NONE","seed_source_timestamp":8132619874514896,"circlet_count":0,"master_deck":["AscendersBane","Strike_B","Strike_B","Strike_B","Strike_B","Defend_B","Defend_B","Defend_B","Defend_B","Zap+1","Dualcast","Go for the Eyes","Hologram","Sunder","Self Repair","Cold Snap"],"relics":["Cracked Core","Cables"],"potions_floor_usage":[6,6],"damage_taken":[{"damage":0,"enemies":"Small Slimes","floor":1,"turns":3},{"damage":1,"enemies":"Cultist","floor":2,"turns":3},{"damage":2,"enemies":"Jaw Worm","floor":3,"turns":4},{"damage":18,"enemies":"3 Louse","floor":5,"turns":3},{"damage":34,"enemies":"3 Sentries","floor":6,"turns":5},{"damage":6,"enemies":"Looter","floor":7,"turns":2},{"damage":25,"enemies":"Lagavulin","floor":8,"turns":5}],"seed_played":"-4451361635142632629","potions_obtained":[{"floor":2,"key":"Regen Potion"},{"floor":3,"key":"FocusPotion"}],"is_trial":false,"path_per_floor":["M","M","M","?","M","E","M","E"],"character_chosen":"DEFECT","items_purchased":[],"campfire_rested":0,"item_purchase_floors":[],"current_hp_per_floor":[64,63,61,61,43,23,24,0],"gold":208,"neow_bonus":"UPGRADE_CARD","is_prod":false,"is_daily":false,"chose_seed":false,"campfire_upgraded":0,"win_rate":0,"timestamp":1545656756,"path_taken":["M","M","M","?","?","E","M","E"],"build_version":"2018-12-20","purchased_purges":0,"victory":false,"max_hp_per_floor":[71,71,71,71,71,71,71,71],"card_choices":[{"not_picked":["Rebound","Conserve Battery"],"picked":"Go for the Eyes","floor":1},{"not_picked":["Conserve Battery","Coolheaded"],"picked":"Hologram","floor":2},{"not_picked":["Stack","Go for the Eyes","Beam Cell"],"picked":"SKIP","floor":3},{"not_picked":["Recycle","Reinforced Body"],"picked":"Sunder","floor":5},{"not_picked":["Compile Driver","Reboot"],"picked":"Self Repair","floor":6},{"not_picked":["Conserve Battery","Gash"],"picked":"Cold Snap","floor":7}],"player_experience":1128669,"relics_obtained":[{"floor":6,"key":"Cables"}],"event_choices":[{"damage_healed":0,"gold_gain":0,"player_choice":"Got Potions","damage_taken":0,"max_hp_gain":0,"max_hp_loss":0,"event_name":"Lab","floor":4,"gold_loss":0}],"is_beta":true,"boss_relics":[],"items_purged_floors":[],"is_endless":false,"potions_floor_spawned":[2,3],"killed_by":"Lagavulin","ascension_level":20}