{"gold_per_floor":[111,111,129,51,51,51,71,99,99,99,131,131,56,109,109,180,180,193,203,203,216,216,216,226,226,226,245,245,10,10,24,24,100,100,111,57,69,169,181,181,209,209,264,0,30,30,41,52,52,52,52],"floor_reached":52,"playtime":4170,"items_purged":["Regret","Bite"],"score":1986,"play_id":"a163c7a5-d36d-46e4-af3c-bd6ac41e51ea","local_time":"20190918225759","is_ascension_mode":true,"campfire_choices":[{"data":"Dagger Spray","floor":6.0,"key":"SMITH"},{"floor":12.0,"key":"REST"},{"floor":15.0,"key":"REST"},{"data":"Catalyst","floor":23.0,"key":"SMITH"},{"data":"Catalyst","floor":25.0,"key":"SMITH"},{"data":"Survivor","floor":28.0,"key":"SMITH"},{"data":"Well Laid Plans","floor":30.0,"key":"SMITH"},{"data":"Cloak And Dagger","floor":32.0,"key":"SMITH"},{"data":"After Image","floor":46,"key":"SMITH"},{"data":"Footwork","floor":49,"key":"SMITH"}],"neow_cost":"CURSE","seed_source_timestamp":122204386333300,"circlet_count":0,"master_deck":["AscendersBane","Defend_G","Defend_G","Defend_G","Defend_G","Defend_G","Survivor+1","Neutralize+1","Corpse Explosion","Cloak And Dagger+1","Dagger Spray+1","Noxious Fumes+1","Dagger Throw","Catalyst+1","Catalyst+1","CurseOfTheBell","Terror+1","Bite","Bite","Bite","Bite","Deadly Poison+1","Deflect+1","Well Laid Plans+1","Backflip+1","After Image+1","Catalyst+1","Acrobatics+1","Footwork+1","Prepared+1","Crippling Poison+1","PiercingWail+1","Writhe","Escape Plan+1","Parasite"],"special_seed":0,"relics":["Ring of the Snake","Gambling Chip","Bottled Lightning","Bag of Marbles","Regal Pillow","Calling Bell","Strawberry","Toxic Egg 2","CloakClasp","White Beast Statue","Ninja Scroll","Runic Pyramid","Du-Vu Doll","Vajra","Happy Flower","Red Mask","Molten Egg 2"],"potions_floor_usage":[41,45,51,51],"damage_taken":[{"damage":0.0,"enemies":"2 Louse","floor":1.0,"turns":2.0},{"damage":14.0,"enemies":"Jaw Worm","floor":3.0,"turns":6.0},{"damage":5.0,"enemies":"Cultist","floor":7.0,"turns":4.0},{"damage":32.0,"enemies":"Gremlin Nob","floor":8.0,"turns":4.0},{"damage":7.0,"enemies":"3 Sentries","floor":11.0,"turns":2.0},{"damage":41.0,"enemies":"The Guardian","floor":16.0,"turns":9.0},{"damage":0.0,"enemies":"Spheric Guardian","floor":18.0,"turns":3.0},{"damage":7.0,"enemies":"Chosen","floor":19.0,"turns":5.0},{"damage":19.0,"enemies":"Snake Plant","floor":21.0,"turns":4.0},{"damage":0.0,"enemies":"3 Cultists","floor":24.0,"turns":2.0},{"damage":14.0,"enemies":"Sentry and Sphere","floor":27.0,"turns":4.0},{"damage":0.0,"enemies":"Snecko","floor":31.0,"turns":4.0},{"damage":20.0,"enemies":"Champ","floor":33.0,"turns":7.0},{"damage":0.0,"enemies":"3 Shapes","floor":35.0,"turns":5.0},{"damage":14.0,"enemies":"3 Darklings","floor":37.0,"turns":4.0},{"damage":0.0,"enemies":"Mind Bloom Boss Battle","floor":38.0,"turns":2.0},{"damage":2.0,"enemies":"Transient","floor":39.0,"turns":6.0},{"damage":0,"enemies":"Giant Head","floor":41,"turns":5},{"damage":8,"enemies":"Nemesis","floor":45,"turns":3},{"damage":0,"enemies":"Maw","floor":47,"turns":4},{"damage":0,"enemies":"Writhing Mass","floor":48,"turns":4},{"damage":0,"enemies":"Time Eater","floor":50,"turns":4},{"damage":9,"enemies":"Donu and Deca","floor":51,"turns":5}],"seed_played":"7326277880656192769","potions_obtained":[{"floor":3.0,"key":"Explosive Potion"},{"floor":7.0,"key":"SkillPotion"},{"floor":11.0,"key":"Weak Potion"},{"floor":18.0,"key":"FearPotion"},{"floor":19.0,"key":"Fire Potion"},{"floor":21.0,"key":"Explosive Potion"},{"floor":24.0,"key":"PowerPotion"},{"floor":27.0,"key":"Strength Potion"},{"floor":31.0,"key":"Strength Potion"},{"floor":33.0,"key":"Weak Potion"},{"floor":35.0,"key":"SkillPotion"},{"floor":37.0,"key":"AttackPotion"},{"floor":39.0,"key":"SteroidPotion"},{"floor":41,"key":"Strength Potion"},{"floor":45,"key":"PowerPotion"}],"is_trial":false,"path_per_floor":["M","?","M","$","?","R","M","E","T","?","E","R","$","T","R","B",null,"M","M","?","M","?","R","M","R","T","M","R","$","R","M","R","B",null,"M","$","M","?","M","?","E","?","T","?","E","R","M","M","R","B","B",null],"character_chosen":"THE_SILENT","items_purchased":["Noxious Fumes","Well Laid Plans","Backflip+1","Acrobatics+1"],"campfire_rested":2,"item_purchase_floors":[4,29,29,36],"current_hp_per_floor":[59,59,45,45,45,45,40,8,8,8,1,20,20,20,54,13,60,60,53,53,34,34,34,38,38,38,32,32,32,32,38,38,22,44,46,46,34,34,42,42,46,51,51,51,43,43,51,51,51,51,43],"gold":52,"neow_bonus":"THREE_RARE_CARDS","is_prod":false,"is_daily":false,"chose_seed":false,"campfire_upgraded":8,"win_rate":0,"timestamp":1568840279,"path_taken":["M","?","M","$","?","R","?","E","T","?","E","R","$","?","R","BOSS","M","M","?","?","?","R","M","R","T","M","R","$","R","M","R","BOSS","M","$","M","?","M","?","E","?","T","?","E","R","?","M","R","BOSS","BOSS"],"build_version":"2019-09-17","purchased_purges":2,"victory":true,"max_hp_per_floor":[66,66,66,66,66,66,66,66,66,66,66,66,66,66,66,66,73,73,73,73,73,51,51,51,51,51,51,51,51,51,51,51,51,51,51,51,51,51,51,51,51,51,51,51,51,51,51,51,51,51,51],"card_choices":[{"not_picked":["Night Terror","Venomology"],"picked":"Corpse Explosion","floor":0.0},{"not_picked":["Flying Knee","Dagger Throw"],"picked":"Cloak And Dagger","floor":1.0},{"not_picked":["PiercingWail","Catalyst"],"picked":"Dagger Spray","floor":3.0},{"not_picked":["Flying Knee","Night Terror"],"picked":"Dagger Throw","floor":7.0},{"not_picked":["Choke","Blade Dance"],"picked":"Catalyst","floor":8.0},{"not_picked":["Outmaneuver","Corpse Explosion"],"picked":"Catalyst","floor":11.0},{"not_picked":["Predator","Riddle With Holes","Underhanded Strike"],"picked":"SKIP","floor":18.0},{"not_picked":["Riddle With Holes","Grand Finale"],"picked":"Terror+1","floor":19.0},{"not_picked":["Terror+1","Slice","Blade Dance+1"],"picked":"SKIP","floor":21.0},{"not_picked":["Sucker Punch","Outmaneuver+1"],"picked":"Deadly Poison+1","floor":24.0},{"not_picked":["Poisoned Stab","Terror+1"],"picked":"Deflect+1","floor":27.0},{"not_picked":["Dagger Throw","Sucker Punch","Riddle With Holes"],"picked":"SKIP","floor":31.0},{"not_picked":["Glass Knife","Venomology+1"],"picked":"After Image","floor":33.0},{"not_picked":["Cloak And Dagger+1","Poisoned Stab"],"picked":"Catalyst+1","floor":35.0},{"not_picked":["All Out Attack","Flechettes"],"picked":"Footwork","floor":37.0},{"not_picked":["Slice","Setup+1"],"picked":"Prepared+1","floor":38.0},{"not_picked":["Riddle With Holes","Acrobatics+1"],"picked":"Crippling Poison+1","floor":39.0},{"not_picked":["Bouncing Flask+1","Well Laid Plans"],"picked":"PiercingWail+1","floor":41},{"not_picked":["Eviscerate+1","Setup+1","Distraction+1"],"picked":"SKIP","floor":45},{"not_picked":["Endless Agony+1","Sucker Punch+1"],"picked":"Escape Plan+1","floor":47},{"not_picked":["Flying Knee+1","Blade Dance+1","Quick Slash+1"],"picked":"SKIP","floor":48}],"player_experience":734149,"relics_obtained":[{"floor":8.0,"key":"Gambling Chip"},{"floor":9.0,"key":"Bottled Lightning"},{"floor":11.0,"key":"Bag of Marbles"},{"floor":14.0,"key":"Regal Pillow"},{"floor":17.0,"key":"Strawberry"},{"floor":17.0,"key":"Toxic Egg 2"},{"floor":17.0,"key":"CloakClasp"},{"floor":20.0,"key":"White Beast Statue"},{"floor":26.0,"key":"Ninja Scroll"},{"floor":38.0,"key":"Du-Vu Doll"},{"floor":41,"key":"Vajra"},{"floor":43,"key":"Happy Flower"},{"floor":45,"key":"Molten Egg 2"}],"event_choices":[{"damage_healed":0.0,"max_hp_gain":0.0,"max_hp_loss":0.0,"gold_gain":0.0,"event_name":"Living Wall","player_choice":"Grow","floor":2.0,"gold_loss":0.0,"damage_taken":0.0,"cards_upgraded":["Neutralize"]},{"damage_healed":0.0,"max_hp_gain":0.0,"max_hp_loss":0.0,"gold_gain":0.0,"event_name":"Upgrade Shrine","player_choice":"Upgraded","floor":5.0,"gold_loss":0.0,"damage_taken":0.0,"cards_upgraded":["Noxious Fumes"]},{"damage_healed":0.0,"max_hp_gain":0.0,"max_hp_loss":0.0,"gold_gain":0.0,"event_name":"Golden Wing","player_choice":"Ignored","floor":10.0,"gold_loss":0.0,"damage_taken":0.0},{"damage_healed":0.0,"max_hp_gain":0.0,"max_hp_loss":0.0,"gold_gain":0.0,"event_name":"Wheel of Change","player_choice":"Relic","floor":20.0,"gold_loss":0.0,"damage_taken":0.0},{"damage_healed":0.0,"max_hp_gain":0.0,"max_hp_loss":22.0,"gold_gain":0.0,"event_name":"Vampires","player_choice":"Became a vampire","floor":22.0,"gold_loss":0.0,"damage_taken":0.0,"cards_obtained":["Bite","Bite","Bite","Bite","Bite"]},{"damage_healed":0.0,"max_hp_gain":0.0,"max_hp_loss":0.0,"gold_gain":0.0,"event_name":"MindBloom","player_choice":"Fight","floor":38.0,"gold_loss":0.0,"damage_taken":0.0},{"damage_healed":0,"gold_gain":0,"player_choice":"Memory 1","damage_taken":0,"max_hp_gain":0,"max_hp_loss":0,"event_name":"SensoryStone","floor":40,"gold_loss":0},{"damage_healed":10,"gold_gain":0,"player_choice":"Writhe","damage_taken":0,"max_hp_gain":0,"max_hp_loss":0,"event_name":"Winding Halls","floor":42,"gold_loss":0,"cards_obtained":["Writhe"]},{"damage_healed":0,"gold_gain":0,"player_choice":"Paid","damage_taken":0,"relics_obtained":["Red Mask"],"max_hp_gain":0,"max_hp_loss":0,"event_name":"Tomb of Lord Red Mask","floor":44,"gold_loss":264}],"is_beta":true,"boss_relics":[{"not_picked":["Ring of the Serpent","WristBlade"],"picked":"Calling Bell"},{"not_picked":["Black Star","SacredBark"],"picked":"Runic Pyramid"}],"items_purged_floors":[13,29],"is_endless":false,"potions_floor_spawned":[3,7,11,18,19,21,24,27,31,33,35,37,38,39,41,45,47,48],"ascension_level":20}