{"gold_per_floor":[110,110,120,120,120,120,134,163,163,188,207,207,236,251,251,328,328,340,8,19,30,30,30,30],"floor_reached":24,"playtime":1209,"items_purged":[],"score":431,"play_id":"cbf91b17-f195-43ae-843d-9a2c5541739a","local_time":"20190303122240","is_ascension_mode":true,"campfire_choices":[{"data":"Sword Boomerang","floor":6.0,"key":"SMITH"},{"data":"Demon Form","floor":12.0,"key":"SMITH"},{"data":"Sword Boomerang","floor":15.0,"key":"SMITH"},{"data":"Immolate","floor":23.0,"key":"SMITH"}],"neow_cost":"NONE","seed_source_timestamp":82169252282400,"circlet_count":0,"master_deck":["AscendersBane","Strike_R","Strike_R","Strike_R","Strike_R","Defend_R","Defend_R","Defend_R+1","Defend_R+1","Bash","Demon Form+1","Sword Boomerang+1","Clash","Iron Wave","Hemokinesis","Thunderclap","Pummel","Havoc","Bludgeon","Sword Boomerang+1","Immolate+1","Armaments+1","Shrug It Off+1","Shockwave"],"special_seed":0,"relics":["Black Blood","Meat on the Bone","Spirit Poop","Bottled Lightning","Blue Candle","Smiling Mask","War Paint","Dead Branch"],"potions_floor_usage":[24],"damage_taken":[{"damage":1.0,"enemies":"Cultist","floor":1.0,"turns":3.0},{"damage":10.0,"enemies":"Small Slimes","floor":3.0,"turns":3.0},{"damage":12.0,"enemies":"2 Louse","floor":7.0,"turns":3.0},{"damage":38.0,"enemies":"3 Sentries","floor":8.0,"turns":6.0},{"damage":36.0,"enemies":"Gremlin Nob","floor":10.0,"turns":4.0},{"damage":5.0,"enemies":"Lots of Slimes","floor":11.0,"turns":5.0},{"damage":33.0,"enemies":"Lagavulin","floor":13.0,"turns":5.0},{"damage":9.0,"enemies":"Red Slaver","floor":14.0,"turns":3.0},{"damage":16.0,"enemies":"The Guardian","floor":16.0,"turns":7.0},{"damage":13.0,"enemies":"Chosen","floor":18.0,"turns":5.0},{"damage":13.0,"enemies":"3 Byrds","floor":20.0,"turns":2.0},{"damage":19.0,"enemies":"Cultist and Chosen","floor":21.0,"turns":3.0},{"damage":67,"enemies":"Gremlin Leader","floor":24,"turns":3}],"seed_played":"7143410207100332302","potions_obtained":[{"floor":3.0,"key":"LiquidBronze"},{"floor":7.0,"key":"SpeedPotion"},{"floor":11.0,"key":"Strength Potion"},{"floor":13.0,"key":"Ancient Potion"},{"floor":21.0,"key":"BloodPotion"}],"is_trial":false,"path_per_floor":["M","?","M","?","?","R","M","E","T","E","M","R","E","M","R","B",null,"M","$","M","M","$","R","E"],"character_chosen":"IRONCLAD","items_purchased":["Dead Branch"],"campfire_rested":0,"item_purchase_floors":[19],"current_hp_per_floor":[73,73,69,69,69,69,63,43,43,25,38,38,23,32,32,34,65,62,62,59,50,50,50,0],"gold":30,"neow_bonus":"ONE_RANDOM_RARE_CARD","is_prod":false,"is_daily":false,"chose_seed":false,"campfire_upgraded":4,"win_rate":0,"timestamp":1551644560,"path_taken":["M","?","?","?","?","R","M","E","T","E","M","R","E","M","R","BOSS","M","?","M","?","$","R","E"],"build_version":"2019-02-06","purchased_purges":0,"victory":false,"max_hp_per_floor":[75,75,75,75,75,75,75,75,75,75,75,75,75,75,75,75,75,75,75,75,75,75,75,75],"card_choices":[{"not_picked":["Perfected Strike","Anger"],"picked":"Sword Boomerang","floor":1.0},{"not_picked":["Anger","Fire Breathing"],"picked":"Iron Wave","floor":3.0},{"not_picked":["Armaments","Sentinel"],"picked":"Hemokinesis","floor":7.0},{"not_picked":["Clash","Cleave"],"picked":"Thunderclap","floor":8.0},{"not_picked":["Burning Pact","Rage"],"picked":"Pummel","floor":10.0},{"not_picked":["Flex","Burning Pact"],"picked":"Havoc","floor":11.0},{"not_picked":["Spot Weakness","Dual Wield"],"picked":"Bludgeon","floor":13.0},{"not_picked":["Combust","Pommel Strike"],"picked":"Sword Boomerang","floor":14.0},{"not_picked":["Barricade","Juggernaut"],"picked":"Immolate","floor":16.0},{"not_picked":["Evolve","Sever Soul"],"picked":"Armaments+1","floor":18.0},{"not_picked":["Dropkick","Iron Wave"],"picked":"Shrug It Off+1","floor":20.0},{"not_picked":["Clash","Flex"],"picked":"Shockwave","floor":21.0}],"player_experience":3332018,"relics_obtained":[{"floor":8.0,"key":"Bottled Lightning"},{"floor":9.0,"key":"Blue Candle"},{"floor":10.0,"key":"Smiling Mask"},{"floor":13.0,"key":"War Paint"}],"event_choices":[{"damage_healed":0.0,"max_hp_gain":0.0,"max_hp_loss":0.0,"gold_gain":0.0,"cards_transformed":["Strike_R"],"event_name":"Transmorgrifier","player_choice":"Transformed","floor":2.0,"gold_loss":0.0,"damage_taken":0.0,"cards_obtained":["Clash"]},{"damage_healed":0.0,"max_hp_gain":0.0,"max_hp_loss":0.0,"gold_gain":0.0,"event_name":"Big Fish","player_choice":"Box","floor":4.0,"gold_loss":0.0,"damage_taken":0.0,"relics_obtained":["Meat on the Bone"],"cards_obtained":["Regret"]},{"cards_removed":["Regret"],"damage_healed":0.0,"max_hp_gain":0.0,"max_hp_loss":0.0,"gold_gain":0.0,"event_name":"Bonfire Elementals","player_choice":"Offered Curse","floor":5.0,"gold_loss":0.0,"damage_taken":0.0,"relics_obtained":["Spirit Poop"]}],"is_beta":true,"boss_relics":[{"not_picked":["Lizard Tail","Tiny House"],"picked":"Black Blood"}],"items_purged_floors":[],"is_endless":false,"potions_floor_spawned":[3,7,11,13,16,21],"killed_by":"Gremlin Leader","ascension_level":20}