{"gold_per_floor":[12,29,29,42,42,75,75,75,75,75,106,106,52,68,68,145,145,160,210,228,37,56,56,56,87,87,87,87],"floor_reached":28,"playtime":2232,"items_purged":[],"score":439,"play_id":"66fc2529-3c65-47e0-b77b-ee0965130d31","local_time":"20190312174211","is_ascension_mode":true,"campfire_choices":[{"data":"Rampage","floor":8,"key":"SMITH"},{"data":"Shockwave","floor":10,"key":"SMITH"},{"data":"Rage","floor":12,"key":"SMITH"},{"floor":15,"key":"REST"},{"data":"Juggernaut","floor":23,"key":"SMITH"},{"floor":27,"key":"REST"}],"neow_cost":"NO_GOLD","seed_source_timestamp":223717892719389,"circlet_count":0,"master_deck":["AscendersBane","Strike_R","Strike_R","Defend_R","Defend_R","Defend_R","Defend_R","Bash+1","Rampage+1","Shockwave+1","Rage+1","Battle Trance","Disarm+1","True Grit+1","Iron Wave","Juggernaut+1","Havoc+1","Power Through+1","Rampage"],"relics":["Burning Blood","Self Forming Clay","Toxic Egg 2","Darkstone Periapt","Snecko Eye","Vajra","Oddly Smooth Stone","Calipers"],"potions_floor_usage":[6,16,18,22,28,28],"damage_taken":[{"damage":1,"enemies":"Cultist","floor":1,"turns":3},{"damage":3,"enemies":"2 Louse","floor":2,"turns":3},{"damage":7,"enemies":"Jaw Worm","floor":4,"turns":4},{"damage":19,"enemies":"Lagavulin","floor":6,"turns":7},{"damage":24,"enemies":"3 Sentries","floor":11,"turns":6},{"damage":7,"enemies":"Blue Slaver","floor":14,"turns":4},{"damage":19,"enemies":"The Guardian","floor":16,"turns":9},{"damage":8,"enemies":"3 Byrds","floor":18,"turns":8},{"damage":13,"enemies":"Chosen","floor":20,"turns":5},{"damage":11,"enemies":"Snecko","floor":22,"turns":7},{"damage":27,"enemies":"Gremlin Leader","floor":25,"turns":7},{"damage":54,"enemies":"Slavers","floor":28,"turns":9}],"seed_played":"-5084637629575978069","potions_obtained":[{"floor":4,"key":"EssenceOfSteel"},{"floor":14,"key":"LiquidBronze"},{"floor":16,"key":"Energy Potion"},{"floor":18,"key":"SpeedPotion"},{"floor":20,"key":"Weak Potion"},{"floor":25,"key":"SkillPotion"}],"is_trial":false,"path_per_floor":["M","M","?","M","?","E","?","R","T","R","E","R","$","M","R","B",null,"M","?","M","$","M","R","?","E","T","R","E"],"character_chosen":"IRONCLAD","items_purchased":["True Grit+1","Vajra","Havoc+1"],"campfire_rested":2,"item_purchase_floors":[13,21,21],"current_hp_per_floor":[73,75,68,67,67,54,54,54,54,54,36,36,36,35,57,44,67,65,65,58,58,53,53,53,32,32,54,0],"gold":87,"neow_bonus":"REMOVE_TWO","is_prod":false,"is_daily":false,"chose_seed":false,"campfire_upgraded":4,"win_rate":0,"timestamp":1552408931,"path_taken":["M","M","?","M","?","E","?","R","T","R","E","R","?","?","R","BOSS","M","?","M","$","M","R","?","E","T","R","E"],"build_version":"2019-02-06","purchased_purges":0,"victory":false,"max_hp_per_floor":[75,75,75,75,75,75,75,75,75,75,75,75,75,75,75,75,75,75,75,75,75,75,75,75,75,75,75,75],"card_choices":[{"not_picked":["Heavy Blade","Wild Strike"],"picked":"Rampage","floor":1},{"not_picked":["Body Slam","Havoc"],"picked":"Shockwave","floor":2},{"not_picked":["Clash","Combust"],"picked":"Rage","floor":4},{"not_picked":["Cleave","Double Tap"],"picked":"Battle Trance","floor":6},{"not_picked":["True Grit+1","Clash"],"picked":"Disarm+1","floor":11},{"not_picked":["Power Through+1","Clash"],"picked":"Iron Wave","floor":14},{"not_picked":["Limit Break+1","Brutality"],"picked":"Juggernaut","floor":16},{"not_picked":["Flex+1","Burning Pact+1","Iron Wave"],"picked":"SKIP","floor":18},{"not_picked":["Cleave","Body Slam","Second Wind+1"],"picked":"SKIP","floor":20},{"not_picked":["Warcry+1","True Grit+1"],"picked":"Power Through+1","floor":22},{"not_picked":["Burning Pact+1","Reckless Charge"],"picked":"Rampage","floor":25}],"player_experience":211629,"relics_obtained":[{"floor":6,"key":"Self Forming Clay"},{"floor":9,"key":"Toxic Egg 2"},{"floor":11,"key":"Darkstone Periapt"},{"floor":25,"key":"Oddly Smooth Stone"},{"floor":26,"key":"Calipers"}],"event_choices":[{"cards_removed":["Strike_R"],"damage_healed":0,"gold_gain":0,"player_choice":"Card Removal","damage_taken":7,"max_hp_gain":0,"max_hp_loss":0,"event_name":"Golden Wing","floor":3,"gold_loss":0},{"damage_healed":0,"gold_gain":0,"player_choice":"Ignored","damage_taken":0,"max_hp_gain":0,"max_hp_loss":0,"event_name":"Liars Game","floor":5,"gold_loss":0},{"damage_healed":0,"gold_gain":0,"player_choice":"Grow","damage_taken":0,"max_hp_gain":0,"max_hp_loss":0,"event_name":"Living Wall","floor":7,"gold_loss":0,"cards_upgraded":["Bash"]},{"damage_healed":0,"gold_gain":50,"player_choice":"Stole From Cult","damage_taken":0,"max_hp_gain":0,"max_hp_loss":0,"event_name":"Nest","floor":19,"gold_loss":0},{"damage_healed":0,"gold_gain":0,"player_choice":"Ignored","damage_taken":0,"max_hp_gain":0,"max_hp_loss":0,"event_name":"Ghosts","floor":24,"gold_loss":0}],"is_beta":true,"boss_relics":[{"not_picked":["Velvet Choker","Coffee Dripper"],"picked":"Snecko Eye"}],"items_purged_floors":[],"is_endless":false,"potions_floor_spawned":[4,14,16,18,20,25],"killed_by":"Slavers","ascension_level":16}