{"gold_per_floor":[116,116,116,131,149,149,166,186,186,215,239,239,42,42,42,140,140,156,72,72,72,72,72,108,108,108,108,108,108,108,126,126,216,216,235,185,205,39,39,39,39,73,73,406,438,451,451,471,471,471],"floor_reached":51,"playtime":3310,"items_purged":[],"score":1380,"play_id":"75e626c2-e8c4-4ac7-a603-f64693c5bb98","local_time":"20190514023610","is_ascension_mode":true,"campfire_choices":[{"data":"Deadly Poison","floor":6.0,"key":"SMITH"},{"data":"Skewer","floor":15.0,"key":"SMITH"},{"floor":23.0,"key":"REST"},{"data":"Wraith Form v2","floor":27.0,"key":"SMITH"},{"data":"Wraith Form v2","floor":30.0,"key":"SMITH"},{"data":"Catalyst","floor":32.0,"key":"SMITH"},{"floor":40.0,"key":"REST"},{"floor":47,"key":"REST"},{"floor":49,"key":"REST"}],"neow_cost":"NONE","seed_source_timestamp":125489554577481,"circlet_count":0,"master_deck":["AscendersBane","Defend_G+1","Defend_G+1","Defend_G+1","Defend_G+1","Defend_G+1","Strike_G+1","Strike_G+1","Strike_G+1","Strike_G+1","Survivor","Neutralize+1","Choke+1","Deadly Poison+1","Deadly Poison","Endless Agony","Dash","Skewer+1","Dodge and Roll","Dagger Throw","Wraith Form v2+1","Noxious Fumes","Noxious Fumes","Necronomicurse","Wraith Form v2+1","Ghostly","Ghostly","Ghostly","Catalyst+1","Night Terror+1","Dagger Spray+1","Crippling Poison","Well Laid Plans","Catalyst","Footwork+1"],"special_seed":0,"relics":["Ring of the Snake","Whetstone","Shuriken","Sundial","Odd Mushroom","Snake Skull","Velvet Choker","Necronomicon","Mummified Hand","Gremlin Horn","Bird Faced Urn","Fusion Hammer","Strawberry","Molten Egg 2","Bottled Lightning","Torii","Pantograph"],"potions_floor_usage":[50,50],"damage_taken":[{"damage":1.0,"enemies":"Jaw Worm","floor":1.0,"turns":5.0},{"damage":0.0,"enemies":"2 Louse","floor":4.0,"turns":3.0},{"damage":1.0,"enemies":"Cultist","floor":5.0,"turns":3.0},{"damage":4.0,"enemies":"Blue Slaver","floor":7.0,"turns":3.0},{"damage":6.0,"enemies":"3 Louse","floor":8.0,"turns":3.0},{"damage":15.0,"enemies":"Lagavulin","floor":10.0,"turns":7.0},{"damage":10.0,"enemies":"The Mushroom Lair","floor":11.0,"turns":5.0},{"damage":14.0,"enemies":"Slime Boss","floor":16.0,"turns":6.0},{"damage":9.0,"enemies":"2 Thieves","floor":18.0,"turns":4.0},{"damage":23.0,"enemies":"Gremlin Leader","floor":24.0,"turns":3.0},{"damage":0.0,"enemies":"Shell Parasite","floor":29.0,"turns":1.0},{"damage":2.0,"enemies":"Snecko","floor":31.0,"turns":4.0},{"damage":15.0,"enemies":"Automaton","floor":33.0,"turns":8.0},{"damage":2.0,"enemies":"3 Shapes","floor":35.0,"turns":6.0},{"damage":8.0,"enemies":"3 Darklings","floor":37.0,"turns":5.0},{"damage":6.0,"enemies":"Nemesis","floor":42.0,"turns":7.0},{"damage":1,"enemies":"Giant Head","floor":45,"turns":7},{"damage":3,"enemies":"4 Shapes","floor":46,"turns":4},{"damage":2,"enemies":"Maw","floor":48,"turns":6},{"damage":6,"enemies":"Donu and Deca","floor":50,"turns":8}],"seed_played":"1238574844792450815","potions_obtained":[{"floor":1.0,"key":"Ancient Potion"},{"floor":11.0,"key":"Energy Potion"},{"floor":16.0,"key":"SmokeBomb"},{"floor":35.0,"key":"Swift Potion"},{"floor":45,"key":"LiquidBronze"}],"is_trial":false,"path_per_floor":["M","?","?","M","M","R","M","M","T","E","?","?","$","?","R","B",null,"M","$","?","?","?","R","E","?","T","R","T","M","R","M","R","B",null,"M","?","M","$","T","R","$","E","T","?","E","M","R","M","R","B",null],"character_chosen":"THE_SILENT","items_purchased":["Snake Skull","Dagger Throw","Noxious Fumes","Strawberry"],"campfire_rested":4,"item_purchase_floors":[13,13,19,38],"current_hp_per_floor":[58,58,58,58,57,57,53,47,47,32,22,22,22,42,42,28,52,43,43,22,22,22,40,17,17,17,17,17,17,17,19,19,8,25,29,29,26,33,33,37,37,37,37,37,37,37,37,35,37,35],"gold":471,"neow_bonus":"RANDOM_COMMON_RELIC","is_prod":false,"is_daily":false,"chose_seed":false,"campfire_upgraded":5,"win_rate":0,"timestamp":1557794170,"path_taken":["M","?","?","M","?","R","M","M","T","E","?","?","$","?","R","BOSS","M","$","?","?","?","R","E","?","T","R","?","M","R","?","R","BOSS","M","?","M","$","?","R","?","E","T","?","E","M","R","?","R","BOSS"],"build_version":"2019-05-07","purchased_purges":0,"victory":true,"max_hp_per_floor":[66,66,66,66,66,66,66,66,66,66,66,60,60,60,60,60,60,60,60,60,60,60,60,60,30,30,30,30,30,30,30,30,30,30,30,30,30,37,37,37,37,37,37,37,37,37,37,37,37,37],"card_choices":[{"not_picked":["Backflip","Underhanded Strike"],"picked":"Choke","floor":1.0},{"not_picked":["Dagger Spray","Outmaneuver"],"picked":"Deadly Poison","floor":4.0},{"not_picked":["PiercingWail","Dodge and Roll"],"picked":"Deadly Poison","floor":5.0},{"not_picked":["Masterful Stab","Quick Slash"],"picked":"Endless Agony","floor":7.0},{"not_picked":["Bane","Choke"],"picked":"Dash","floor":8.0},{"not_picked":["Eviscerate","Dash"],"picked":"Skewer","floor":10.0},{"not_picked":["Deadly Poison","Grand Finale"],"picked":"Dodge and Roll","floor":11.0},{"not_picked":["Doppelganger","Glass Knife"],"picked":"Wraith Form v2","floor":16.0},{"not_picked":["Bane+1","Blade Dance"],"picked":"Noxious Fumes","floor":18.0},{"not_picked":["Reflex+1","Choke"],"picked":"Wraith Form v2","floor":24.0},{"not_picked":["Expertise","Masterful Stab"],"picked":"Catalyst","floor":31.0},{"not_picked":["Die Die Die","Phantasmal Killer"],"picked":"Night Terror","floor":33.0},{"not_picked":["Sucker Punch","Flying Knee","Underhanded Strike+1"],"picked":"SKIP","floor":35.0},{"not_picked":["Cloak And Dagger","Slice"],"picked":"Dagger Spray+1","floor":37.0},{"not_picked":["Glass Knife+1","Outmaneuver"],"picked":"Crippling Poison","floor":42.0},{"not_picked":["Outmaneuver","PiercingWail"],"picked":"Well Laid Plans","floor":45},{"not_picked":["Sucker Punch+1","Crippling Poison"],"picked":"Catalyst","floor":46},{"not_picked":["Riddle With Holes+1","Underhanded Strike+1"],"picked":"Footwork+1","floor":48}],"player_experience":582189,"relics_obtained":[{"floor":9.0,"key":"Shuriken"},{"floor":10.0,"key":"Sundial"},{"floor":11.0,"key":"Odd Mushroom"},{"floor":20.0,"key":"Necronomicon"},{"floor":24.0,"key":"Mummified Hand"},{"floor":26.0,"key":"Gremlin Horn"},{"floor":28.0,"key":"Bird Faced Urn"},{"floor":39.0,"key":"Molten Egg 2"},{"floor":42.0,"key":"Bottled Lightning"},{"floor":43.0,"key":"Torii"},{"floor":45,"key":"Pantograph"}],"event_choices":[{"damage_healed":0.0,"max_hp_gain":0.0,"max_hp_loss":0.0,"gold_gain":0.0,"event_name":"Living Wall","player_choice":"Grow","floor":2.0,"gold_loss":0.0,"damage_taken":0.0,"cards_upgraded":["Choke"]},{"cards_removed":["Strike_G"],"damage_healed":0.0,"max_hp_gain":0.0,"max_hp_loss":0.0,"gold_gain":0.0,"event_name":"Purifier","player_choice":"Purged","floor":3.0,"gold_loss":0.0,"damage_taken":0.0},{"damage_healed":0.0,"max_hp_gain":0.0,"max_hp_loss":0.0,"gold_gain":0.0,"event_name":"Mushrooms","player_choice":"Fought Mushrooms","floor":11.0,"gold_loss":0.0,"damage_taken":0.0},{"damage_healed":0.0,"max_hp_gain":0.0,"max_hp_loss":6.0,"gold_gain":0.0,"event_name":"Golden Idol","player_choice":"Lose Max HP","floor":12.0,"gold_loss":0.0,"damage_taken":0.0,"relics_obtained":["Golden Idol"]},{"damage_healed":20.0,"max_hp_gain":0.0,"max_hp_loss":0.0,"gold_gain":0.0,"event_name":"Big Fish","player_choice":"Banana","floor":14.0,"gold_loss":0.0,"damage_taken":0.0},{"damage_healed":0.0,"max_hp_gain":0.0,"max_hp_loss":0.0,"gold_gain":0.0,"event_name":"Cursed Tome","player_choice":"Obtained Book","floor":20.0,"gold_loss":0.0,"damage_taken":21.0},{"damage_healed":0.0,"max_hp_gain":0.0,"max_hp_loss":0.0,"gold_gain":0.0,"event_name":"Back to Basics","player_choice":"Simplicity","floor":21.0,"gold_loss":0.0,"damage_taken":0.0,"cards_upgraded":["Defend_G","Defend_G","Defend_G","Defend_G","Defend_G","Strike_G","Strike_G","Strike_G","Strike_G"]},{"damage_healed":0.0,"max_hp_gain":0.0,"max_hp_loss":30.0,"gold_gain":0.0,"event_name":"Ghosts","player_choice":"Became a Ghost","floor":25.0,"gold_loss":0.0,"damage_taken":0.0,"cards_obtained":["Ghostly","Ghostly","Ghostly"]},{"damage_healed":0.0,"max_hp_gain":0.0,"max_hp_loss":0.0,"gold_gain":0.0,"event_name":"Designer","player_choice":"Upgrade","floor":36.0,"gold_loss":50.0,"damage_taken":0.0,"cards_upgraded":["Night Terror"]},{"damage_healed":0.0,"max_hp_gain":0.0,"max_hp_loss":0.0,"gold_gain":333.0,"event_name":"The Moai Head","player_choice":"Gave Idol","floor":44.0,"relics_lost":["Golden Idol"],"gold_loss":0.0,"damage_taken":0.0}],"is_beta":true,"boss_relics":[{"not_picked":["White Beast Statue","Black Star"],"picked":"Velvet Choker"},{"not_picked":["Coffee Dripper","Runic Pyramid"],"picked":"Fusion Hammer"}],"items_purged_floors":[],"is_endless":false,"potions_floor_spawned":[1,11,16,35,45],"ascension_level":19}