{"gold_per_floor":[113,132,42,42,54,89,89,117,140,170,170,190,210,49,49,126,126,141,141,159,28,28,62,62,74,98,110,110,110],"floor_reached":29,"playtime":1273,"items_purged":["Decay"],"score":526,"play_id":"793ca0b5-2ace-4260-8bcc-d34dc8dbf130","local_time":"20190606000633","is_ascension_mode":true,"campfire_choices":[{"data":"Predator","floor":7,"key":"SMITH"},{"floor":11,"key":"REST"},{"data":"Noxious Fumes","floor":15,"key":"SMITH"},{"floor":28,"key":"REST"}],"neow_cost":"NONE","seed_source_timestamp":3544870468822258,"circlet_count":0,"master_deck":["AscendersBane","Strike_G","Strike_G","Strike_G","Strike_G","Defend_G","Defend_G","Defend_G","Defend_G","Defend_G","Survivor","Neutralize+1","Predator+1","Poisoned Stab","Bullet Time","Calculated Gamble","Sucker Punch","Noxious Fumes+1","A Thousand Cuts","Flying Knee","Adrenaline","PiercingWail","Slice","Footwork","Blade Dance","Deflect","Deflect"],"relics":["Ring of the Snake","Bronze Scales","Art of War","Smiling Mask","Mercury Hourglass","Happy Flower","WristBlade","Paper Crane","Pen Nib"],"potions_floor_usage":[6,8,27,29,29],"damage_taken":[{"damage":0,"enemies":"2 Louse","floor":1,"turns":3},{"damage":7,"enemies":"Small Slimes","floor":2,"turns":5},{"damage":4,"enemies":"Cultist","floor":5,"turns":3},{"damage":15,"enemies":"Lagavulin","floor":6,"turns":7},{"damage":19,"enemies":"Gremlin Nob","floor":8,"turns":4},{"damage":12,"enemies":"Lagavulin","floor":10,"turns":6},{"damage":0,"enemies":"2 Fungi Beasts","floor":12,"turns":3},{"damage":0,"enemies":"Lots of Slimes","floor":13,"turns":2},{"damage":14,"enemies":"Hexaghost","floor":16,"turns":8},{"damage":18,"enemies":"Shell Parasite","floor":18,"turns":3},{"damage":12,"enemies":"2 Thieves","floor":20,"turns":3},{"damage":4,"enemies":"Gremlin Leader","floor":23,"turns":4},{"damage":6,"enemies":"Snecko","floor":25,"turns":6},{"damage":10,"enemies":"Cultist and Chosen","floor":27,"turns":7},{"damage":28,"enemies":"Slavers","floor":29,"turns":3}],"seed_played":"5441718468176568395","potions_obtained":[{"floor":1,"key":"Explosive Potion"},{"floor":5,"key":"Weak Potion"},{"floor":10,"key":"SpeedPotion"},{"floor":12,"key":"EssenceOfSteel"},{"floor":13,"key":"Poison Potion"},{"floor":27,"key":"FearPotion"}],"is_trial":false,"path_per_floor":["M","M","$","?","M","E","R","E","T","E","R","M","M","$","R","B",null,"M","?","M","$","?","E","?","M","T","M","R","E"],"character_chosen":"THE_SILENT","items_purchased":["Bullet Time","Happy Flower","GhostInAJar"],"campfire_rested":2,"item_purchase_floors":[3,14,21],"current_hp_per_floor":[59,52,52,52,48,33,33,14,14,2,21,21,21,21,21,7,51,33,33,21,21,21,17,17,11,11,1,20,0],"gold":110,"neow_bonus":"UPGRADE_CARD","is_prod":false,"is_daily":false,"chose_seed":false,"campfire_upgraded":2,"win_rate":0,"timestamp":1559804793,"path_taken":["M","M","$","?","M","E","R","E","T","E","R","M","M","$","R","BOSS","M","?","M","$","?","E","?","M","T","M","R","E"],"build_version":"2019-06-05","purchased_purges":1,"victory":false,"max_hp_per_floor":[66,66,66,66,66,66,66,66,66,66,66,66,66,66,66,66,66,66,66,66,66,66,66,66,66,66,66,66,66],"card_choices":[{"not_picked":["Reflex","Masterful Stab"],"picked":"Predator","floor":1},{"not_picked":["Eviscerate","Backflip"],"picked":"Poisoned Stab","floor":2},{"not_picked":["Quick Slash","Dagger Throw"],"picked":"Calculated Gamble","floor":5},{"not_picked":["Riddle With Holes","Outmaneuver","Accuracy"],"picked":"SKIP","floor":6},{"not_picked":["Blade Dance","Bane"],"picked":"Sucker Punch","floor":8},{"not_picked":["Escape Plan","Dagger Spray"],"picked":"Noxious Fumes","floor":10},{"not_picked":["Riddle With Holes","Crippling Poison"],"picked":"A Thousand Cuts","floor":12},{"not_picked":["Dagger Spray","Quick Slash"],"picked":"Flying Knee","floor":13},{"not_picked":["Bullet Time","Glass Knife"],"picked":"Adrenaline","floor":16},{"not_picked":["Quick Slash","Finisher+1"],"picked":"PiercingWail","floor":18},{"not_picked":["Backflip","Bane"],"picked":"Slice","floor":20},{"not_picked":["Skewer","Blade Dance"],"picked":"Footwork","floor":23},{"not_picked":["Sucker Punch","Outmaneuver"],"picked":"Deflect","floor":25},{"not_picked":["Blade Dance","Bullet Time"],"picked":"Deflect","floor":27}],"player_experience":1307906,"relics_obtained":[{"floor":6,"key":"Bronze Scales"},{"floor":8,"key":"Art of War"},{"floor":9,"key":"Smiling Mask"},{"floor":10,"key":"Mercury Hourglass"},{"floor":23,"key":"Paper Crane"},{"floor":26,"key":"Pen Nib"}],"event_choices":[{"damage_healed":0,"gold_gain":0,"player_choice":"Ignored","damage_taken":0,"max_hp_gain":0,"max_hp_loss":0,"event_name":"Liars Game","floor":4,"gold_loss":0},{"damage_healed":0,"gold_gain":0,"player_choice":"Smashed Altar","damage_taken":0,"max_hp_gain":0,"max_hp_loss":0,"event_name":"Forgotten Altar","floor":19,"gold_loss":0,"cards_obtained":["Decay"]},{"damage_healed":0,"gold_gain":0,"player_choice":"Ignored","damage_taken":0,"max_hp_gain":0,"max_hp_loss":0,"event_name":"Cursed Tome","floor":22,"gold_loss":0},{"damage_healed":0,"gold_gain":0,"cards_transformed":["Strike_G"],"player_choice":"Transformed","damage_taken":0,"max_hp_gain":0,"max_hp_loss":0,"event_name":"Transmorgrifier","floor":24,"gold_loss":0,"cards_obtained":["Blade Dance"]}],"is_beta":true,"boss_relics":[{"not_picked":["Orrery","White Beast Statue"],"picked":"WristBlade"}],"items_purged_floors":[21],"is_endless":false,"potions_floor_spawned":[1,5,10,12,13,18,25,27],"killed_by":"Slavers","ascension_level":20}