{"gold_per_floor":[116,128,148,164,164,164,193,193,239,239,239,273,373,203,203,277,277,294,294,59,59,73,73,73,73,126,126,142,142],"floor_reached":29,"playtime":1149,"items_purged":["Strike_B"],"score":435,"play_id":"af703005-52a8-4788-84e7-571e997411e4","local_time":"20181026020658","is_ascension_mode":true,"campfire_choices":[{"data":"Sunder","floor":6,"key":"SMITH"},{"data":"Go for the Eyes","floor":8,"key":"SMITH"},{"floor":11,"key":"REST"},{"data":"Capacitor","floor":15,"key":"SMITH"},{"floor":23,"key":"REST"},{"data":"Static Discharge","floor":27,"key":"SMITH"}],"neow_cost":"NONE","seed_source_timestamp":3019855028670903,"circlet_count":0,"master_deck":["Strike_B","Strike_B","Strike_B","Defend_B","Defend_B","Defend_B","Defend_B","Zap+1","Dualcast","AscendersBane","Sunder+1","Hologram+1","Gash","Capacitor+1","Go for the Eyes+1","Conserve Battery","Rip and Tear","Ball Lightning","Biased Cognition","Coolheaded","Fission","Static Discharge+1","Hologram+1","Melter"],"relics":["Cracked Core","Bottled Lightning","Boot","Lantern","Runic Dome","Dodecahedron","Omamori","Pen Nib"],"potions_floor_usage":[29],"damage_taken":[{"damage":0,"enemies":"2 Louse","floor":1,"turns":2},{"damage":2,"enemies":"Jaw Worm","floor":2,"turns":3},{"damage":3,"enemies":"Small Slimes","floor":3,"turns":2},{"damage":8,"enemies":"Blue Slaver","floor":4,"turns":3},{"damage":32,"enemies":"Gremlin Nob","floor":7,"turns":4},{"damage":15,"enemies":"3 Sentries","floor":12,"turns":6},{"damage":29,"enemies":"The Guardian","floor":16,"turns":12},{"damage":12,"enemies":"3 Byrds","floor":18,"turns":3},{"damage":22,"enemies":"Shell Parasite","floor":22,"turns":3},{"damage":44,"enemies":"Cultist and Chosen","floor":28,"turns":6},{"damage":11,"enemies":"Book of Stabbing","floor":29,"turns":1}],"seed_played":"4205392586419178820","potions_obtained":[{"floor":2,"key":"Explosive Potion"},{"floor":3,"key":"EssenceOfSteel"},{"floor":18,"key":"EntropicBrew"},{"floor":28,"key":"Regen Potion"}],"is_trial":false,"path_per_floor":["M","M","M","M","?","R","E","R","T","?","R","E","?","$","R","B",null,"M","?","$","?","M","R","$","?","T","R","M"],"character_chosen":"DEFECT","items_purchased":["Rip and Tear","Ball Lightning","Fission","Omamori"],"campfire_rested":2,"item_purchase_floors":[14,14,20,20],"current_hp_per_floor":[64,62,59,51,56,56,24,24,24,24,46,31,31,31,31,2,58,46,46,46,46,24,46,46,46,46,46,2,0],"gold":142,"neow_bonus":"UPGRADE_CARD","is_prod":false,"is_daily":false,"chose_seed":false,"campfire_upgraded":4,"win_rate":0,"timestamp":1540544818,"path_taken":["M","M","M","M","?","R","E","R","T","?","R","E","?","?","R","BOSS","M","?","$","?","M","R","?","?","T","R","M","E"],"build_version":"2018-10-25v2","purchased_purges":1,"victory":false,"max_hp_per_floor":[71,71,71,71,76,76,76,76,76,76,76,76,76,76,76,76,76,76,76,76,76,76,76,76,76,76,76,76,76],"card_choices":[{"not_picked":["Hologram","Aggregate"],"picked":"Sunder","floor":1},{"not_picked":["Leap","Undo"],"picked":"Hologram","floor":2},{"not_picked":["Turbo","Barrage"],"picked":"Gash","floor":3},{"not_picked":["BootSequence","White Noise"],"picked":"Capacitor","floor":4},{"not_picked":["Compile Driver","Recycle"],"picked":"Go for the Eyes","floor":7},{"not_picked":["Recycle","Hyperbeam"],"picked":"Conserve Battery","floor":12},{"not_picked":["Creative AI","Seek"],"picked":"Biased Cognition","floor":16},{"not_picked":["Stack","Chaos"],"picked":"Coolheaded","floor":18},{"not_picked":["Conserve Battery","Go for the Eyes"],"picked":"Static Discharge","floor":22},{"not_picked":["Ball Lightning+1","Sunder"],"picked":"Melter","floor":28}],"player_experience":1010776,"relics_obtained":[{"floor":7,"key":"Bottled Lightning"},{"floor":9,"key":"Boot"},{"floor":12,"key":"Lantern"},{"floor":26,"key":"Pen Nib"}],"event_choices":[{"damage_healed":0,"gold_gain":0,"player_choice":"Donut","damage_taken":0,"max_hp_gain":5,"max_hp_loss":0,"event_name":"Big Fish","floor":5,"gold_loss":0},{"damage_healed":0,"gold_gain":0,"player_choice":"Grow","damage_taken":0,"max_hp_gain":0,"max_hp_loss":0,"event_name":"Living Wall","floor":10,"gold_loss":0,"cards_upgraded":["Hologram"]},{"damage_healed":0,"gold_gain":100,"player_choice":"Gold","damage_taken":0,"max_hp_gain":0,"max_hp_loss":0,"event_name":"Wheel of Change","floor":13,"gold_loss":0},{"damage_healed":0,"gold_gain":0,"player_choice":"Gave Potion","damage_taken":0,"relics_obtained":["Dodecahedron"],"max_hp_gain":0,"max_hp_loss":0,"event_name":"WeMeetAgain","floor":19,"gold_loss":0},{"damage_healed":0,"gold_gain":0,"player_choice":"Ignored","damage_taken":0,"max_hp_gain":0,"max_hp_loss":0,"event_name":"Cursed Tome","floor":21,"gold_loss":0},{"damage_healed":0,"gold_gain":0,"player_choice":"Copied","damage_taken":0,"max_hp_gain":0,"max_hp_loss":0,"event_name":"Duplicator","floor":25,"gold_loss":0,"cards_obtained":["Hologram"]}],"is_beta":true,"boss_relics":[{"not_picked":["Lizard Tail","Pandora\u0027s Box"],"picked":"Runic Dome"}],"items_purged_floors":[14],"is_endless":false,"potions_floor_spawned":[2,3,16,18,28],"killed_by":"Book of Stabbing","ascension_level":18}