{"gold_per_floor":[114,125,2,2,19,19,49,49,49,66,66,77,89,122,122,196,196,214,248,43,43,43,43,78,78,78,91,122,137,137],"floor_reached":30,"playtime":1635,"items_purged":["Strike_G"],"score":581,"play_id":"6f7a960f-4a70-42e5-b75d-92646f0cdb1f","local_time":"20190608225211","is_ascension_mode":true,"campfire_choices":[{"data":"Neutralize","floor":6,"key":"SMITH"},{"floor":8,"key":"REST"},{"data":"Footwork","floor":11,"key":"SMITH"},{"data":"Footwork","floor":15,"key":"SMITH"},{"floor":23,"key":"REST"},{"floor":25,"key":"REST"}],"neow_cost":"NONE","seed_source_timestamp":3799246867540298,"circlet_count":0,"master_deck":["AscendersBane","Strike_G","Strike_G","Strike_G","Defend_G","Defend_G","Defend_G","Defend_G","Defend_G","Survivor","Neutralize+1","Deflect","Deadly Poison","Footwork+1","Backstab","Dodge and Roll","Bane","Poisoned Stab","Footwork+1","Crippling Poison","Caltrops","Malaise","Prepared","Noxious Fumes","Footwork","Footwork","Infinite Blades","PiercingWail"],"relics":["Ring of the Snake","NeowsBlessing","Juzu Bracelet","Pantograph","Vajra","Runic Pyramid","Red Mask","Bronze Scales","The Specimen","Strawberry"],"potions_floor_usage":[14,19,24,30],"damage_taken":[{"damage":0,"enemies":"Cultist","floor":1,"turns":1},{"damage":0,"enemies":"Small Slimes","floor":2,"turns":1},{"damage":0,"enemies":"2 Louse","floor":5,"turns":1},{"damage":52,"enemies":"Gremlin Nob","floor":7,"turns":6},{"damage":4,"enemies":"Exordium Thugs","floor":10,"turns":8},{"damage":0,"enemies":"Blue Slaver","floor":12,"turns":2},{"damage":2,"enemies":"Large Slime","floor":13,"turns":9},{"damage":23,"enemies":"3 Sentries","floor":14,"turns":11},{"damage":18,"enemies":"Hexaghost","floor":16,"turns":12},{"damage":0,"enemies":"3 Byrds","floor":18,"turns":3},{"damage":43,"enemies":"Masked Bandits","floor":19,"turns":6},{"damage":13,"enemies":"Gremlin Leader","floor":24,"turns":9},{"damage":12,"enemies":"Shell Parasite","floor":27,"turns":6},{"damage":10,"enemies":"Book of Stabbing","floor":28,"turns":7},{"damage":0,"enemies":"Centurion and Healer","floor":29,"turns":10},{"damage":21,"enemies":"Gremlin Leader","floor":30,"turns":5}],"seed_played":"-145396676389264170","potions_obtained":[{"floor":7,"key":"Block Potion"},{"floor":12,"key":"Regen Potion"},{"floor":24,"key":"Ancient Potion"},{"floor":27,"key":"GamblersBrew"},{"floor":29,"key":"PowerPotion"}],"is_trial":false,"path_per_floor":["M","M","$","?","M","R","E","R","T","M","R","M","M","E","R","B",null,"M","?","$","?","?","R","E","R","T","M","E","M","E"],"character_chosen":"THE_SILENT","items_purchased":["Footwork","Backstab","Footwork","Energy Potion"],"campfire_rested":3,"item_purchase_floors":[3,3,20,20],"current_hp_per_floor":[59,59,59,59,59,59,7,26,26,22,22,22,20,12,12,19,54,54,11,11,11,11,30,17,36,36,24,21,21,0],"gold":137,"neow_bonus":"THREE_ENEMY_KILL","is_prod":false,"is_daily":false,"chose_seed":false,"campfire_upgraded":3,"win_rate":0,"timestamp":1560059531,"path_taken":["M","M","$","?","?","R","E","R","T","M","R","M","M","E","R","BOSS","M","?","$","?","?","R","E","R","T","M","E","M","E"],"build_version":"2019-06-07","purchased_purges":1,"victory":false,"max_hp_per_floor":[66,66,66,66,66,66,66,66,66,66,66,66,66,66,66,66,66,66,66,66,66,66,66,66,66,66,66,73,73,73],"card_choices":[{"not_picked":["Blade Dance","Acrobatics"],"picked":"Deflect","floor":1},{"not_picked":["Prepared","Flying Knee"],"picked":"Deadly Poison","floor":2},{"not_picked":["Finisher","Prepared"],"picked":"Dodge and Roll","floor":5},{"not_picked":["Cloak And Dagger","Unload"],"picked":"Bane","floor":7},{"not_picked":["Underhanded Strike","Setup"],"picked":"Poisoned Stab","floor":10},{"not_picked":["Outmaneuver","Terror"],"picked":"Footwork","floor":12},{"not_picked":["Slice","Finisher"],"picked":"Crippling Poison","floor":13},{"not_picked":["Outmaneuver","Deadly Poison"],"picked":"Caltrops","floor":14},{"not_picked":["Tools of the Trade","Grand Finale"],"picked":"Malaise","floor":16},{"not_picked":["Bane","Heel Hook"],"picked":"Prepared","floor":18},{"not_picked":["Prepared","All Out Attack"],"picked":"Noxious Fumes","floor":19},{"not_picked":["Predator","Endless Agony+1"],"picked":"Footwork","floor":24},{"not_picked":["Cloak And Dagger","Heel Hook+1"],"picked":"Infinite Blades","floor":27},{"not_picked":["All Out Attack","Quick Slash+1","Endless Agony"],"picked":"SKIP","floor":28},{"not_picked":["Flechettes","Backflip"],"picked":"PiercingWail","floor":29}],"player_experience":1339418,"relics_obtained":[{"floor":7,"key":"Juzu Bracelet"},{"floor":9,"key":"Pantograph"},{"floor":14,"key":"Vajra"},{"floor":19,"key":"Red Mask"},{"floor":24,"key":"Bronze Scales"},{"floor":26,"key":"The Specimen"},{"floor":28,"key":"Strawberry"}],"event_choices":[{"cards_removed":["Strike_G"],"damage_healed":0,"gold_gain":0,"player_choice":"Offered Basic","damage_taken":0,"max_hp_gain":0,"max_hp_loss":0,"event_name":"Bonfire Elementals","floor":4,"gold_loss":0},{"damage_healed":0,"gold_gain":0,"player_choice":"Fought Bandits","damage_taken":0,"max_hp_gain":0,"max_hp_loss":0,"event_name":"Masked Bandits","floor":19,"gold_loss":0},{"damage_healed":0,"gold_gain":0,"player_choice":"Ignored","damage_taken":0,"max_hp_gain":0,"max_hp_loss":0,"event_name":"Cursed Tome","floor":22,"gold_loss":0}],"is_beta":true,"boss_relics":[{"not_picked":["Ectoplasm","Lizard Tail"],"picked":"Runic Pyramid"}],"items_purged_floors":[20],"is_endless":false,"potions_floor_spawned":[7,12,24,27,29],"killed_by":"Gremlin Leader","ascension_level":20}