{"path_per_floor":["M","M","T","$","M","R","M","R","T","E","R","M","E","M","R","B",null,"M","$","?","M","?","M","R","$","T","?","M","R","M","M","R","B",null,"M","?","?","?","M","R","?","R","T","M","?","R","M","$","R","B"],"character_chosen":"DEFECT","items_purchased":["Oddly Smooth Stone","Apotheosis","Gash","Secret Weapon"],"gold_per_floor":[114,124,204,55,65,65,76,76,76,105,105,115,143,163,163,237,237,253,41,41,53,53,73,73,19,66,66,77,77,95,113,113,188,188,207,257,303,303,320,320,320,320,347,364,364,364,376,91,91,91],"floor_reached":51,"campfire_rested":2,"playtime":2203,"item_purchase_floors":[4,19,25,48],"current_hp_per_floor":[63,63,63,63,57,57,53,53,53,41,41,38,47,47,47,47,65,58,58,58,58,58,54,54,54,54,54,41,41,41,41,71,24,59,59,59,47,47,45,45,45,45,45,45,46,46,38,38,71,62],"items_purged":["Strike_B"],"gold":91,"score":1594,"play_id":"f10036ba-0521-4002-9868-7dbdc7fa953e","local_time":"20180622031720","is_prod":false,"is_daily":false,"chose_seed":false,"is_ascension_mode":true,"campfire_upgraded":9,"win_rate":0,"timestamp":1529662640,"campfire_choices":[{"data":"Zap","floor":6,"key":"SMITH"},{"data":"Rip and Tear","floor":8,"key":"SMITH"},{"data":"Streamline","floor":11,"key":"SMITH"},{"data":"Beam Cell","floor":15,"key":"SMITH"},{"data":"Apotheosis","floor":24,"key":"SMITH"},{"data":"Coolheaded","floor":29,"key":"SMITH"},{"floor":32,"key":"REST"},{"data":"Steam Power","floor":40,"key":"SMITH"},{"data":"FTL","floor":42,"key":"SMITH"},{"data":"Steam","floor":46,"key":"SMITH"},{"floor":49,"key":"REST"}],"path_taken":["M","?","?","$","M","R","M","R","T","E","R","M","E","M","R","BOSS","M","$","?","M","?","M","R","$","T","?","M","R","?","M","R","BOSS","M","?","?","?","?","R","?","R","T","M","?","R","M","$","R","BOSS"],"build_version":"2018-06-21","seed_source_timestamp":723001954115007,"purchased_purges":1,"circlet_count":0,"victory":true,"master_deck":["Strike_B","Defend_B","Defend_B","Defend_B","Defend_B","Zap+1","Dualcast","AscendersBane","Leap","BootSequence","FTL+1","Rip and Tear+1","Streamline+1","Consume","All For One","Beam Cell+1","All For One","Glacier","Apotheosis+1","Coolheaded+1","Gash","Steam Power+1","Gash+1","Steam+1","Skim+1","Turbo+1","Gash+1","Secret Weapon"],"max_hp_per_floor":[71,71,71,71,71,71,71,71,71,71,71,71,71,71,71,71,71,71,71,71,71,71,71,71,71,71,71,71,71,71,71,71,71,71,71,71,71,71,71,71,71,71,71,71,71,71,71,71,71,71],"relics":["Cracked Core","Meat on the Bone","Oddly Smooth Stone","Regal Pillow","Darkstone Periapt","Thread and Needle","Sozu","Bronze Scales","Empty Cage","Incense Burner","Lantern","Bird Faced Urn"],"card_choices":[{"not_picked":["Beam Cell","Hologram"],"picked":"Leap","floor":1},{"not_picked":["Leap","White Noise"],"picked":"BootSequence","floor":2},{"not_picked":["Stack","Turbo"],"picked":"FTL","floor":5},{"not_picked":["Darkness","Fusion"],"picked":"Rip and Tear","floor":7},{"not_picked":["Doom and Gloom","BootSequence"],"picked":"Streamline","floor":10},{"not_picked":["Tempest","Stack"],"picked":"Consume","floor":12},{"not_picked":["Streamline","Glacier"],"picked":"All For One","floor":13},{"not_picked":["Sweeping Beam","Steam"],"picked":"Beam Cell","floor":14},{"not_picked":["Seek","Fission"],"picked":"All For One","floor":16},{"not_picked":["Streamline","Sweeping Beam"],"picked":"Glacier","floor":18},{"not_picked":["Beam Cell","Lockon","Barrage"],"picked":"SKIP","floor":21},{"not_picked":["Static Discharge","Leap"],"picked":"Coolheaded","floor":23},{"not_picked":["Conserve Battery","Blizzard"],"picked":"Steam Power","floor":28},{"not_picked":["Ball Lightning+1","Conserve Battery","Blizzard"],"picked":"SKIP","floor":30},{"not_picked":["Ball Lightning+1","Conserve Battery","Blizzard"],"picked":"SKIP","floor":30},{"not_picked":["Compile Driver","Beam Cell+1"],"picked":"Gash+1","floor":31},{"not_picked":["Amplify","Biased Cognition"],"picked":"Electrodynamics","floor":33},{"not_picked":["Compile Driver","Static Discharge"],"picked":"Steam","floor":35},{"not_picked":["Ball Lightning","Hello World"],"picked":"Skim+1","floor":39},{"not_picked":["Rip and Tear","Conserve Battery"],"picked":"Turbo+1","floor":44},{"not_picked":["Lockon","Darkness"],"picked":"Gash+1","floor":45},{"not_picked":["Sweeping Beam","Coolheaded","Sunder"],"picked":"SKIP","floor":47}],"player_experience":717906,"potions_floor_usage":[10,13,16,33,33],"damage_taken":[{"damage":1,"enemies":"Cultist","floor":1,"turns":4},{"damage":0,"enemies":"2 Louse","floor":2,"turns":2},{"damage":6,"enemies":"Small Slimes","floor":5,"turns":4},{"damage":4,"enemies":"3 Louse","floor":7,"turns":3},{"damage":24,"enemies":"Gremlin Nob","floor":10,"turns":4},{"damage":15,"enemies":"2 Fungi Beasts","floor":12,"turns":3},{"damage":3,"enemies":"3 Sentries","floor":13,"turns":5},{"damage":0,"enemies":"Blue Slaver","floor":14,"turns":2},{"damage":0,"enemies":"Slime Boss","floor":16,"turns":4},{"damage":7,"enemies":"2 Thieves","floor":18,"turns":4},{"damage":0,"enemies":"Chosen","floor":21,"turns":4},{"damage":4,"enemies":"Sentry and Sphere","floor":23,"turns":4},{"damage":13,"enemies":"Cultist and Chosen","floor":28,"turns":4},{"damage":0,"enemies":"Centurion and Healer","floor":30,"turns":4},{"damage":0,"enemies":"Chosen and Byrds","floor":31,"turns":4},{"damage":59,"enemies":"Collector","floor":33,"turns":8},{"damage":0,"enemies":"Orb Walker","floor":35,"turns":3},{"damage":12,"floor":37,"turns":4},{"damage":2,"enemies":"3 Shapes","floor":39,"turns":4},{"damage":0,"enemies":"Spire Growth","floor":44,"turns":5},{"damage":11,"floor":45,"turns":5},{"damage":8,"enemies":"4 Shapes","floor":47,"turns":8},{"damage":9,"enemies":"Awakened One","floor":50,"turns":7}],"relics_obtained":[{"floor":3,"key":"Meat on the Bone"},{"floor":9,"key":"Regal Pillow"},{"floor":10,"key":"Darkstone Periapt"},{"floor":13,"key":"Thread and Needle"},{"floor":26,"key":"Bronze Scales"},{"floor":37,"key":"Incense Burner"},{"floor":43,"key":"Lantern"},{"floor":45,"key":"Bird Faced Urn"}],"event_choices":[{"event_name":"The Mausoleum","player_choice":"No","floor":20,"damage_taken":0},{"event_name":"Vampires","player_choice":"Ignored","floor":22,"damage_taken":0},{"event_name":"Match and Keep!","player_choice":"0 cards matched","floor":27,"damage_taken":0},{"event_name":"Golden Shrine","player_choice":"Pray","floor":36,"damage_taken":0},{"event_name":"Mysterious Sphere","player_choice":"Fight","floor":37,"damage_taken":0},{"event_name":"The Lab","player_choice":"Got Potions","floor":38,"damage_taken":0},{"event_name":"Falling","player_choice":"Removed Power","floor":41,"damage_taken":0},{"event_name":"MindBloom","player_choice":"Fight","floor":45,"damage_taken":0}],"boss_relics":[{"not_picked":["White Beast Statue","Calling Bell"],"picked":"Sozu"},{"not_picked":["Philosopher\u0027s Stone","Busted Crown"],"picked":"Empty Cage"}],"items_purged_floors":[48],"is_endless":false,"potions_floor_spawned":[7,12,13,14,16,18,31,35,37,47],"seed_played":"5510657699381282646","ascension_level":15,"potions_obtained":[{"floor":7,"key":"Dexterity Potion"},{"floor":12,"key":"Fire Potion"},{"floor":13,"key":"FearPotion"},{"floor":14,"key":"Strength Potion"},{"floor":16,"key":"Poison Potion"}],"is_trial":false}