{"gold_per_floor":[119,119,119,139,153,153,178,8,31,31,56,69,84,95,95,198,198,217,51,71,121,131,131,160,160,187,63,63,79,91,102,102,102],"floor_reached":33,"playtime":2595,"items_purged":["Strike_B"],"score":456,"play_id":"da37dc85-fa33-4901-a730-0ee3f52ccf63","local_time":"20190603125708","is_ascension_mode":true,"campfire_choices":[{"data":"Go for the Eyes","floor":6,"key":"SMITH"},{"floor":10,"key":"REST"},{"data":"Skim","floor":15,"key":"SMITH"},{"data":"Buffer","floor":23,"key":"SMITH"},{"data":"Echo Form","floor":25,"key":"SMITH"},{"data":"Fission","floor":28,"key":"SMITH"},{"floor":32,"key":"REST"}],"neow_cost":"NONE","seed_source_timestamp":511372743266549,"circlet_count":0,"master_deck":["AscendersBane","Strike_B","Strike_B","Defend_B","Defend_B","Defend_B","Zap+1","Dualcast+1","Go for the Eyes+1","Gash","Coolheaded+1","Buffer+1","Buffer","Fission+1","Skim+1","Echo Form+1","Gash+1","Gash","Gash","Leap+1","Coolheaded+1","Hologram+1"],"relics":["Cracked Core","Vajra","Spirit Poop","The Courier","Dream Catcher","Mango","Empty Cage","Runic Capacitor","Toxic Egg 2","Anchor","War Paint"],"potions_floor_usage":[11,16,16,24,33],"damage_taken":[{"damage":0,"enemies":"Small Slimes","floor":1,"turns":2},{"damage":4,"enemies":"Jaw Worm","floor":4,"turns":2},{"damage":1,"enemies":"Cultist","floor":5,"turns":3},{"damage":30,"enemies":"Gremlin Nob","floor":7,"turns":4},{"damage":10,"enemies":"3 Sentries","floor":11,"turns":4},{"damage":0,"enemies":"Blue Slaver","floor":12,"turns":4},{"damage":4,"enemies":"Red Slaver","floor":13,"turns":4},{"damage":21,"enemies":"Lots of Slimes","floor":14,"turns":7},{"damage":23,"enemies":"Hexaghost","floor":16,"turns":13},{"damage":1,"enemies":"Spheric Guardian","floor":18,"turns":5},{"damage":2,"enemies":"Chosen","floor":20,"turns":6},{"damage":0,"enemies":"Centurion and Healer","floor":22,"turns":6},{"damage":18,"enemies":"Book of Stabbing","floor":24,"turns":6},{"damage":0,"enemies":"Cultist and Chosen","floor":29,"turns":5},{"damage":15,"enemies":"Snake Plant","floor":30,"turns":4},{"damage":17,"enemies":"Sentry and Sphere","floor":31,"turns":4},{"damage":50,"enemies":"Collector","floor":33,"turns":6}],"seed_played":"5780313452990002722","potions_obtained":[{"floor":4,"key":"PowerPotion"},{"floor":5,"key":"Dexterity Potion"},{"floor":14,"key":"LiquidBronze"},{"floor":20,"key":"Weak Potion"},{"floor":29,"key":"EssenceOfSteel"},{"floor":30,"key":"SkillPotion"}],"is_trial":false,"path_per_floor":["M","?","?","M","M","R","E","$","T","R","E","M","M","M","R","B",null,"M","$","M","?","M","R","E","R","T","$","R","M","M","M","R","B"],"character_chosen":"DEFECT","items_purchased":["Buffer","Runic Capacitor","War Paint"],"campfire_rested":2,"item_purchase_floors":[8,19,27],"current_hp_per_floor":[68,68,68,64,63,63,33,33,33,55,59,59,55,34,34,11,70,69,69,67,67,67,67,49,49,49,49,49,49,34,17,43,0],"gold":102,"neow_bonus":"UPGRADE_CARD","is_prod":false,"is_daily":false,"chose_seed":false,"campfire_upgraded":5,"win_rate":0,"timestamp":1559581028,"path_taken":["M","?","?","M","M","R","E","$","T","R","E","?","M","M","R","BOSS","M","$","M","?","?","R","E","R","T","$","R","M","M","M","R","BOSS"],"build_version":"2019-01-23","purchased_purges":1,"victory":false,"max_hp_per_floor":[75,75,75,75,75,75,75,75,75,75,89,89,89,89,89,89,89,89,89,89,89,89,89,89,89,89,89,89,89,89,89,89,89],"card_choices":[{"not_picked":["Ball Lightning","Auto Shields"],"picked":"Go for the Eyes","floor":1},{"not_picked":["Rebound","Reprogram","Streamline"],"picked":"SKIP","floor":4},{"not_picked":["Aggregate","Conserve Battery"],"picked":"Gash","floor":5},{"not_picked":["Static Discharge","Steam"],"picked":"Coolheaded","floor":7},{"not_picked":["Steam Power","Chaos"],"picked":"Buffer","floor":10},{"not_picked":["Turbo","Ball Lightning","Compile Driver"],"picked":"SKIP","floor":11},{"not_picked":["Coolheaded","Stack","Doom and Gloom"],"picked":"SKIP","floor":12},{"not_picked":["Barrage","Ball Lightning"],"picked":"Fission","floor":13},{"not_picked":["Tempest","Sweeping Beam"],"picked":"Skim","floor":14},{"not_picked":["Creative AI","Reboot"],"picked":"Echo Form","floor":16},{"not_picked":["Steam","Redo","Aggregate"],"picked":"SKIP","floor":18},{"not_picked":["Skim+1","Leap+1"],"picked":"Gash+1","floor":20},{"not_picked":["Recycle","White Noise"],"picked":"Gash","floor":22},{"not_picked":["Redo+1","Hologram"],"picked":"Gash","floor":24},{"not_picked":["Redo+1","Buffer","Conserve Battery+1"],"picked":"SKIP","floor":29},{"not_picked":["Ball Lightning","Go for the Eyes"],"picked":"Leap+1","floor":30},{"not_picked":["Sweeping Beam","Steam+1"],"picked":"Coolheaded+1","floor":31},{"not_picked":["Beam Cell","Rebound"],"picked":"Hologram+1","floor":32}],"player_experience":583661,"relics_obtained":[{"floor":7,"key":"The Courier"},{"floor":9,"key":"Dream Catcher"},{"floor":11,"key":"Mango"},{"floor":24,"key":"Toxic Egg 2"},{"floor":26,"key":"Anchor"}],"event_choices":[{"damage_healed":0,"gold_gain":0,"player_choice":"Box","damage_taken":0,"relics_obtained":["Vajra"],"max_hp_gain":0,"max_hp_loss":0,"event_name":"Big Fish","floor":2,"gold_loss":0,"cards_obtained":["Regret"]},{"cards_removed":["Regret"],"damage_healed":0,"gold_gain":0,"player_choice":"Offered Curse","damage_taken":0,"relics_obtained":["Spirit Poop"],"max_hp_gain":0,"max_hp_loss":0,"event_name":"Bonfire Elementals","floor":3,"gold_loss":0},{"damage_healed":0,"gold_gain":100,"player_choice":"Bet on Murderer","damage_taken":0,"max_hp_gain":0,"max_hp_loss":0,"event_name":"The Joust","floor":21,"gold_loss":50}],"is_beta":false,"boss_relics":[{"not_picked":["Runic Dome","Fusion Hammer"],"picked":"Empty Cage"}],"items_purged_floors":[8],"is_endless":false,"potions_floor_spawned":[4,5,14,20,29,30],"killed_by":"Collector","ascension_level":11}