{"gold_per_floor":[111,124,124,49,66,66,79,79,106,126,143,64,89,152,152,225,225,241,241,98,98,98,98,148,148,148,148,172,172,186,198,198,275,275,285,297,3,15,35,35,66,71,76,81,97,135,160,182,187,192],"floor_reached":50,"playtime":2872,"items_purged":["Strike_B","Strike_B"],"score":879,"play_id":"19f5df33-ea3d-43d9-8a04-1d515b341daf","local_time":"20180717020603","is_ascension_mode":true,"campfire_choices":[{"data":"Hologram","floor":6,"key":"SMITH"},{"data":"Heatsinks","floor":8,"key":"SMITH"},{"floor":15,"key":"REST"},{"data":"Chill","floor":23,"key":"SMITH"},{"data":"Defragment","floor":25,"key":"SMITH"},{"data":"Biased Cognition","floor":27,"key":"SMITH"},{"floor":32,"key":"REST"},{"floor":40,"key":"REST"},{"data":"Glacier","floor":42,"key":"SMITH"},{"floor":49,"key":"REST"}],"neow_cost":"TEN_PERCENT_HP_LOSS","seed_source_timestamp":705908955310943,"circlet_count":0,"master_deck":["Defend_B","Defend_B+1","Defend_B+1","Defend_B","Zap","Dualcast","AscendersBane","Creative AI+1","Conserve Battery","Heatsinks+1","Hologram+1","Cold Snap","Ball Lightning","Defragment+1","Capacitor","Reinforced Body","Storm","Biased Cognition+1","BootSequence+1","Chill+1","Clumsy","Amplify","Conserve Battery+1","Glacier+1","Madness","Madness","Turbo+1","Amplify"],"relics":["Cracked Core","Strawberry","War Paint","Dodecahedron","Cursed Key","Art of War","Enchiridion","Inserter","DataDisk","MawBank","Matryoshka"],"potions_floor_usage":[11,16,30,38,47,50],"damage_taken":[{"damage":1,"enemies":"Jaw Worm","floor":1,"turns":4},{"damage":7,"enemies":"Small Slimes","floor":2,"turns":4},{"damage":2,"enemies":"2 Louse","floor":5,"turns":3},{"damage":6,"enemies":"Looter","floor":7,"turns":4},{"damage":4,"enemies":"2 Fungi Beasts","floor":10,"turns":5},{"damage":2,"enemies":"Large Slime","floor":11,"turns":5},{"damage":11,"enemies":"3 Sentries","floor":13,"turns":8},{"damage":19,"enemies":"3 Sentries","floor":14,"turns":11},{"damage":34,"enemies":"The Guardian","floor":16,"turns":10},{"damage":0,"enemies":"Spheric Guardian","floor":18,"turns":3},{"damage":15,"enemies":"3 Byrds","floor":30,"turns":3},{"damage":4,"enemies":"3 Cultists","floor":31,"turns":6},{"damage":12,"enemies":"Champ","floor":33,"turns":7},{"damage":0,"enemies":"3 Darklings","floor":35,"turns":5},{"damage":0,"enemies":"3 Shapes","floor":36,"turns":4},{"damage":12,"enemies":"Transient","floor":38,"turns":5},{"damage":0,"enemies":"Spire Growth","floor":39,"turns":5},{"damage":7,"enemies":"Giant Head","floor":41,"turns":8},{"damage":3,"enemies":"Maw","floor":45,"turns":8},{"damage":17,"enemies":"2 Orb Walkers","floor":46,"turns":7},{"damage":12,"enemies":"Flame Bruiser 2 Orb","floor":47,"turns":5},{"damage":4,"enemies":"3 Darklings","floor":48,"turns":4},{"damage":34,"enemies":"Awakened One","floor":50,"turns":2}],"seed_played":"276913539118576582","potions_obtained":[{"floor":2,"key":"PowerPotion"},{"floor":5,"key":"AttackPotion"},{"floor":11,"key":"SkillPotion"},{"floor":16,"key":"Block Potion"},{"floor":31,"key":"SkillPotion"},{"floor":38,"key":"Poison Potion"},{"floor":45,"key":"Strength Potion"}],"is_trial":false,"path_per_floor":["M","M","?","?","M","R","M","R","T","M","M","$","E","?","R","B",null,"M","?","$","?","$","R","?","R","T","R","T","?","M","M","R","B",null,"M","M","$","M","M","R","E","R","T","?","M","E","M","M","R"],"character_chosen":"DEFECT","items_purchased":["Capacitor","Chill","DataDisk","Energy Potion"],"campfire_rested":4,"item_purchase_floors":[12,20,37,37],"current_hp_per_floor":[63,56,56,56,54,54,48,48,55,51,49,49,38,19,40,6,55,55,55,55,55,55,55,55,55,55,55,55,34,19,15,36,24,59,59,59,59,47,47,68,61,61,61,48,45,28,16,12,33,0],"gold":192,"neow_bonus":"THREE_RARE_CARDS","is_prod":false,"is_daily":false,"chose_seed":false,"campfire_upgraded":6,"win_rate":0,"timestamp":1531818363,"path_taken":["M","M","?","?","M","R","M","R","T","M","M","$","E","?","R","BOSS","M","?","$","?","?","R","?","R","T","R","?","?","M","?","R","BOSS","M","M","$","M","M","R","E","R","T","?","?","E","M","M","R","BOSS"],"build_version":"2018-07-16","purchased_purges":2,"victory":false,"max_hp_per_floor":[64,64,64,64,64,64,64,64,71,71,71,71,71,71,71,71,71,71,71,71,71,71,71,71,71,71,71,71,71,71,71,71,71,71,71,71,71,71,71,71,71,71,71,71,71,71,71,71,71,71],"card_choices":[{"not_picked":["Buffer","Rainbow"],"picked":"Creative AI","floor":0},{"not_picked":["Scrape","Reinforced Body"],"picked":"Conserve Battery","floor":1},{"not_picked":["Go for the Eyes","Steam"],"picked":"Heatsinks","floor":2},{"not_picked":["Conserve Battery","Redo"],"picked":"Hologram","floor":5},{"not_picked":["Steam","Steam Power"],"picked":"Cold Snap","floor":7},{"not_picked":["Conserve Battery","Go for the Eyes"],"picked":"Ball Lightning","floor":10},{"not_picked":["Recycle","Compile Driver"],"picked":"Defragment","floor":11},{"not_picked":["Sweeping Beam","Double Energy"],"picked":"Reinforced Body","floor":13},{"not_picked":["Recycle","Redo"],"picked":"Storm","floor":14},{"not_picked":["All For One","Hyperbeam"],"picked":"Biased Cognition","floor":16},{"not_picked":["Cold Snap","Rebound"],"picked":"BootSequence+1","floor":18},{"not_picked":["Barrage","Go for the Eyes","Melter"],"picked":"SKIP","floor":30},{"not_picked":["Fusion","Redo","Aggregate"],"picked":"SKIP","floor":31},{"not_picked":["Core Surge","All For One"],"picked":"Amplify","floor":33},{"not_picked":["Capacitor","Beam Cell","Darkness+1"],"picked":"SKIP","floor":35},{"not_picked":["Heatsinks","Hello World"],"picked":"Conserve Battery+1","floor":36},{"not_picked":["Undo+1","Darkness"],"picked":"Glacier","floor":38},{"not_picked":["Turbo","Hello World+1","Go for the Eyes+1"],"picked":"SKIP","floor":39},{"not_picked":["Redo","Go for the Eyes","Rebound"],"picked":"SKIP","floor":41},{"not_picked":["Go for the Eyes","Cold Snap"],"picked":"Turbo+1","floor":45},{"not_picked":["Tempest+1","Ball Lightning"],"picked":"Amplify","floor":46},{"not_picked":["Cold Snap","Barrage+1","Streamline"],"picked":"SKIP","floor":47},{"not_picked":["Streamline","Go for the Eyes","Loop"],"picked":"SKIP","floor":48}],"player_experience":845551,"relics_obtained":[{"floor":9,"key":"Strawberry"},{"floor":13,"key":"War Paint"},{"floor":14,"key":"Dodecahedron"},{"floor":28,"key":"Art of War"},{"floor":29,"key":"Enchiridion"},{"floor":41,"key":"MawBank"},{"floor":46,"key":"Matryoshka"}],"event_choices":[{"event_name":"Living Wall","player_choice":"Grow","floor":3,"damage_taken":0},{"event_name":"The Cleric","player_choice":"Card Removal","floor":4,"damage_taken":0},{"event_name":"Dead Adventurer","player_choice":"Searched \u00273\u0027 times","floor":14,"damage_taken":0},{"event_name":"Vampires","player_choice":"Ignored","floor":19,"damage_taken":0},{"event_name":"Purifier","player_choice":"One Purge","floor":21,"damage_taken":0},{"event_name":"Nest","player_choice":"Stole From Cult","floor":24,"damage_taken":0},{"event_name":"Cursed Tome","player_choice":"Obtained Book","floor":29,"damage_taken":0},{"event_name":"Winding Halls","player_choice":"Embrace Madness","floor":44,"damage_taken":0}],"boss_relics":[{"not_picked":["Black Star","Eternal Feather"],"picked":"Cursed Key"},{"not_picked":["Tiny House","Runic Dome"],"picked":"Inserter"}],"items_purged_floors":[20,37],"is_endless":false,"potions_floor_spawned":[2,5,11,16,31,33,35,38,41,45],"killed_by":"Awakened One","ascension_level":15}