{"gold_per_floor":[119,129,73,84,30,59,59,94,118,118,35,51,51,51,51,130,130,149,149,159,177,102,102,133,148,226,226,9,26,26,26,26,26],"floor_reached":33,"playtime":1275,"items_purged":[],"score":546,"play_id":"1715a30d-9718-444f-9014-d5cc54a16d77","local_time":"20190321150911","is_ascension_mode":true,"campfire_choices":[{"floor":10,"key":"REST"},{"data":"Disarm","floor":13,"key":"SMITH"},{"data":"Bash","floor":15,"key":"SMITH"},{"floor":23,"key":"REST"},{"floor":27,"key":"REST"},{"floor":32,"key":"REST"}],"neow_cost":"NONE","seed_source_timestamp":352907694226019,"circlet_count":0,"master_deck":["AscendersBane","Strike_R","Defend_R","Defend_R","Defend_R","Defend_R","Bash+1","Shockwave","Cleave","Shrug It Off","True Grit+1","Clothesline","Disarm+1","Battle Trance+1","Immolate","Double Tap+1","Iron Wave+1","Warcry+1","Headbutt+1","Rampage","Disarm+1","Bludgeon","J.A.X.+1"],"relics":["Burning Blood","NeowsBlessing","Bag of Marbles","Ancient Tea Set","Lantern","Astrolabe","War Paint","Mummified Hand","DollysMirror"],"potions_floor_usage":[6,8,16,29,33,33],"damage_taken":[{"damage":0,"enemies":"Cultist","floor":1,"turns":1},{"damage":0,"enemies":"Jaw Worm","floor":2,"turns":1},{"damage":0,"enemies":"Small Slimes","floor":4,"turns":1},{"damage":44,"enemies":"Gremlin Nob","floor":6,"turns":5},{"damage":35,"enemies":"Lagavulin","floor":8,"turns":7},{"damage":0,"enemies":"Looter","floor":12,"turns":2},{"damage":2,"enemies":"The Guardian","floor":16,"turns":10},{"damage":2,"enemies":"Chosen","floor":18,"turns":5},{"damage":28,"enemies":"Shell Parasite","floor":20,"turns":10},{"damage":17,"enemies":"Snecko","floor":21,"turns":5},{"damage":22,"enemies":"Slavers","floor":24,"turns":3},{"damage":29,"enemies":"Shelled Parasite and Fungi","floor":25,"turns":7},{"damage":18,"enemies":"Snake Plant","floor":29,"turns":2},{"damage":71,"enemies":"Automaton","floor":33,"turns":8}],"seed_played":"187682985647947568","potions_obtained":[{"floor":1,"key":"SpeedPotion"},{"floor":6,"key":"Fruit Juice"},{"floor":8,"key":"PowerPotion"},{"floor":16,"key":"Strength Potion"},{"floor":25,"key":"Fire Potion"},{"floor":29,"key":"EssenceOfSteel"}],"is_trial":false,"path_per_floor":["M","M","$","M","$","E","?","E","T","R","$","M","R","?","R","B",null,"M","?","M","M","?","R","E","M","T","R","$","M","?","?","R","B"],"character_chosen":"IRONCLAD","items_purchased":["Block Potion","Shrug It Off","Disarm","DollysMirror"],"campfire_rested":4,"item_purchase_floors":[3,5,11,28],"current_hp_per_floor":[74,75,75,75,75,37,37,13,13,37,37,43,43,69,69,73,78,80,80,58,47,47,71,55,32,32,56,56,44,44,44,68,0],"gold":26,"neow_bonus":"THREE_ENEMY_KILL","is_prod":false,"is_daily":false,"chose_seed":false,"campfire_upgraded":2,"win_rate":0,"timestamp":1553177351,"path_taken":["M","?","?","M","$","E","?","E","T","R","$","M","R","?","R","BOSS","M","?","M","?","?","R","E","M","T","R","?","M","?","?","R","BOSS"],"build_version":"2019-03-15","purchased_purges":0,"victory":false,"max_hp_per_floor":[75,75,75,75,75,75,75,80,80,80,80,80,80,80,80,80,80,80,80,80,80,80,80,80,80,80,80,80,80,80,80,80,80],"card_choices":[{"not_picked":["Bloodletting","Combust"],"picked":"Anger","floor":1},{"not_picked":["Wild Strike","Heavy Blade"],"picked":"Shockwave","floor":2},{"not_picked":["Armaments","Sever Soul"],"picked":"Cleave","floor":4},{"not_picked":["Anger","Pummel"],"picked":"True Grit","floor":6},{"not_picked":["Warcry","Berserk"],"picked":"Clothesline","floor":8},{"not_picked":["Anger","Cleave"],"picked":"Battle Trance","floor":12},{"not_picked":["Barricade","Demon Form"],"picked":"Immolate","floor":16},{"not_picked":["Clothesline","Cleave","Sword Boomerang"],"picked":"SKIP","floor":18},{"not_picked":["Cleave","Perfected Strike"],"picked":"Headbutt+1","floor":20},{"not_picked":["Cleave+1","Headbutt","Heavy Blade"],"picked":"SKIP","floor":21},{"not_picked":["Thunderclap","Hemokinesis","Battle Trance"],"picked":"SKIP","floor":24},{"not_picked":["Clash+1","Entrench"],"picked":"Rampage","floor":25},{"not_picked":["Armaments","Cleave"],"picked":"Bludgeon","floor":29}],"player_experience":363847,"relics_obtained":[{"floor":6,"key":"Bag of Marbles"},{"floor":8,"key":"Ancient Tea Set"},{"floor":9,"key":"Lantern"},{"floor":24,"key":"War Paint"},{"floor":26,"key":"Mummified Hand"}],"event_choices":[{"damage_healed":0,"gold_gain":0,"player_choice":"Ignored","damage_taken":0,"max_hp_gain":0,"max_hp_loss":0,"event_name":"Shining Light","floor":7,"gold_loss":0},{"damage_healed":26,"gold_gain":0,"player_choice":"Banana","damage_taken":0,"max_hp_gain":0,"max_hp_loss":0,"event_name":"Big Fish","floor":14,"gold_loss":0},{"cards_removed":["Anger"],"damage_healed":5,"gold_gain":0,"player_choice":"Offered Common","damage_taken":0,"max_hp_gain":0,"max_hp_loss":0,"event_name":"Bonfire Elementals","floor":19,"gold_loss":0},{"cards_removed":["Anger"],"damage_healed":5,"gold_gain":0,"player_choice":"Offered Special","damage_taken":0,"max_hp_gain":0,"max_hp_loss":0,"event_name":"Bonfire Elementals","floor":19,"gold_loss":0},{"cards_removed":["Strike_R"],"damage_healed":0,"gold_gain":0,"player_choice":"Gave Gold","damage_taken":0,"max_hp_gain":0,"max_hp_loss":0,"event_name":"Beggar","floor":22,"gold_loss":75},{"damage_healed":0,"gold_gain":0,"player_choice":"Obtain J.A.X.","damage_taken":0,"max_hp_gain":0,"max_hp_loss":0,"event_name":"Drug Dealer","floor":30,"gold_loss":0,"cards_obtained":["J.A.X."]},{"damage_healed":0,"gold_gain":0,"player_choice":"Upgraded","damage_taken":0,"max_hp_gain":0,"max_hp_loss":0,"event_name":"Upgrade Shrine","floor":31,"gold_loss":0,"cards_upgraded":["J.A.X."]}],"is_beta":true,"boss_relics":[{"not_picked":["White Beast Statue","Empty Cage"],"picked":"Astrolabe"}],"items_purged_floors":[],"is_endless":false,"potions_floor_spawned":[1,6,8,16,18,25,29],"killed_by":"Automaton","ascension_level":20}