{"gold_per_floor":[112,112,62,62,79,79,111,111,137,161,30,44,54,87,87,192,192,208,11,30,30,30,30,46,46,46,46,46,46,46,46],"floor_reached":31,"playtime":1497,"items_purged":["Perfected Strike"],"score":440,"play_id":"c731d899-e616-44cb-8b1b-348f9b6327ba","local_time":"20190310214757","is_ascension_mode":true,"campfire_choices":[{"data":"Bash","floor":6,"key":"SMITH"},{"data":"True Grit","floor":8,"key":"SMITH"},{"data":"Armaments","floor":15,"key":"SMITH"},{"data":"Bludgeon","floor":23,"key":"SMITH"},{"data":"Demon Form","floor":27,"key":"SMITH"},{"data":"Pommel Strike","floor":30,"key":"SMITH"}],"neow_cost":"NONE","seed_source_timestamp":66393633529524,"circlet_count":0,"master_deck":["AscendersBane","Bash+1","Wild Strike","True Grit+1","Rage","Armaments+1","Bludgeon+1","Metallicize","Iron Wave","Impervious","Impervious","Metallicize","Havoc","Warcry","Metallicize","Fiend Fire","True Grit","Demon Form+1","Pommel Strike+1","Battle Trance","Flame Barrier","Shrug It Off+1"],"relics":["Burning Blood","NeowsBlessing","The Courier","Blood Vial","Odd Mushroom","Omamori","Pandora\u0027s Box","Red Skull","Shuriken","CultistMask"],"potions_floor_usage":[14,16,25,31],"damage_taken":[{"damage":0,"enemies":"Jaw Worm","floor":1,"turns":1},{"damage":0,"enemies":"Small Slimes","floor":5,"turns":1},{"damage":0,"enemies":"3 Sentries","floor":7,"turns":2},{"damage":28,"enemies":"The Mushroom Lair","floor":10,"turns":5},{"damage":1,"enemies":"Cultist","floor":12,"turns":3},{"damage":5,"enemies":"Blue Slaver","floor":13,"turns":5},{"damage":21,"enemies":"Gremlin Nob","floor":14,"turns":4},{"damage":34,"enemies":"The Guardian","floor":16,"turns":11},{"damage":30,"enemies":"Chosen","floor":18,"turns":7},{"damage":4,"enemies":"Spheric Guardian","floor":20,"turns":7},{"damage":22,"enemies":"Shelled Parasite and Fungi","floor":24,"turns":7},{"damage":0,"enemies":"Slavers","floor":25,"turns":1},{"damage":47,"enemies":"Book of Stabbing","floor":31,"turns":5}],"seed_played":"-5940949981617246717","potions_obtained":[{"floor":1,"key":"Poison Potion"},{"floor":4,"key":"SpeedPotion"},{"floor":4,"key":"SmokeBomb"},{"floor":10,"key":"PowerPotion"},{"floor":14,"key":"AttackPotion"}],"is_trial":false,"path_per_floor":["M","?","?","?","M","R","E","R","T","?","$","M","M","E","R","B",null,"M","$","M","$","?","R","M","E","T","R","$","?","R","E"],"character_chosen":"IRONCLAD","items_purchased":["Bludgeon","Battle Trance","Flame Barrier","Dexterity Potion"],"campfire_rested":0,"item_purchase_floors":[11,19,19,19],"current_hp_per_floor":[78,62,62,62,68,68,74,74,74,54,54,61,64,51,51,25,66,44,44,48,48,48,48,34,42,42,42,42,42,42,0],"gold":46,"neow_bonus":"THREE_ENEMY_KILL","is_prod":false,"is_daily":false,"chose_seed":false,"campfire_upgraded":6,"win_rate":0,"timestamp":1552250877,"path_taken":["M","?","?","?","?","R","E","R","T","?","$","M","M","E","R","BOSS","M","$","M","$","?","R","M","E","T","R","$","?","R","E"],"build_version":"2019-02-06","purchased_purges":1,"victory":false,"max_hp_per_floor":[80,80,80,80,80,80,80,80,80,80,80,80,80,80,80,80,80,80,80,80,80,80,80,80,80,80,80,80,80,80,80],"card_choices":[{"not_picked":["Whirlwind","Heavy Blade"],"picked":"Wild Strike","floor":1},{"not_picked":["Twin Strike","Thunderclap"],"picked":"True Grit","floor":5},{"not_picked":["Whirlwind","True Grit"],"picked":"Rage","floor":7},{"not_picked":["Flex","True Grit"],"picked":"Armaments","floor":10},{"not_picked":["Wild Strike","Heavy Blade"],"picked":"Metallicize","floor":12},{"not_picked":["Pommel Strike","Whirlwind"],"picked":"Iron Wave","floor":13},{"not_picked":["Clash","Perfected Strike"],"picked":"Impervious","floor":14},{"not_picked":["Exhume","Dark Embrace"],"picked":"Impervious","floor":16},{"not_picked":["Thunderclap","Clash"],"picked":"Pommel Strike","floor":18},{"not_picked":["True Grit","Perfected Strike+1","Clash+1"],"picked":"SKIP","floor":20},{"not_picked":["Battle Trance","Dark Embrace"],"picked":"Shrug It Off+1","floor":24}],"player_experience":155374,"relics_obtained":[{"floor":7,"key":"The Courier"},{"floor":9,"key":"Blood Vial"},{"floor":10,"key":"Odd Mushroom"},{"floor":14,"key":"Omamori"},{"floor":26,"key":"Shuriken"}],"event_choices":[{"damage_healed":0,"gold_gain":0,"player_choice":"Entered Light","damage_taken":16,"max_hp_gain":0,"max_hp_loss":0,"event_name":"Shining Light","floor":2,"gold_loss":0,"cards_upgraded":["Defend_R","Strike_R"]},{"cards_removed":["Strike_R"],"damage_healed":0,"gold_gain":0,"player_choice":"Card Removal","damage_taken":0,"max_hp_gain":0,"max_hp_loss":0,"event_name":"The Cleric","floor":3,"gold_loss":50},{"damage_healed":0,"gold_gain":0,"player_choice":"Got Potions","damage_taken":0,"max_hp_gain":0,"max_hp_loss":0,"event_name":"Lab","floor":4,"gold_loss":0},{"damage_healed":0,"gold_gain":0,"player_choice":"Fought Mushrooms","damage_taken":0,"max_hp_gain":0,"max_hp_loss":0,"event_name":"Mushrooms","floor":10,"gold_loss":0},{"damage_healed":0,"gold_gain":0,"player_choice":"Opened","damage_taken":0,"relics_obtained":["Red Skull"],"max_hp_gain":0,"max_hp_loss":0,"event_name":"The Mausoleum","floor":22,"gold_loss":0,"cards_obtained":["Writhe"]},{"damage_healed":0,"gold_gain":0,"player_choice":"Trade","damage_taken":0,"relics_obtained":["CultistMask"],"max_hp_gain":0,"max_hp_loss":0,"event_name":"FaceTrader","floor":29,"gold_loss":0}],"is_beta":true,"boss_relics":[{"not_picked":["Runic Cube","Runic Pyramid"],"picked":"Pandora\u0027s Box"}],"items_purged_floors":[19],"is_endless":false,"potions_floor_spawned":[1,10,14,20,25],"killed_by":"Book of Stabbing","ascension_level":11}