{"gold_per_floor":[112,122,139,108,120,120,148,148,148,148,148,175,189,189,189,265,265,280,42,42,58,77,88,88,102,128,146,146,146,158,169,169,247,247,265,276,123,142,142],"floor_reached":39,"playtime":2971,"items_purged":["Decay"],"score":698,"play_id":"4120a3ea-facc-448c-a522-79e1c1f77e17","local_time":"20180729005910","is_ascension_mode":true,"campfire_choices":[{"data":"Consume","floor":6,"key":"SMITH"},{"data":"Hologram","floor":8,"key":"SMITH"},{"floor":10,"key":"REST"},{"data":"Coolheaded","floor":15,"key":"SMITH"},{"floor":29,"key":"REST"},{"floor":32,"key":"REST"}],"neow_cost":"","seed_source_timestamp":1738596902590669,"circlet_count":0,"master_deck":["Strike_B+1","Strike_B+1","Defend_B","Defend_B","Defend_B","Defend_B","Zap","Dualcast","AscendersBane","Hologram+1","Consume+1","Reinforced Body","Compile Driver","Conserve Battery","Creative AI+1","Coolheaded+1","Electrodynamics+1","Heatsinks+1","Core Surge","Chill","Capacitor+1","Steam","Force Field+1","BootSequence+1","Seek","Echo Form+1","Chill+1"],"relics":["Cracked Core","Whetstone","Matryoshka","Frozen Egg 2","Fusion Hammer","Oddly Smooth Stone","Anchor","Regal Pillow","Empty Cage"],"potions_floor_usage":[4,7,12,13,25,30,33,33,39,39],"damage_taken":[{"damage":6,"enemies":"Jaw Worm","floor":1,"turns":4},{"damage":0,"enemies":"2 Louse","floor":2,"turns":2},{"damage":0,"enemies":"Small Slimes","floor":3,"turns":3},{"damage":40,"enemies":"Exordium Thugs","floor":4,"turns":8},{"damage":1,"enemies":"Exordium Wildlife","floor":5,"turns":4},{"damage":8,"enemies":"Lagavulin","floor":7,"turns":7},{"damage":22,"enemies":"3 Sentries","floor":12,"turns":6},{"damage":15,"enemies":"Lots of Slimes","floor":13,"turns":7},{"damage":25,"enemies":"Hexaghost","floor":16,"turns":14},{"damage":0,"enemies":"3 Byrds","floor":18,"turns":2},{"damage":0,"enemies":"Spheric Guardian","floor":21,"turns":11},{"damage":28,"enemies":"Slaver and Parasite","floor":22,"turns":8},{"damage":2,"enemies":"Cultist and Chosen","floor":23,"turns":6},{"damage":11,"enemies":"Sentry and Sphere","floor":25,"turns":8},{"damage":0,"enemies":"Snecko","floor":27,"turns":7},{"damage":0,"enemies":"Cultist and Chosen","floor":30,"turns":6},{"damage":0,"enemies":"Slaver and Parasite","floor":31,"turns":7},{"damage":9,"enemies":"Collector","floor":33,"turns":12},{"damage":0,"enemies":"3 Shapes","floor":35,"turns":3},{"damage":23,"enemies":"Orb Walker","floor":36,"turns":7},{"damage":0,"enemies":"4 Shapes","floor":38,"turns":7},{"damage":67,"enemies":"Transient","floor":39,"turns":4}],"seed_played":"-3549582161915674671","potions_obtained":[{"floor":3,"key":"Regen Potion"},{"floor":4,"key":"SpeedPotion"},{"floor":5,"key":"LiquidBronze"},{"floor":7,"key":"GamblersBrew"},{"floor":13,"key":"Explosive Potion"},{"floor":18,"key":"Swift Potion"},{"floor":27,"key":"Fruit Juice"},{"floor":31,"key":"EntropicBrew"}],"is_trial":false,"path_per_floor":["M","M","M","M","M","R","E","R","T","R","?","E","M","?","R","B",null,"M","$","?","M","M","M","?","M","T","M","?","R","M","M","R","B",null,"M","M","$","M"],"character_chosen":"DEFECT","items_purchased":["Heatsinks+1","Oddly Smooth Stone","Echo Form+1"],"campfire_rested":3,"item_purchase_floors":[19,19,37],"current_hp_per_floor":[58,58,58,32,31,31,23,23,23,44,44,22,7,30,30,5,55,55,55,55,55,27,25,25,14,14,14,14,50,55,55,76,67,74,74,51,51,51,0],"gold":142,"neow_bonus":"","is_prod":false,"is_daily":false,"chose_seed":false,"campfire_upgraded":3,"win_rate":0,"timestamp":1532851150,"path_taken":["M","M","M","M","M","R","E","R","T","R","?","E","M","?","R","BOSS","M","$","?","M","M","M","?","M","T","M","?","R","M","M","R","BOSS","M","M","$","M","M"],"build_version":"2018-07-26","purchased_purges":1,"victory":false,"max_hp_per_floor":[71,71,71,71,71,71,71,71,71,71,71,71,71,71,71,71,71,71,71,71,71,71,71,71,71,71,71,71,71,76,76,76,76,76,76,76,76,76,76],"card_choices":[{"not_picked":["Force Field","Double Energy"],"picked":"Hologram","floor":1},{"not_picked":["Static Discharge","Go for the Eyes"],"picked":"Consume","floor":2},{"not_picked":["Stack","Rebound"],"picked":"Reinforced Body","floor":3},{"not_picked":["Reinforced Body","Coolheaded"],"picked":"Compile Driver","floor":4},{"not_picked":["Chaos","Sweeping Beam"],"picked":"Conserve Battery","floor":5},{"not_picked":["Seek","Static Discharge"],"picked":"Creative AI","floor":7},{"not_picked":["Ball Lightning","Biased Cognition"],"picked":"Coolheaded","floor":12},{"not_picked":["Turbo","Darkness","Aggregate"],"picked":"SKIP","floor":13},{"not_picked":["Core Surge","All For One"],"picked":"Electrodynamics+1","floor":16},{"not_picked":["Sweeping Beam","Reinforced Body","Streamline"],"picked":"SKIP","floor":18},{"not_picked":["Loop+1","Undo"],"picked":"Capacitor+1","floor":21},{"not_picked":["White Noise","Steam","Sweeping Beam"],"picked":"SKIP","floor":22},{"not_picked":["White Noise","Sweeping Beam"],"picked":"Steam","floor":22},{"not_picked":["White Noise+1","Leap","Streamline"],"picked":"SKIP","floor":23},{"not_picked":["Scrape","Creative AI+1"],"picked":"Force Field+1","floor":25},{"not_picked":["Beam Cell","Capacitor+1"],"picked":"BootSequence+1","floor":27},{"not_picked":["Gash","Barrage","Steam"],"picked":"SKIP","floor":30},{"not_picked":["Leap+1","Beam Cell","Redo"],"picked":"SKIP","floor":31},{"not_picked":["Core Surge","Buffer+1"],"picked":"Seek","floor":33},{"not_picked":["Loop+1","Streamline+1","Compile Driver+1"],"picked":"SKIP","floor":35},{"not_picked":["Stack","Rebound+1","Conserve Battery+1"],"picked":"SKIP","floor":36},{"not_picked":["Ball Lightning","Go for the Eyes"],"picked":"Chill+1","floor":38}],"player_experience":878211,"relics_obtained":[{"floor":7,"key":"Whetstone"},{"floor":9,"key":"Matryoshka"},{"floor":12,"key":"Frozen Egg 2"},{"floor":26,"key":"Anchor"},{"floor":26,"key":"Regal Pillow"}],"event_choices":[{"event_name":"Living Wall","player_choice":"Grow","floor":11,"damage_taken":0},{"event_name":"Big Fish","player_choice":"Banana","floor":14,"damage_taken":0},{"event_name":"Match and Keep!","player_choice":"2 cards matched","floor":20,"damage_taken":0},{"event_name":"Drug Dealer","player_choice":"Ignored","floor":24,"damage_taken":0},{"event_name":"Forgotten Altar","player_choice":"Smashed Altar","floor":28,"damage_taken":0}],"is_beta":true,"boss_relics":[{"not_picked":["Orrery","Busted Crown"],"picked":"Fusion Hammer"},{"not_picked":["Cursed Key","Nuclear Battery"],"picked":"Empty Cage"}],"items_purged_floors":[37],"is_endless":false,"potions_floor_spawned":[3,4,5,7,13,18,21,27,31,33,36],"killed_by":"Transient","ascension_level":15}