{"gold_per_floor":[109,24,39,59,75,75,100,112,112,112,129,159,159],"floor_reached":13,"playtime":503,"items_purged":[],"score":194,"play_id":"52236a5f-c889-4b07-ae05-820fc92fe684","local_time":"20190114031504","is_ascension_mode":true,"campfire_choices":[{"data":"Bash","floor":6,"key":"SMITH"},{"data":"Armaments","floor":10,"key":"SMITH"}],"neow_cost":"NONE","seed_source_timestamp":622697100742726,"circlet_count":0,"master_deck":["AscendersBane","Strike_R+1","Strike_R","Strike_R","Strike_R+1","Strike_R","Defend_R","Defend_R","Defend_R","Defend_R","Bash+1","Battle Trance","Combust","Spot Weakness","Shrug It Off","Armaments+1","Sword Boomerang","Battle Trance","Fiend Fire"],"relics":["Burning Blood","Potion Belt","Whetstone","Matryoshka","Gremlin Horn"],"potions_floor_usage":[7,12],"damage_taken":[{"damage":2,"enemies":"Cultist","floor":1,"turns":4},{"damage":12,"enemies":"Jaw Worm","floor":3,"turns":4},{"damage":4,"enemies":"Small Slimes","floor":4,"turns":4},{"damage":5,"enemies":"Blue Slaver","floor":5,"turns":4},{"damage":42,"enemies":"Gremlin Nob","floor":7,"turns":4},{"damage":5,"enemies":"Large Slime","floor":8,"turns":5},{"damage":11,"enemies":"Exordium Thugs","floor":11,"turns":4},{"damage":27,"enemies":"3 Sentries","floor":12,"turns":7},{"damage":10,"enemies":"Lots of Slimes","floor":13,"turns":2}],"seed_played":"-5397834252691634731","potions_obtained":[{"floor":1,"key":"GamblersBrew"},{"floor":3,"key":"EssenceOfSteel"},{"floor":8,"key":"FearPotion"}],"is_trial":false,"path_per_floor":["M","$","M","M","M","R","E","M","T","R","M","E","M"],"character_chosen":"IRONCLAD","items_purchased":["Combust"],"campfire_rested":0,"item_purchase_floors":[2],"current_hp_per_floor":[72,72,66,68,69,69,33,34,34,34,29,8,0],"gold":159,"neow_bonus":"RANDOM_COMMON_RELIC","is_prod":false,"is_daily":false,"chose_seed":false,"campfire_upgraded":2,"win_rate":0,"timestamp":1547464504,"path_taken":["M","?","M","M","M","R","E","M","T","R","M","E","M"],"build_version":"2019-01-10","purchased_purges":0,"victory":false,"max_hp_per_floor":[75,75,75,75,75,75,75,75,75,75,75,75,75],"card_choices":[{"not_picked":["Cleave","Warcry"],"picked":"Battle Trance","floor":1},{"not_picked":["Heavy Blade","Ghostly Armor"],"picked":"Spot Weakness","floor":3},{"not_picked":["Corruption","Flex"],"picked":"Shrug It Off","floor":4},{"not_picked":["Thunderclap","Cleave","Flex"],"picked":"SKIP","floor":5},{"not_picked":["Bloodletting","Dual Wield"],"picked":"Armaments","floor":7},{"not_picked":["Spot Weakness","Perfected Strike"],"picked":"Sword Boomerang","floor":8},{"not_picked":["Whirlwind","Body Slam"],"picked":"Battle Trance","floor":11},{"not_picked":["Searing Blow","Thunderclap"],"picked":"Fiend Fire","floor":12}],"player_experience":1186134,"relics_obtained":[{"floor":7,"key":"Whetstone"},{"floor":9,"key":"Matryoshka"},{"floor":12,"key":"Gremlin Horn"}],"event_choices":[],"is_beta":true,"boss_relics":[],"items_purged_floors":[],"is_endless":false,"potions_floor_spawned":[1,3,8],"killed_by":"Lots of Slimes","ascension_level":20}