{"gold_per_floor":[116,128,142,63,75,75,93,120,120,120,4,4,14,64,64,137,137,137,137,137,7,7,7,7,7,7,7,7,7,7,7,7,7],"floor_reached":33,"playtime":1599,"items_purged":["Strike_R","Strike_R"],"score":520,"play_id":"217a9e86-8186-43c0-9144-4f7380fe3ada","local_time":"20190312180904","is_ascension_mode":true,"campfire_choices":[{"data":"Inflame","floor":6,"key":"SMITH"},{"data":"Bash","floor":10,"key":"SMITH"},{"data":"Immolate","floor":12,"key":"SMITH"},{"floor":15,"key":"REST"},{"data":"Armaments","floor":24,"key":"SMITH"},{"data":"Corruption","floor":29,"key":"SMITH"},{"data":"Uppercut","floor":32,"key":"SMITH"}],"neow_cost":"TEN_PERCENT_HP_LOSS","seed_source_timestamp":225963736379293,"circlet_count":0,"master_deck":["AscendersBane","Strike_R","Strike_R","Strike_R","Defend_R","Defend_R","Defend_R","Defend_R","Bash+1","Immolate+1","Pommel Strike","Iron Wave","Inflame+1","Thunderclap","Burning Pact","Inflame","Anger","Offering","True Grit","Shrug It Off","Ghostly","Ghostly","Ghostly","Armaments+1","Uppercut+1","Intimidate+1","Immolate","Corruption+1","Ghostly Armor"],"relics":["Burning Blood","FossilizedHelix","Happy Flower","Ectoplasm","Vajra","Pantograph","Self Forming Clay"],"potions_floor_usage":[5,8,18,19,27,30,31],"damage_taken":[{"damage":6,"enemies":"Cultist","floor":1,"turns":3},{"damage":0,"enemies":"Small Slimes","floor":2,"turns":2},{"damage":7,"enemies":"Jaw Worm","floor":3,"turns":2},{"damage":0,"enemies":"3 Louse","floor":5,"turns":2},{"damage":12,"enemies":"Looter","floor":7,"turns":3},{"damage":27,"enemies":"Gremlin Nob","floor":8,"turns":4},{"damage":20,"enemies":"Lots of Slimes","floor":13,"turns":3},{"damage":30,"enemies":"Hexaghost","floor":16,"turns":6},{"damage":21,"enemies":"3 Byrds","floor":18,"turns":4},{"damage":0,"enemies":"Spheric Guardian","floor":19,"turns":3},{"damage":7,"enemies":"Slavers","floor":23,"turns":2},{"damage":10,"enemies":"3 Cultists","floor":25,"turns":4},{"damage":0,"enemies":"Centurion and Healer","floor":27,"turns":4},{"damage":2,"enemies":"Gremlin Leader","floor":28,"turns":5},{"damage":5,"enemies":"Snake Plant","floor":30,"turns":4},{"damage":0,"enemies":"3 Cultists","floor":31,"turns":2},{"damage":40,"enemies":"Automaton","floor":33,"turns":6}],"seed_played":"-6937527213319950483","potions_obtained":[{"floor":2,"key":"SkillPotion"},{"floor":7,"key":"LiquidBronze"},{"floor":13,"key":"Explosive Potion"},{"floor":18,"key":"AttackPotion"},{"floor":25,"key":"AttackPotion"},{"floor":28,"key":"AttackPotion"},{"floor":30,"key":"Fire Potion"}],"is_trial":false,"path_per_floor":["M","M","M","$","M","R","M","E","T","R","$","R","M","?","R","B",null,"M","M","?","$","?","E","R","M","T","M","E","R","M","M","R","B"],"character_chosen":"IRONCLAD","items_purchased":["Inflame","Inflame","Armaments"],"campfire_rested":1,"item_purchase_floors":[4,11,21],"current_hp_per_floor":[68,68,67,67,68,68,62,41,41,41,41,41,27,21,41,17,55,40,46,34,34,34,33,33,29,29,34,34,34,34,34,34,0],"gold":7,"neow_bonus":"THREE_RARE_CARDS","is_prod":false,"is_daily":false,"chose_seed":false,"campfire_upgraded":6,"win_rate":0,"timestamp":1552410544,"path_taken":["M","M","M","$","?","R","M","E","T","R","?","R","M","?","R","BOSS","M","M","?","$","?","E","R","M","T","M","E","R","M","M","R","BOSS"],"build_version":"2019-02-06","purchased_purges":2,"victory":false,"max_hp_per_floor":[68,68,68,68,68,68,68,68,68,68,68,68,68,68,68,68,68,68,68,34,34,34,34,34,34,34,34,34,34,34,34,34,34],"card_choices":[{"not_picked":["Fiend Fire","Berserk"],"picked":"Immolate","floor":0},{"not_picked":["Body Slam","Rampage"],"picked":"Pommel Strike","floor":1},{"not_picked":["Twin Strike","Thunderclap"],"picked":"Iron Wave","floor":2},{"not_picked":["Heavy Blade","Wild Strike","Havoc"],"picked":"SKIP","floor":3},{"not_picked":["Reckless Charge","Flex","Brutality"],"picked":"SKIP","floor":5},{"not_picked":["Sentinel","Flex"],"picked":"Thunderclap","floor":7},{"not_picked":["Heavy Blade","Clash"],"picked":"Burning Pact","floor":8},{"not_picked":["Iron Wave","Twin Strike"],"picked":"Anger","floor":13},{"not_picked":["Immolate","Double Tap"],"picked":"Offering","floor":16},{"not_picked":["Clash+1","Twin Strike"],"picked":"True Grit","floor":18},{"not_picked":["Searing Blow","Havoc"],"picked":"Shrug It Off","floor":19},{"not_picked":["Whirlwind","Entrench"],"picked":"Intimidate+1","floor":23},{"not_picked":["Evolve","Sword Boomerang"],"picked":"Immolate","floor":25},{"not_picked":["Rage","Fire Breathing","Thunderclap"],"picked":"SKIP","floor":27},{"not_picked":["Warcry","Iron Wave"],"picked":"Corruption","floor":28},{"not_picked":["Sentinel","Armaments","Warcry"],"picked":"SKIP","floor":30},{"not_picked":["Perfected Strike","Flex"],"picked":"Ghostly Armor","floor":31}],"player_experience":213861,"relics_obtained":[{"floor":8,"key":"FossilizedHelix"},{"floor":9,"key":"Happy Flower"},{"floor":23,"key":"Vajra"},{"floor":26,"key":"Pantograph"},{"floor":28,"key":"Self Forming Clay"}],"event_choices":[{"damage_healed":0,"gold_gain":50,"player_choice":"Touch","damage_taken":6,"max_hp_gain":0,"max_hp_loss":0,"event_name":"FaceTrader","floor":14,"gold_loss":0},{"damage_healed":0,"gold_gain":0,"player_choice":"Became a Ghost","damage_taken":0,"max_hp_gain":0,"max_hp_loss":34,"event_name":"Ghosts","floor":20,"gold_loss":0,"cards_obtained":["Ghostly","Ghostly","Ghostly"]},{"damage_healed":0,"gold_gain":0,"player_choice":"Read","damage_taken":0,"max_hp_gain":0,"max_hp_loss":0,"event_name":"The Library","floor":22,"gold_loss":0,"cards_obtained":["Uppercut"]}],"is_beta":true,"boss_relics":[{"not_picked":["Runic Cube","Runic Pyramid"],"picked":"Ectoplasm"}],"items_purged_floors":[11,21],"is_endless":false,"potions_floor_spawned":[2,7,13,18,25,28,30],"killed_by":"Automaton","ascension_level":16}