{"gold_per_floor":[218,218,188,204,23,23,50,50,50,84,84,100,127,127,127,230,230,245,245,257,275,275,305,329,329,412,430,430,450,45,73,73,168,168,187,211,211,211,227,227,255,255,279,289,316,334,366,366,366,366],"floor_reached":51,"playtime":3990,"items_purged":["Regret","Defend_B"],"score":1115,"play_id":"239a027c-e47e-4b71-83c2-befd9aaf5632","local_time":"20190501020611","is_ascension_mode":true,"campfire_choices":[{"data":"Streamline","floor":6.0,"key":"SMITH"},{"data":"Zap","floor":8.0,"key":"SMITH"},{"data":"Darkness","floor":11.0,"key":"SMITH"},{"floor":15.0,"key":"REST"},{"data":"Glacier","floor":28,"key":"SMITH"},{"floor":32,"key":"REST"},{"floor":40,"key":"REST"},{"data":"Defragment","floor":42,"key":"SMITH"},{"data":"Capacitor","floor":49,"key":"SMITH"}],"neow_cost":"NONE","seed_source_timestamp":31525302710308,"circlet_count":0,"master_deck":["Defend_B+1","Defend_B","Zap+1","Dualcast","Streamline+1","Cold Snap","Capacitor+1","Darkness+1","Sweeping Beam","Sunder+1","Cold Snap+1","Biased Cognition+1","Defragment+1","Beam Cell+1","Stack+1","Bite+1","Bite+1","Bite+1","Bite+1","Bite+1","Sweeping Beam+1","Ball Lightning+1","Doom and Gloom+1","Cold Snap+1","Steam Power","Glacier+1","Self Repair+1","Panache","Core Surge+1","Redo+1","Darkness+1","Flash of Steel+1","Flash of Steel+1","Mind Blast+1","Redo+1","Defragment","Consume+1","Coolheaded+1","Double Energy+1","Steam+1","Compile Driver+1","Barrage+1"],"special_seed":0,"relics":["FrozenCore","Mummified Hand","Prayer Wheel","Molten Egg 2","War Paint","Orichalcum","Sozu","Centennial Puzzle","Boot","Vajra","Tiny Chest","Membership Card","Happy Flower","DataDisk","Dream Catcher","Potion Belt","Bag of Preparation","Juzu Bracelet","PreservedInsect"],"potions_floor_usage":[23],"damage_taken":[{"damage":3.0,"enemies":"Small Slimes","floor":1.0,"turns":3.0},{"damage":0.0,"enemies":"2 Louse","floor":4.0,"turns":3.0},{"damage":23.0,"enemies":"3 Sentries","floor":7.0,"turns":7.0},{"damage":8.0,"enemies":"Gremlin Nob","floor":10.0,"turns":3.0},{"damage":0.0,"enemies":"Cultist","floor":12.0,"turns":2.0},{"damage":13.0,"enemies":"Lagavulin","floor":13.0,"turns":7.0},{"damage":9.0,"enemies":"Hexaghost","floor":16.0,"turns":9.0},{"damage":4.0,"enemies":"Chosen","floor":18.0,"turns":4.0},{"damage":9.0,"enemies":"3 Byrds","floor":20.0,"turns":4.0},{"damage":0.0,"enemies":"Snecko","floor":21.0,"turns":3.0},{"damage":24,"enemies":"Slavers","floor":23,"turns":6},{"damage":22,"enemies":"Snake Plant","floor":27,"turns":4},{"damage":5,"enemies":"3 Cultists","floor":29,"turns":3},{"damage":9,"enemies":"Book of Stabbing","floor":31,"turns":4},{"damage":24,"enemies":"Collector","floor":33,"turns":8},{"damage":4,"enemies":"Orb Walker","floor":35,"turns":3},{"damage":13,"enemies":"3 Darklings","floor":39,"turns":3},{"damage":5,"enemies":"Nemesis","floor":41,"turns":5},{"damage":0,"enemies":"Transient","floor":44,"turns":5},{"damage":0,"enemies":"Giant Head","floor":45,"turns":8},{"damage":6,"enemies":"Sphere and 2 Shapes","floor":46,"turns":4},{"damage":15,"enemies":"Nemesis","floor":47,"turns":4},{"damage":10,"enemies":"Time Eater","floor":50,"turns":12}],"seed_played":"-8789403400691748358","potions_obtained":[{"floor":3.0,"key":"Strength Potion"},{"floor":3.0,"key":"SneckoOil"},{"floor":7.0,"key":"SkillPotion"},{"floor":10.0,"key":"SteroidPotion"},{"floor":12.0,"key":"SneckoOil"},{"floor":13.0,"key":"AttackPotion"},{"floor":16.0,"key":"Dexterity Potion"}],"is_trial":false,"path_per_floor":["M","?","?","M","$","R","E","R","T","E","R","M","E","?","R","B",null,"M","?","M","M","?","E","T","?","T","M","R","M","$","E","R","B",null,"M","T","?","?","M","R","E","R","T","M","E","M","E","?","R","B",null],"character_chosen":"DEFECT","items_purchased":["Capacitor","Darkness","Membership Card","Happy Flower","Panache"],"campfire_rested":3,"item_purchase_floors":[5,5,30,30,30],"current_hp_per_floor":[65,65,65,65,65,65,42,42,42,34,34,34,21,6,28,19,61,57,52,46,52,52,37,37,37,37,27,27,31,31,35,50,52,52,52,52,42,42,32,47,52,52,52,52,52,52,50,62,62,58],"gold":366,"neow_bonus":"HUNDRED_GOLD","is_prod":false,"is_daily":false,"chose_seed":false,"campfire_upgraded":6,"win_rate":0,"timestamp":1556669171,"path_taken":["M","?","?","?","$","R","E","R","T","E","R","M","E","?","R","BOSS","M","?","M","M","?","E","?","?","T","?","R","M","$","E","R","BOSS","M","?","?","?","M","R","E","R","T","M","E","M","E","?","R","BOSS"],"build_version":"2019-04-23","purchased_purges":2,"victory":true,"max_hp_per_floor":[75,75,75,75,75,75,75,75,75,75,75,75,75,75,75,75,75,75,52,52,52,52,52,52,52,52,52,52,52,52,52,52,52,52,52,52,52,52,52,52,52,52,52,52,52,52,52,62,62,62],"card_choices":[{"not_picked":["Rebound","Redo"],"picked":"Streamline","floor":1.0},{"not_picked":["FTL","Coolheaded"],"picked":"Cold Snap","floor":4.0},{"not_picked":["Hologram","Blizzard"],"picked":"Sweeping Beam","floor":7.0},{"not_picked":["Double Energy","Recycle"],"picked":"Sunder+1","floor":10.0},{"not_picked":["Redo","Barrage+1"],"picked":"Cold Snap+1","floor":12.0},{"not_picked":["Conserve Battery","Steam"],"picked":"Biased Cognition","floor":12.0},{"not_picked":["Sweeping Beam+1","White Noise"],"picked":"Defragment","floor":13.0},{"not_picked":["Biased Cognition","Machine Learning"],"picked":"Hyperbeam+1","floor":16.0},{"not_picked":["Hologram","Gash+1"],"picked":"Beam Cell+1","floor":18.0},{"not_picked":["Capacitor","Go for the Eyes+1"],"picked":"Stack+1","floor":18.0},{"not_picked":["Go for the Eyes+1","Ball Lightning+1"],"picked":"Sweeping Beam+1","floor":20.0},{"not_picked":["Compile Driver+1","Leap"],"picked":"Ball Lightning+1","floor":20.0},{"not_picked":["Hyperbeam+1","Stack"],"picked":"Doom and Gloom+1","floor":21.0},{"not_picked":["Turbo+1","Blizzard+1"],"picked":"Cold Snap+1","floor":21.0},{"not_picked":["Gash+1","Go for the Eyes+1","Heatsinks"],"picked":"SKIP","floor":23},{"not_picked":["Tempest+1","Reprogram+1"],"picked":"Steam Power","floor":27},{"not_picked":["Coolheaded","Beam Cell+1"],"picked":"Glacier","floor":27},{"not_picked":["Turbo","Compile Driver+1"],"picked":"Self Repair+1","floor":29},{"not_picked":["Doom and Gloom+1","Sweeping Beam+1","Stack"],"picked":"SKIP","floor":29},{"not_picked":["Sweeping Beam+1","Scrape+1","Hello World+1"],"picked":"SKIP","floor":31},{"not_picked":["Buffer","Reboot"],"picked":"Core Surge+1","floor":33},{"not_picked":["Scrape+1","Conserve Battery+1"],"picked":"Redo+1","floor":35},{"not_picked":["Tempest","Conserve Battery"],"picked":"Darkness+1","floor":35},{"not_picked":["Jack Of All Trades","Dramatic Entrance+1"],"picked":"Flash of Steel+1","floor":37},{"not_picked":["Swift Strike+1","Bandage Up"],"picked":"Flash of Steel+1","floor":37},{"not_picked":["Enlightenment","Apotheosis"],"picked":"Mind Blast+1","floor":37},{"not_picked":["Self Repair+1","Cold Snap+1"],"picked":"Redo+1","floor":39},{"not_picked":["Go for the Eyes+1","Gash+1","Sweeping Beam+1"],"picked":"SKIP","floor":39},{"not_picked":["Gash+1","Barrage+1"],"picked":"Defragment","floor":40},{"not_picked":["Turbo","Hologram"],"picked":"Consume+1","floor":41},{"not_picked":["Turbo","Cold Snap+1"],"picked":"Coolheaded+1","floor":44},{"not_picked":["Sweeping Beam+1","Gash+1"],"picked":"Double Energy+1","floor":44},{"not_picked":["White Noise","Rip and Tear+1","Thunder Strike+1"],"picked":"SKIP","floor":45},{"not_picked":["Ball Lightning+1","Turbo+1"],"picked":"Steam+1","floor":46},{"not_picked":["Redo","Go for the Eyes+1"],"picked":"Compile Driver+1","floor":46},{"not_picked":["Multi-Cast","Stack"],"picked":"Barrage+1","floor":47}],"player_experience":527821,"relics_obtained":[{"floor":7.0,"key":"Prayer Wheel"},{"floor":9.0,"key":"Molten Egg 2"},{"floor":10.0,"key":"War Paint"},{"floor":13.0,"key":"Orichalcum"},{"floor":23,"key":"Boot"},{"floor":24,"key":"Vajra"},{"floor":26,"key":"Tiny Chest"},{"floor":31,"key":"DataDisk"},{"floor":36,"key":"Dream Catcher"},{"floor":41,"key":"Potion Belt"},{"floor":43,"key":"Bag of Preparation"},{"floor":45,"key":"Juzu Bracelet"},{"floor":47,"key":"PreservedInsect"}],"event_choices":[{"damage_healed":0.0,"max_hp_gain":0.0,"max_hp_loss":0.0,"gold_gain":0.0,"event_name":"Big Fish","player_choice":"Box","floor":2.0,"gold_loss":0.0,"damage_taken":0.0,"relics_obtained":["Mummified Hand"],"cards_obtained":["Regret"]},{"damage_healed":0.0,"max_hp_gain":0.0,"max_hp_loss":0.0,"gold_gain":0.0,"event_name":"The Woman in Blue","player_choice":"Bought 2 Potions","floor":3.0,"gold_loss":0.0,"damage_taken":0.0},{"damage_healed":0.0,"max_hp_gain":0.0,"max_hp_loss":0.0,"gold_gain":0.0,"event_name":"Shining Light","player_choice":"Entered Light","floor":14.0,"gold_loss":0.0,"damage_taken":15.0,"cards_upgraded":["Biased Cognition","Strike_B"]},{"damage_healed":0.0,"max_hp_gain":0.0,"max_hp_loss":23.0,"gold_gain":0.0,"event_name":"Vampires","player_choice":"Became a vampire","floor":19.0,"gold_loss":0.0,"damage_taken":0.0,"cards_obtained":["Bite","Bite","Bite","Bite","Bite"]},{"damage_healed":0,"gold_gain":0,"player_choice":"Opened","damage_taken":0,"relics_obtained":["Centennial Puzzle"],"max_hp_gain":0,"max_hp_loss":0,"event_name":"The Mausoleum","floor":22,"gold_loss":0,"cards_obtained":["Writhe"]},{"cards_removed":["Writhe"],"damage_healed":0,"gold_gain":0,"player_choice":"Purged","damage_taken":0,"max_hp_gain":0,"max_hp_loss":0,"event_name":"Purifier","floor":25,"gold_loss":0},{"damage_healed":0,"gold_gain":0,"player_choice":"Memory 3","damage_taken":10,"max_hp_gain":0,"max_hp_loss":0,"event_name":"SensoryStone","floor":37,"gold_loss":0},{"cards_removed":["Defend_B"],"damage_healed":0,"gold_gain":0,"player_choice":"Removed Skill","damage_taken":0,"max_hp_gain":0,"max_hp_loss":0,"event_name":"Falling","floor":38,"gold_loss":0},{"cards_removed":["Hyperbeam"],"damage_healed":2,"gold_gain":0,"player_choice":"Offered Rare","damage_taken":0,"max_hp_gain":10,"max_hp_loss":0,"event_name":"Bonfire Elementals","floor":48,"gold_loss":0}],"is_beta":true,"boss_relics":[{"not_picked":["Fusion Hammer","Snecko Eye"],"picked":"Sozu"},{"not_picked":["Busted Crown","Black Star"],"picked":"FrozenCore"}],"items_purged_floors":[5,30],"is_endless":false,"potions_floor_spawned":[7,10,12,13,16,21,23,29,31,35,46,47],"ascension_level":7}