{"gold_per_floor":[217,227,152,152,162,162,179,213,240,255,271,271,283,283],"floor_reached":14,"playtime":479,"items_purged":["Strike_R"],"score":188,"play_id":"2c41646a-466e-4660-9389-7f1bd95ba6e7","local_time":"20190206153538","is_ascension_mode":true,"campfire_choices":[{"data":"Searing Blow","floor":6,"key":"SMITH"},{"data":"Searing Blow+1","floor":12,"key":"SMITH"}],"neow_cost":"NONE","seed_source_timestamp":2654354443585715,"circlet_count":0,"master_deck":["AscendersBane","Strike_R","Strike_R","Strike_R","Strike_R","Defend_R+1","Defend_R","Defend_R","Defend_R","Bash","Armaments","Searing Blow+2","Rampage","Shockwave+1","Dual Wield"],"relics":["Burning Blood","War Paint","Orichalcum"],"potions_floor_usage":[7,8,10],"damage_taken":[{"damage":16,"enemies":"Jaw Worm","floor":1,"turns":4},{"damage":14,"enemies":"Cultist","floor":2,"turns":5},{"damage":3,"enemies":"2 Louse","floor":5,"turns":3},{"damage":27,"enemies":"Large Slime","floor":7,"turns":8},{"damage":18,"enemies":"Gremlin Nob","floor":8,"turns":4},{"damage":0,"enemies":"Lots of Slimes","floor":10,"turns":2},{"damage":2,"enemies":"2 Fungi Beasts","floor":11,"turns":4},{"damage":18,"enemies":"3 Louse","floor":13,"turns":5},{"damage":19,"enemies":"Large Slime","floor":14,"turns":3}],"seed_played":"8586566402542918109","potions_obtained":[{"floor":1,"key":"Ancient Potion"},{"floor":2,"key":"Energy Potion"},{"floor":8,"key":"Explosive Potion"},{"floor":13,"key":"Explosive Potion"}],"is_trial":false,"path_per_floor":["M","M","$","?","M","R","M","E","T","M","M","R","M","M"],"character_chosen":"IRONCLAD","items_purchased":[],"campfire_rested":0,"item_purchase_floors":[],"current_hp_per_floor":[58,50,50,50,53,53,32,20,20,26,30,30,18,0],"gold":283,"neow_bonus":"HUNDRED_GOLD","is_prod":false,"is_daily":false,"chose_seed":false,"campfire_upgraded":2,"win_rate":0,"timestamp":1549496138,"path_taken":["M","M","$","?","M","R","?","E","T","M","M","R","?","M"],"build_version":"2019-01-23","purchased_purges":1,"victory":false,"max_hp_per_floor":[75,75,75,75,75,75,75,75,75,75,75,75,75,75],"card_choices":[{"not_picked":["Seeing Red","Burning Pact"],"picked":"Armaments","floor":1},{"not_picked":["Iron Wave","Anger"],"picked":"Searing Blow","floor":2},{"not_picked":["Flex","Rupture"],"picked":"Rampage","floor":5},{"not_picked":["Ghostly Armor","Flame Barrier"],"picked":"Shockwave","floor":7},{"not_picked":["Perfected Strike","Heavy Blade","Pummel"],"picked":"SKIP","floor":8},{"not_picked":["Thunderclap","Clash","Dark Embrace"],"picked":"SKIP","floor":10},{"not_picked":["Havoc","Cleave","Heavy Blade"],"picked":"SKIP","floor":11},{"not_picked":["Havoc","Corruption"],"picked":"Dual Wield","floor":13}],"player_experience":1220241,"relics_obtained":[{"floor":8,"key":"War Paint"},{"floor":9,"key":"Orichalcum"}],"event_choices":[{"damage_healed":0,"gold_gain":0,"player_choice":"0 cards matched","damage_taken":0,"max_hp_gain":0,"max_hp_loss":0,"event_name":"Match and Keep!","floor":4,"gold_loss":0,"cards_obtained":[]}],"is_beta":true,"boss_relics":[],"items_purged_floors":[3],"is_endless":false,"potions_floor_spawned":[1,2,8,13],"killed_by":"Large Slime","ascension_level":20}