{"gold_per_floor":[116,130,33,33,33,33,33,68,68,84,84,84,104,136,136,212,212,224,71,71,71,83,83,100,100,127,146,146,173,189,22,22,22],"floor_reached":33,"playtime":2431,"items_purged":["Strike_B"],"score":596,"play_id":"74d43491-44f0-4e75-a721-4e4863995d3c","local_time":"20190518122454","is_ascension_mode":true,"campfire_choices":[{"floor":6.0,"key":"REST"},{"data":"Flash of Steel","floor":11.0,"key":"SMITH"},{"data":"Dualcast","floor":15.0,"key":"SMITH"},{"floor":23.0,"key":"REST"},{"floor":28.0,"key":"REST"},{"floor":32,"key":"REST"}],"neow_cost":"NONE","seed_source_timestamp":292732893680800,"circlet_count":0,"master_deck":["AscendersBane","Strike_B+1","Strike_B","Strike_B","Defend_B","Defend_B","Defend_B","Defend_B","Zap+1","Dualcast+1","Gash","Coolheaded+1","Flash of Steel+1","FTL","Reinforced Body","Go for the Eyes","Cold Snap","Machine Learning","Defragment","FTL","Necronomicurse","Gash","Beam Cell","BootSequence","Gash+1","Undo"],"special_seed":0,"relics":["Lizard Tail","Orichalcum","Gremlin Horn","Kunai","Gambling Chip","Nuclear Battery","Necronomicon","MutagenicStrength","Pen Nib","Symbiotic Virus","Bronze Scales"],"potions_floor_usage":[30],"damage_taken":[{"damage":14.0,"enemies":"2 Louse","floor":1.0,"turns":3.0},{"damage":2.0,"enemies":"Jaw Worm","floor":2.0,"turns":4.0},{"damage":12.0,"enemies":"3 Sentries","floor":8.0,"turns":8.0},{"damage":0.0,"enemies":"Small Slimes","floor":10.0,"turns":2.0},{"damage":0.0,"enemies":"3 Louse","floor":13.0,"turns":2.0},{"damage":0.0,"enemies":"Gremlin Nob","floor":14.0,"turns":4.0},{"damage":24.0,"enemies":"Hexaghost","floor":16.0,"turns":13.0},{"damage":10.0,"enemies":"2 Thieves","floor":18.0,"turns":4.0},{"damage":0.0,"enemies":"Chosen","floor":22.0,"turns":6.0},{"damage":18.0,"enemies":"Centurion and Healer","floor":24.0,"turns":8.0},{"damage":14.0,"enemies":"Shelled Parasite and Fungi","floor":27.0,"turns":6.0},{"damage":77.0,"enemies":"Slavers","floor":29.0,"turns":12.0},{"damage":6,"enemies":"Snecko","floor":30,"turns":4},{"damage":41,"enemies":"Automaton","floor":33,"turns":10}],"seed_played":"-5780231559016225328","potions_obtained":[{"floor":2.0,"key":"SteroidPotion"},{"floor":8.0,"key":"AttackPotion"},{"floor":13.0,"key":"FocusPotion"},{"floor":29.0,"key":"FocusPotion"}],"is_trial":false,"path_per_floor":["M","M","$","?","?","R","?","E","T","M","R","?","M","E","R","B",null,"M","$","?","$","M","R","M","?","T","M","R","E","M","$","R","B"],"character_chosen":"DEFECT","items_purchased":["Flash of Steel","FTL","Bronze Scales"],"campfire_rested":4,"item_purchase_floors":[3,19,31],"current_hp_per_floor":[50,48,48,37,16,37,37,25,25,25,25,25,25,25,25,1,54,44,44,23,23,23,44,26,26,26,12,33,8,2,2,23,0],"gold":22,"neow_bonus":"BOSS_RELIC","is_prod":false,"is_daily":false,"chose_seed":false,"campfire_upgraded":2,"win_rate":0,"timestamp":1558207494,"path_taken":["M","M","$","?","?","R","?","E","T","M","R","?","M","E","R","BOSS","M","$","?","$","M","R","M","?","T","M","R","E","M","?","R","BOSS"],"build_version":"2019-05-07","purchased_purges":1,"victory":false,"max_hp_per_floor":[71,71,71,71,71,71,71,71,71,71,71,71,71,71,71,71,71,71,71,71,71,71,71,71,71,71,71,71,71,71,71,71,71],"card_choices":[{"not_picked":["Turbo","Barrage"],"picked":"Gash","floor":1.0},{"not_picked":["Skim","Double Energy"],"picked":"Coolheaded","floor":2.0},{"not_picked":["Turbo","Darkness"],"picked":"FTL","floor":8.0},{"not_picked":["Static Discharge","Hologram"],"picked":"Reinforced Body","floor":10.0},{"not_picked":["Stack","Hologram"],"picked":"Go for the Eyes","floor":13.0},{"not_picked":["Conserve Battery","BootSequence"],"picked":"Cold Snap","floor":14.0},{"not_picked":["Amplify","Thunder Strike"],"picked":"Machine Learning","floor":16.0},{"not_picked":["Rebound","Streamline"],"picked":"Defragment","floor":18.0},{"not_picked":["Hologram+1","Coolheaded"],"picked":"Gash","floor":22.0},{"not_picked":["Conserve Battery","Coolheaded"],"picked":"Beam Cell","floor":24.0},{"not_picked":["Steam Power","Ball Lightning"],"picked":"BootSequence","floor":27.0},{"not_picked":["Hyperbeam","Hologram"],"picked":"Gash+1","floor":29.0},{"not_picked":["Double Energy","Redo"],"picked":"Undo","floor":30}],"player_experience":3452200,"relics_obtained":[{"floor":8.0,"key":"Gremlin Horn"},{"floor":9.0,"key":"Kunai"},{"floor":14.0,"key":"Gambling Chip"},{"floor":20.0,"key":"Necronomicon"},{"floor":26.0,"key":"Pen Nib"},{"floor":29.0,"key":"Symbiotic Virus"}],"event_choices":[{"damage_healed":0.0,"max_hp_gain":0.0,"max_hp_loss":0.0,"gold_gain":0.0,"event_name":"Scrap Ooze","player_choice":"Success","floor":4.0,"gold_loss":0.0,"damage_taken":11.0,"relics_obtained":["Orichalcum"]},{"damage_healed":0.0,"max_hp_gain":0.0,"max_hp_loss":0.0,"gold_gain":0.0,"event_name":"Shining Light","player_choice":"Entered Light","floor":5.0,"gold_loss":0.0,"damage_taken":21.0,"cards_upgraded":["Strike_B","Coolheaded"]},{"damage_healed":0.0,"max_hp_gain":0.0,"max_hp_loss":0.0,"gold_gain":0.0,"event_name":"Living Wall","player_choice":"Grow","floor":7.0,"gold_loss":0.0,"damage_taken":0.0,"cards_upgraded":["Zap"]},{"damage_healed":0.0,"max_hp_gain":0.0,"max_hp_loss":0.0,"gold_gain":0.0,"event_name":"Liars Game","player_choice":"Ignored","floor":12.0,"gold_loss":0.0,"damage_taken":0.0},{"damage_healed":0.0,"max_hp_gain":0.0,"max_hp_loss":0.0,"gold_gain":0.0,"event_name":"Cursed Tome","player_choice":"Obtained Book","floor":20.0,"gold_loss":0.0,"damage_taken":21.0},{"damage_healed":0.0,"max_hp_gain":0.0,"max_hp_loss":0.0,"gold_gain":0.0,"event_name":"Drug Dealer","player_choice":"Inject Mutagens","floor":25.0,"gold_loss":0.0,"damage_taken":0.0,"relics_obtained":["MutagenicStrength"]}],"is_beta":true,"boss_relics":[{"not_picked":["Fusion Hammer","Runic Pyramid"],"picked":"Nuclear Battery"}],"items_purged_floors":[19],"is_endless":false,"potions_floor_spawned":[2,8,13,29],"killed_by":"Automaton","ascension_level":20}