{"gold_per_floor":[116,131,142,142,67,67,101,101,180,212,212,225,274,293,293,370,370,383,336,348,83,83,83,133,133,133,144,161,161,0,14,14,14],"floor_reached":33,"playtime":1779,"items_purged":["Strike_R"],"score":579,"play_id":"c423f21d-1706-4eae-a8b7-f375b92e6186","local_time":"20190114025113","is_ascension_mode":true,"campfire_choices":[{"data":"Uppercut","floor":6,"key":"SMITH"},{"data":"Barricade","floor":8,"key":"SMITH"},{"data":"Bash","floor":11,"key":"SMITH"},{"data":"Limit Break","floor":15,"key":"SMITH"},{"data":"Entrench","floor":25,"key":"SMITH"},{"data":"Battle Trance","floor":32,"key":"SMITH"}],"neow_cost":"NONE","seed_source_timestamp":619989750149104,"circlet_count":0,"master_deck":["AscendersBane","Defend_R","Defend_R","Defend_R","Defend_R","Bash+1","Uppercut+1","Battle Trance+1","Limit Break+1","Barricade+1","Feel No Pain","Shrug It Off","Impervious","Intimidate","Entrench+1","Shrug It Off","Corruption","Bite","Bite","Bite","Bite","Bite","Headbutt","Feed","Spot Weakness"],"relics":["Burning Blood","NeowsBlessing","Potion Belt","Bag of Preparation","Sundial","Singing Bowl","Vajra","Runic Cube","Blue Candle"],"potions_floor_usage":[10,20,20,20,20,23,33],"damage_taken":[{"damage":0,"enemies":"Jaw Worm","floor":1,"turns":1},{"damage":0,"enemies":"Cultist","floor":2,"turns":1},{"damage":0,"enemies":"2 Louse","floor":3,"turns":1},{"damage":27,"enemies":"Gremlin Nob","floor":7,"turns":4},{"damage":30,"enemies":"Lagavulin","floor":10,"turns":7},{"damage":5,"enemies":"2 Fungi Beasts","floor":12,"turns":4},{"damage":11,"enemies":"3 Louse","floor":14,"turns":5},{"damage":24,"enemies":"The Guardian","floor":16,"turns":13},{"damage":1,"enemies":"Chosen","floor":18,"turns":9},{"damage":37,"enemies":"2 Thieves","floor":19,"turns":5},{"damage":23,"enemies":"Snake Plant","floor":20,"turns":7},{"damage":0,"enemies":"Gremlin Leader","floor":23,"turns":1},{"damage":7,"enemies":"Snecko","floor":27,"turns":7},{"damage":14,"enemies":"Centurion and Healer","floor":28,"turns":19},{"damage":17,"enemies":"Colosseum Slavers","floor":29,"turns":7},{"damage":30,"enemies":"Sentry and Sphere","floor":31,"turns":7},{"damage":62,"enemies":"Collector","floor":33,"turns":6}],"seed_played":"-523727512054809229","potions_obtained":[{"floor":2,"key":"AttackPotion"},{"floor":12,"key":"FearPotion"},{"floor":16,"key":"Energy Potion"},{"floor":18,"key":"Poison Potion"},{"floor":19,"key":"GamblersBrew"},{"floor":20,"key":"Fruit Juice"},{"floor":28,"key":"Energy Potion"}],"is_trial":false,"path_per_floor":["M","M","M","?","$","R","E","R","T","E","R","M","T","M","R","B",null,"M","M","M","$","?","E","?","R","T","M","M","?","$","M","R","B"],"character_chosen":"IRONCLAD","items_purchased":["Limit Break","Corruption","SmokeBomb","Feed","Spot Weakness"],"campfire_rested":0,"item_purchase_floors":[5,21,21,30,30],"current_hp_per_floor":[74,75,75,75,75,75,54,54,54,30,30,31,31,28,28,10,60,65,34,22,22,22,28,28,28,28,45,59,59,59,48,48,0],"gold":14,"neow_bonus":"THREE_ENEMY_KILL","is_prod":false,"is_daily":false,"chose_seed":false,"campfire_upgraded":6,"win_rate":0,"timestamp":1547463073,"path_taken":["M","M","M","?","?","R","E","R","T","E","R","M","?","?","R","BOSS","M","M","M","$","?","E","?","R","T","M","M","?","$","M","R","BOSS"],"build_version":"2019-01-10","purchased_purges":1,"victory":false,"max_hp_per_floor":[75,75,75,75,75,75,75,75,75,75,75,75,75,77,77,77,77,77,77,82,82,57,57,57,57,57,57,59,59,59,64,64,64],"card_choices":[{"not_picked":["Clash","Cleave"],"picked":"Uppercut","floor":1},{"not_picked":["Heavy Blade","Second Wind"],"picked":"Anger","floor":2},{"not_picked":["Anger","Iron Wave"],"picked":"Battle Trance","floor":3},{"not_picked":["Armaments","Anger"],"picked":"Barricade","floor":7},{"not_picked":["Clash","Pummel"],"picked":"Feel No Pain","floor":10},{"not_picked":["Cleave","Warcry"],"picked":"Shrug It Off","floor":12},{"not_picked":["Flex","Power Through","Iron Wave"],"picked":"Singing Bowl","floor":14},{"not_picked":["Demon Form","Feed"],"picked":"Impervious","floor":16},{"not_picked":["Shrug It Off","Iron Wave"],"picked":"Intimidate","floor":18},{"not_picked":["Combust","Thunderclap"],"picked":"Entrench","floor":19},{"not_picked":["Havoc","Iron Wave+1"],"picked":"Shrug It Off","floor":20},{"not_picked":["Pommel Strike","Sever Soul"],"picked":"Headbutt","floor":27},{"not_picked":["Hemokinesis","Flex","Uppercut"],"picked":"Singing Bowl","floor":28},{"not_picked":["Pummel+1","Clothesline","Brutality"],"picked":"Singing Bowl","floor":31}],"player_experience":1183446,"relics_obtained":[{"floor":7,"key":"Bag of Preparation"},{"floor":9,"key":"Sundial"},{"floor":10,"key":"Singing Bowl"},{"floor":13,"key":"Vajra"},{"floor":26,"key":"Blue Candle"}],"event_choices":[{"cards_removed":["Anger"],"damage_healed":0,"gold_gain":0,"player_choice":"Gave Card","damage_taken":0,"relics_obtained":["Potion Belt"],"max_hp_gain":0,"max_hp_loss":0,"event_name":"WeMeetAgain","floor":4,"gold_loss":0},{"damage_healed":0,"gold_gain":0,"player_choice":"Became a vampire","damage_taken":0,"max_hp_gain":0,"max_hp_loss":25,"event_name":"Vampires","floor":22,"gold_loss":0,"cards_obtained":["Bite","Bite","Bite","Bite","Bite"]},{"damage_healed":0,"gold_gain":50,"player_choice":"Stole From Cult","damage_taken":0,"max_hp_gain":0,"max_hp_loss":0,"event_name":"Nest","floor":24,"gold_loss":0},{"damage_healed":0,"gold_gain":0,"player_choice":"Fight","damage_taken":0,"max_hp_gain":0,"max_hp_loss":0,"event_name":"Colosseum","floor":29,"gold_loss":0},{"damage_healed":0,"gold_gain":0,"player_choice":"Fled From Nobs","damage_taken":0,"max_hp_gain":0,"max_hp_loss":0,"event_name":"Colosseum","floor":29,"gold_loss":0}],"is_beta":true,"boss_relics":[{"not_picked":["Eternal Feather","Coffee Dripper"],"picked":"Runic Cube"}],"items_purged_floors":[21],"is_endless":false,"potions_floor_spawned":[2,12,16,18,19,20,28,29],"killed_by":"Collector","ascension_level":20}