{"gold_per_floor":[362,381,381,394,204,234,234,266,348,360,372,416,54,54,54,54],"floor_reached":16,"playtime":619,"items_purged":["Strike_G"],"score":232,"play_id":"eb702fc0-fe3e-4e7e-bcff-92965fca6c36","local_time":"20190618151846","is_ascension_mode":true,"campfire_choices":[{"floor":7,"key":"REST"},{"floor":11,"key":"REST"},{"floor":15,"key":"REST"}],"neow_cost":"TEN_PERCENT_HP_LOSS","seed_source_timestamp":4637058133487598,"circlet_count":0,"master_deck":["AscendersBane","Strike_G","Strike_G","Strike_G","Strike_G","Defend_G","Defend_G","Defend_G","Defend_G","Defend_G","Survivor","Neutralize+1","Slice","Quick Slash","Neutralize+1","Caltrops","Dagger Spray","Dagger Spray","Cloak And Dagger","Envenom","Noxious Fumes"],"relics":["Ring of the Snake","Vajra","Calipers","MawBank","Toxic Egg 2","Matryoshka","Shuriken"],"potions_floor_usage":[8,12,16],"damage_taken":[{"damage":0,"enemies":"Jaw Worm","floor":1,"turns":6},{"damage":4,"enemies":"Cultist","floor":2,"turns":5},{"damage":0,"enemies":"2 Louse","floor":4,"turns":3},{"damage":40,"enemies":"Lagavulin","floor":6,"turns":7},{"damage":24,"enemies":"Gremlin Nob","floor":8,"turns":4},{"damage":25,"enemies":"Lagavulin","floor":12,"turns":7},{"damage":20,"enemies":"The Guardian","floor":16,"turns":9}],"seed_played":"5918984073118618285","potions_obtained":[{"floor":4,"key":"Explosive Potion"},{"floor":6,"key":"Weak Potion"},{"floor":12,"key":"SpeedPotion"}],"is_trial":false,"path_per_floor":["M","M","?","M","$","E","R","E","T","?","R","E","$","?","R","B"],"character_chosen":"THE_SILENT","items_purchased":["Vajra","Dagger Spray","Shuriken","Noxious Fumes"],"campfire_rested":3,"item_purchase_floors":[5,5,13,13],"current_hp_per_floor":[59,55,55,55,55,15,33,9,9,9,27,2,2,2,20,0],"gold":54,"neow_bonus":"TWO_FIFTY_GOLD","is_prod":false,"is_daily":false,"chose_seed":false,"campfire_upgraded":0,"win_rate":0,"timestamp":1560896326,"path_taken":["M","M","?","?","$","E","R","E","T","?","R","E","$","?","R","BOSS"],"build_version":"2019-06-17v2","purchased_purges":1,"victory":false,"max_hp_per_floor":[60,60,60,60,60,60,60,60,60,60,60,60,60,60,60,60],"card_choices":[{"not_picked":["Dagger Throw","Finisher"],"picked":"Slice","floor":1},{"not_picked":["Backflip","Blade Dance"],"picked":"Quick Slash","floor":2},{"not_picked":["Cloak And Dagger","All Out Attack"],"picked":"Caltrops","floor":4},{"not_picked":["Underhanded Strike","Riddle With Holes"],"picked":"Dagger Spray","floor":6},{"not_picked":["Sucker Punch","Poisoned Stab"],"picked":"Cloak And Dagger","floor":8},{"not_picked":["Poisoned Stab","Slice"],"picked":"Envenom","floor":12}],"player_experience":1368156,"relics_obtained":[{"floor":6,"key":"Calipers"},{"floor":8,"key":"MawBank"},{"floor":9,"key":"Toxic Egg 2"},{"floor":12,"key":"Matryoshka"}],"event_choices":[{"damage_healed":0,"gold_gain":0,"player_choice":"1 cards matched","damage_taken":0,"max_hp_gain":0,"max_hp_loss":0,"event_name":"Match and Keep!","floor":3,"gold_loss":0,"cards_obtained":["Neutralize"]},{"damage_healed":0,"gold_gain":0,"player_choice":"Grow","damage_taken":0,"max_hp_gain":0,"max_hp_loss":0,"event_name":"Living Wall","floor":10,"gold_loss":0,"cards_upgraded":["Neutralize"]},{"damage_healed":0,"gold_gain":0,"player_choice":"Upgraded","damage_taken":0,"max_hp_gain":0,"max_hp_loss":0,"event_name":"Upgrade Shrine","floor":14,"gold_loss":0,"cards_upgraded":["Neutralize"]}],"is_beta":true,"boss_relics":[],"items_purged_floors":[13],"is_endless":false,"potions_floor_spawned":[4,6,12],"killed_by":"The Guardian","ascension_level":20}