{"gold_per_floor":[112,132,19,19,29,29,45,75,110,152,164,176,188,211,223,339,351,378,390,417,163,190,190,209,209,235,255,255,255,255,280,280,280],"floor_reached":33,"playtime":4556,"items_purged":["Strike_R"],"score":263,"play_id":"ef18f4cb-2d6d-42d2-ab15-d8a83458949f","local_time":"20181101203241","is_ascension_mode":false,"campfire_choices":[{"data":"Infernal Blade","floor":6,"key":"SMITH"},{"floor":12,"key":"REST"},{"data":"Warcry","floor":15,"key":"SMITH"},{"data":"Anger","floor":23,"key":"SMITH"},{"data":"Iron Wave","floor":25,"key":"SMITH"},{"data":"Warcry","floor":29,"key":"SMITH"},{"data":"Secret Technique","floor":32,"key":"SMITH"}],"neow_cost":"","seed_source_timestamp":1842374059171,"circlet_count":0,"master_deck":["Strike_R","Strike_R","Defend_R","Defend_R","Defend_R","Defend_R","Bash","Clothesline","Blind+1","Warcry+1","Infernal Blade+1","Warcry+1","Inflame","Bludgeon","Anger+1","Reaper","Iron Wave+1","Metallicize","Secret Technique+1","Reckless Charge","Shrug It Off+1","Regret","Doubt","Pommel Strike+1"],"relics":["Burning Blood","Bag of Marbles","MawBank","Anchor","Charon\u0027s Ashes","Cursed Key","Red Mask","Orichalcum","MutagenicStrength","Ornamental Fan","Vajra"],"potions_floor_usage":[8,16,16,16,16,33,33,33],"damage_taken":[{"damage":7,"enemies":"2 Louse","floor":1,"turns":3},{"damage":4,"enemies":"Cultist","floor":2,"turns":3},{"damage":3,"enemies":"Small Slimes","floor":5,"turns":3},{"damage":4,"enemies":"Looter","floor":7,"turns":3},{"damage":35,"enemies":"3 Sentries","floor":8,"turns":9},{"damage":17,"enemies":"3 Sentries","floor":10,"turns":7},{"damage":7,"enemies":"Gremlin Gang","floor":14,"turns":4},{"damage":38,"enemies":"The Guardian","floor":16,"turns":8},{"damage":0,"enemies":"Shell Parasite","floor":18,"turns":1},{"damage":4,"enemies":"3 Byrds","floor":20,"turns":4},{"damage":0,"enemies":"Masked Bandits","floor":22,"turns":2},{"damage":2,"enemies":"Snake Plant","floor":24,"turns":4},{"damage":0,"enemies":"Chosen and Byrds","floor":27,"turns":4},{"damage":12,"enemies":"Slavers","floor":31,"turns":6},{"damage":85,"enemies":"Champ","floor":33,"turns":13}],"seed_played":"145228859445467667","potions_obtained":[{"floor":1,"key":"SpeedPotion"},{"floor":2,"key":"EntropicBrew"},{"floor":5,"key":"Regen Potion"},{"floor":14,"key":"PowerPotion"},{"floor":18,"key":"Fire Potion"}],"is_trial":false,"path_per_floor":["M","M","$","?","M","R","M","E","T","?","?","R","?","M","R","B",null,"M","?","M","$","?","R","M","R","T","M","?","R","T","E","R"],"character_chosen":"IRONCLAD","items_purchased":["Blind","Warcry","Secret Technique"],"campfire_rested":1,"item_purchase_floors":[3,3,21],"current_hp_per_floor":[79,80,80,73,76,76,78,63,63,52,52,76,76,75,75,43,80,80,80,80,80,80,80,80,80,80,80,80,80,80,80,80,0],"gold":280,"neow_bonus":"","is_prod":false,"is_daily":false,"chose_seed":false,"campfire_upgraded":6,"win_rate":0.0,"timestamp":1541100761,"path_taken":["M","M","$","?","?","R","M","E","T","?","?","R","?","M","R","BOSS","M","?","?","$","?","R","?","R","T","M","?","R","?","E","R","BOSS"],"build_version":"2018-10-25v2","purchased_purges":1,"victory":false,"max_hp_per_floor":[80,80,80,80,80,80,80,80,80,80,80,80,80,80,80,80,80,80,80,80,80,80,80,80,80,80,80,80,80,80,80,80,80],"card_choices":[{"not_picked":["Carnage","Sword Boomerang"],"picked":"Clothesline","floor":1},{"not_picked":["Bloodletting","Clash","Rupture"],"picked":"SKIP","floor":2},{"not_picked":["Body Slam","Cleave"],"picked":"Infernal Blade","floor":5},{"not_picked":["Headbutt","Fire Breathing"],"picked":"Warcry","floor":7},{"not_picked":["Burning Pact","Headbutt"],"picked":"Inflame","floor":8},{"not_picked":["True Grit","Pommel Strike"],"picked":"Bludgeon","floor":10},{"not_picked":["Perfected Strike","Twin Strike"],"picked":"Anger","floor":14},{"not_picked":["Double Tap","Offering"],"picked":"Reaper","floor":16},{"not_picked":["True Grit","Perfected Strike"],"picked":"Iron Wave","floor":18},{"not_picked":["Hemokinesis","Iron Wave"],"picked":"Metallicize","floor":20},{"not_picked":["Bloodletting","Blood for Blood"],"picked":"Reckless Charge","floor":22},{"not_picked":["Clothesline","Clash"],"picked":"Shrug It Off+1","floor":24},{"not_picked":["Flame Barrier","Shockwave","Searing Blow"],"picked":"SKIP","floor":27},{"not_picked":["Headbutt+1","Dual Wield"],"picked":"Pommel Strike+1","floor":31}],"player_experience":0,"relics_obtained":[{"floor":8,"key":"MawBank"},{"floor":9,"key":"Anchor"},{"floor":10,"key":"Charon\u0027s Ashes"},{"floor":22,"key":"Red Mask"},{"floor":26,"key":"Orichalcum"},{"floor":30,"key":"Ornamental Fan"},{"floor":31,"key":"Vajra"}],"event_choices":[{"damage_healed":0,"gold_gain":0,"player_choice":"Success","damage_taken":7,"relics_obtained":["Bag of Marbles"],"max_hp_gain":0,"max_hp_loss":0,"event_name":"Scrap Ooze","floor":4,"gold_loss":0},{"damage_healed":0,"gold_gain":30,"player_choice":"Searched \u00272\u0027 times","damage_taken":0,"max_hp_gain":0,"max_hp_loss":0,"event_name":"Dead Adventurer","floor":10,"gold_loss":0},{"damage_healed":0,"gold_gain":0,"player_choice":"Grow","damage_taken":0,"max_hp_gain":0,"max_hp_loss":0,"event_name":"Living Wall","floor":11,"gold_loss":0,"cards_upgraded":["Blind"]},{"cards_removed":["Strike_R"],"damage_healed":0,"gold_gain":0,"player_choice":"Purged","damage_taken":0,"max_hp_gain":0,"max_hp_loss":0,"event_name":"Purifier","floor":13,"gold_loss":0},{"cards_removed":["Strike_R"],"damage_healed":0,"gold_gain":0,"player_choice":"Card Removal","damage_taken":0,"max_hp_gain":0,"max_hp_loss":0,"event_name":"Wheel of Change","floor":19,"gold_loss":0},{"damage_healed":0,"gold_gain":0,"player_choice":"Fought Bandits","damage_taken":0,"max_hp_gain":0,"max_hp_loss":0,"event_name":"Masked Bandits","floor":22,"gold_loss":0},{"damage_healed":0,"gold_gain":0,"player_choice":"Inject Mutagens","damage_taken":0,"relics_obtained":["MutagenicStrength"],"max_hp_gain":0,"max_hp_loss":0,"event_name":"Drug Dealer","floor":28,"gold_loss":0}],"is_beta":false,"boss_relics":[{"not_picked":["Orrery","Tiny House"],"picked":"Cursed Key"}],"items_purged_floors":[21],"is_endless":false,"potions_floor_spawned":[1,2,5,14,18,24],"killed_by":"Champ","ascension_level":0}