{"gold_per_floor":[219,233,233,249,275,275,286,314,388,388,421,90,90,102,102,173,173,145,165,175,13,13,13,13],"floor_reached":24,"playtime":1166,"items_purged":[],"score":412,"play_id":"eebf58fc-a7a0-4785-96a0-e05162b46837","local_time":"20181225144106","is_ascension_mode":true,"campfire_choices":[{"data":"Zap","floor":6,"key":"SMITH"},{"floor":10,"key":"REST"},{"floor":13,"key":"REST"},{"data":"Consume","floor":15,"key":"SMITH"},{"floor":23,"key":"REST"}],"neow_cost":"NONE","seed_source_timestamp":8252685457331523,"circlet_count":0,"master_deck":["AscendersBane","Strike_B+1","Strike_B","Strike_B","Strike_B","Defend_B","Defend_B","Defend_B","Defend_B","Zap+1","Dualcast","Sweeping Beam+1","Undo","Hologram","Coolheaded","Consume+1","Machine Learning+1","Genetic Algorithm","Rainbow","Compile Driver"],"relics":["Cracked Core","Regal Pillow","Centennial Puzzle","Frozen Egg 2","Happy Flower","Oddly Smooth Stone","Cursed Key","Vajra"],"potions_floor_usage":[8,16,20,24],"damage_taken":[{"damage":2,"enemies":"2 Louse","floor":1,"turns":4},{"damage":2,"enemies":"Jaw Worm","floor":2,"turns":3},{"damage":0,"enemies":"Small Slimes","floor":4,"turns":2},{"damage":0,"enemies":"Looter","floor":7,"turns":2},{"damage":26,"enemies":"Gremlin Nob","floor":8,"turns":4},{"damage":29,"enemies":"Lagavulin","floor":11,"turns":7},{"damage":3,"enemies":"Large Slime","floor":14,"turns":5},{"damage":1,"enemies":"The Guardian","floor":16,"turns":13},{"damage":4,"enemies":"2 Thieves","floor":18,"turns":4},{"damage":21,"enemies":"Shell Parasite","floor":19,"turns":6},{"damage":31,"enemies":"Sentry and Sphere","floor":20,"turns":6},{"damage":47,"enemies":"Gremlin Leader","floor":24,"turns":5}],"seed_played":"-3040254083828503504","potions_obtained":[{"floor":7,"key":"Dexterity Potion"},{"floor":8,"key":"GamblersBrew"},{"floor":16,"key":"SpeedPotion"},{"floor":20,"key":"Weak Potion"}],"is_trial":false,"path_per_floor":["M","M","?","M","T","R","M","E","T","R","E","$","R","M","R","B",null,"M","M","M","$","?","R","E"],"character_chosen":"DEFECT","items_purchased":["Oddly Smooth Stone","Machine Learning+1","Vajra"],"campfire_rested":3,"item_purchase_floors":[12,12,21],"current_hp_per_floor":[62,60,39,39,39,39,39,13,13,49,20,20,56,53,53,52,66,62,41,10,10,10,46,0],"gold":13,"neow_bonus":"HUNDRED_GOLD","is_prod":false,"is_daily":false,"chose_seed":false,"campfire_upgraded":2,"win_rate":0,"timestamp":1545777666,"path_taken":["M","M","?","M","?","R","M","E","T","R","E","$","R","M","R","BOSS","M","M","M","$","?","R","E"],"build_version":"2018-12-20","purchased_purges":0,"victory":false,"max_hp_per_floor":[71,71,71,71,71,71,71,71,71,71,71,71,71,71,71,71,71,71,71,71,71,71,71,71],"card_choices":[{"not_picked":["Gash","Recycle"],"picked":"Sweeping Beam","floor":1},{"not_picked":["Tempest","Stack"],"picked":"Undo","floor":2},{"not_picked":["Gash","White Noise"],"picked":"Hologram","floor":4},{"not_picked":["Double Energy","Hologram","Beam Cell"],"picked":"SKIP","floor":7},{"not_picked":["Rebound","Stack"],"picked":"Coolheaded","floor":8},{"not_picked":["Storm+1","Steam Power"],"picked":"Consume","floor":11},{"not_picked":["Double Energy","Stack"],"picked":"Genetic Algorithm","floor":14},{"not_picked":["Amplify","Fission"],"picked":"Rainbow","floor":16},{"not_picked":["Rebound","Lockon"],"picked":"Compile Driver","floor":18},{"not_picked":["Hologram","Compile Driver","Barrage+1"],"picked":"SKIP","floor":19},{"not_picked":["Conserve Battery","Sweeping Beam","Rebound"],"picked":"SKIP","floor":20}],"player_experience":1143165,"relics_obtained":[{"floor":5,"key":"Regal Pillow"},{"floor":8,"key":"Centennial Puzzle"},{"floor":9,"key":"Frozen Egg 2"},{"floor":11,"key":"Happy Flower"}],"event_choices":[{"damage_healed":0,"gold_gain":0,"player_choice":"Entered Light","damage_taken":21,"max_hp_gain":0,"max_hp_loss":0,"event_name":"Shining Light","floor":3,"gold_loss":0,"cards_upgraded":["Strike_B","Sweeping Beam"]}],"is_beta":true,"boss_relics":[{"not_picked":["Ectoplasm","Runic Pyramid"],"picked":"Cursed Key"}],"items_purged_floors":[],"is_endless":false,"potions_floor_spawned":[7,8,16,20],"killed_by":"Gremlin Leader","ascension_level":20}