{"gold_per_floor":[115,126,143,143,9,9,38,38,63,63,79,23,23,40,40,111,111,123,139,139,153,153,153,180,180,180,95,20,39,39,55,55,55],"floor_reached":33,"playtime":1909,"items_purged":["Strike_G"],"score":530,"play_id":"8ea1d10e-08e6-4af1-ac4a-9868c71dada7","local_time":"20190310115627","is_ascension_mode":true,"campfire_choices":[{"data":"Deadly Poison","floor":6.0,"key":"SMITH"},{"data":"Footwork","floor":10.0,"key":"SMITH"},{"data":"Leg Sweep","floor":13.0,"key":"SMITH"},{"data":"Bane","floor":15.0,"key":"SMITH"},{"data":"Glass Knife","floor":23,"key":"SMITH"},{"floor":25,"key":"REST"},{"data":"Crippling Poison","floor":30,"key":"SMITH"},{"data":"Terror","floor":32,"key":"SMITH"}],"neow_cost":"NONE","seed_source_timestamp":114554309457300,"circlet_count":0,"master_deck":["AscendersBane","Defend_G","Defend_G","Defend_G","Defend_G","Defend_G","Strike_G","Strike_G","Strike_G","Strike_G","Survivor","Neutralize","Leg Sweep+1","Deadly Poison+1","Deadly Poison+1","PiercingWail","Footwork+1","Cloak And Dagger","Bane+1","Escape Plan","Glass Knife+1","Dagger Spray","Terror+1","RitualDagger","PiercingWail","Crippling Poison+1","Quick Slash+1","Backstab"],"special_seed":0,"relics":["Ring of the Snake","Orichalcum","Blood Vial","Snake Skull","Busted Crown","Lantern","Paper Crane","Dodecahedron"],"potions_floor_usage":[21,24,33],"damage_taken":[{"damage":2.0,"enemies":"Jaw Worm","floor":1.0,"turns":7.0},{"damage":0.0,"enemies":"Small Slimes","floor":2.0,"turns":7.0},{"damage":0.0,"enemies":"2 Louse","floor":3.0,"turns":3.0},{"damage":15.0,"enemies":"Lagavulin","floor":7.0,"turns":6.0},{"damage":6.0,"enemies":"Exordium Wildlife","floor":11.0,"turns":6.0},{"damage":1.0,"enemies":"Large Slime","floor":14.0,"turns":6.0},{"damage":12.0,"enemies":"Hexaghost","floor":16.0,"turns":8.0},{"damage":8.0,"enemies":"3 Byrds","floor":18.0,"turns":6.0},{"damage":9.0,"enemies":"Shell Parasite","floor":19.0,"turns":5.0},{"damage":0,"enemies":"Snecko","floor":21,"turns":5},{"damage":24,"enemies":"Slavers","floor":24,"turns":7},{"damage":0,"enemies":"Centurion and Healer","floor":29,"turns":5},{"damage":0,"enemies":"Snake Plant","floor":31,"turns":4},{"damage":64,"enemies":"Champ","floor":33,"turns":12}],"seed_played":"-4642168405248232448","potions_obtained":[{"floor":1.0,"key":"PowerPotion"},{"floor":3.0,"key":"Dexterity Potion"},{"floor":11.0,"key":"Poison Potion"},{"floor":16.0,"key":"Strength Potion"},{"floor":29,"key":"GamblersBrew"}],"is_trial":false,"path_per_floor":["M","M","M","?","$","R","E","$","T","R","M","$","R","M","R","B",null,"M","M","?","M","?","R","E","R","T","?","$","M","R","M","R","B"],"character_chosen":"THE_SILENT","items_purchased":["PiercingWail","Bane","Crippling Poison"],"campfire_rested":1,"item_purchase_floors":[5,12,28],"current_hp_per_floor":[57,57,57,57,57,57,42,42,42,42,38,38,38,39,39,29,57,51,44,38,40,40,40,18,37,37,37,37,39,39,41,41,0],"gold":55,"neow_bonus":"RANDOM_COMMON_RELIC","is_prod":false,"is_daily":false,"chose_seed":false,"campfire_upgraded":7,"win_rate":0,"timestamp":1552244187,"path_taken":["M","M","M","?","$","R","E","$","T","R","M","$","R","M","R","BOSS","M","M","?","M","?","R","E","R","T","?","$","M","R","M","R","BOSS"],"build_version":"2019-02-06","purchased_purges":1,"victory":false,"max_hp_per_floor":[66,66,66,66,66,66,66,66,66,66,66,66,66,66,66,66,66,66,66,66,66,66,66,66,66,66,66,66,66,66,66,66,66],"card_choices":[{"not_picked":["Deflect","Crippling Poison"],"picked":"Leg Sweep","floor":1.0},{"not_picked":["Prepared","Acrobatics"],"picked":"Deadly Poison","floor":2.0},{"not_picked":["Cloak And Dagger","Reflex"],"picked":"Deadly Poison","floor":3.0},{"not_picked":["Underhanded Strike","Blur"],"picked":"Footwork","floor":7.0},{"not_picked":["Concentrate","Deflect"],"picked":"Cloak And Dagger","floor":11.0},{"not_picked":["Skewer","Quick Slash"],"picked":"Escape Plan","floor":14.0},{"not_picked":["Die Die Die","Storm of Steel"],"picked":"Glass Knife","floor":16.0},{"not_picked":[],"picked":"Dagger Spray","floor":18.0},{"not_picked":[],"picked":"Terror","floor":19.0},{"not_picked":[],"picked":"PiercingWail","floor":21},{"not_picked":["Quick Slash"],"picked":"SKIP","floor":24},{"not_picked":[],"picked":"Quick Slash+1","floor":29},{"not_picked":[],"picked":"Backstab","floor":31}],"player_experience":3354641,"relics_obtained":[{"floor":7.0,"key":"Blood Vial"},{"floor":9.0,"key":"Snake Skull"},{"floor":24,"key":"Lantern"},{"floor":26,"key":"Paper Crane"}],"event_choices":[{"damage_healed":0.0,"max_hp_gain":0.0,"max_hp_loss":0.0,"gold_gain":0.0,"event_name":"Living Wall","player_choice":"Grow","floor":4.0,"gold_loss":0.0,"damage_taken":0.0,"cards_upgraded":["Deadly Poison"]},{"damage_healed":0.0,"max_hp_gain":0.0,"max_hp_loss":0.0,"gold_gain":0.0,"event_name":"Nest","player_choice":"Joined the Cult","floor":20.0,"gold_loss":0.0,"damage_taken":6.0,"cards_obtained":["RitualDagger"]},{"damage_healed":0,"gold_gain":0,"player_choice":"Ignored","damage_taken":0,"max_hp_gain":0,"max_hp_loss":0,"event_name":"Ghosts","floor":22,"gold_loss":0},{"damage_healed":0,"gold_gain":0,"player_choice":"Obtained Relic","damage_taken":0,"relics_obtained":["Dodecahedron"],"max_hp_gain":0,"max_hp_loss":0,"event_name":"Addict","floor":27,"gold_loss":85}],"is_beta":true,"boss_relics":[{"not_picked":["Calling Bell","White Beast Statue"],"picked":"Busted Crown"}],"items_purged_floors":[5],"is_endless":false,"potions_floor_spawned":[1,3,11,16,19,29],"killed_by":"Champ","ascension_level":20}