{"gold_per_floor":[116,130,147,165,177,512,512,512,538,0,0,12,12,12,12,89,89,99,27,39,39,55,55,87,14,26,38,85,115,127,150,162,249,261,283,308,420,449,512,524],"floor_reached":40,"playtime":2925,"items_purged":["Strike_B"],"score":731,"play_id":"af4a8401-5e6e-4f18-b006-5c8cbe05399d","local_time":"20181230141333","is_ascension_mode":true,"campfire_choices":[{"floor":8.0,"key":"REST"},{"data":"Zap","floor":13.0,"key":"SMITH"},{"floor":15.0,"key":"REST"},{"floor":23.0,"key":"REST"},{"floor":27.0,"key":"REST"},{"floor":30,"key":"REST"},{"floor":32,"key":"REST"}],"neow_cost":"NONE","seed_source_timestamp":0,"circlet_count":0,"master_deck":["AscendersBane","Strike_B","Strike_B","Defend_B","Defend_B","Defend_B","Defend_B","Zap+1","Dualcast","Self Repair","Cold Snap","Go for the Eyes+1","Sweeping Beam","Compile Driver","Ball Lightning","Ball Lightning+1","Genetic Algorithm","Creative AI","Go for the Eyes+1","Capacitor","FTL+1","Storm+1","Melter+1","Glacier","Electrodynamics","Leap+1"],"special_seed":0,"relics":["Cracked Core","Old Coin","Bronze Scales","PreservedInsect","Molten Egg 2","Runic Pyramid","MawBank","Lantern","Ancient Tea Set","Torii","Fusion Hammer","Prayer Wheel","Pocketwatch"],"potions_floor_usage":[],"damage_taken":[{"damage":7.0,"enemies":"2 Louse","floor":1.0,"turns":3.0},{"damage":8.0,"enemies":"Jaw Worm","floor":2.0,"turns":4.0},{"damage":6.0,"enemies":"Small Slimes","floor":3.0,"turns":4.0},{"damage":6.0,"enemies":"3 Louse","floor":4.0,"turns":4.0},{"damage":23.0,"enemies":"Exordium Thugs","floor":5.0,"turns":5.0},{"damage":48.0,"enemies":"Lagavulin","floor":6.0,"turns":12.0},{"damage":12.0,"enemies":"Large Slime","floor":12.0,"turns":3.0},{"damage":31.0,"enemies":"The Guardian","floor":16.0,"turns":10.0},{"damage":8.0,"enemies":"3 Byrds","floor":18.0,"turns":3.0},{"damage":28.0,"enemies":"2 Thieves","floor":20.0,"turns":4.0},{"damage":15.0,"enemies":"Chosen and Byrds","floor":22.0,"turns":5.0},{"damage":40.0,"enemies":"Gremlin Leader","floor":24.0,"turns":8.0},{"damage":16.0,"enemies":"Book of Stabbing","floor":28.0,"turns":4.0},{"damage":28,"enemies":"Snecko","floor":29,"turns":5},{"damage":12,"enemies":"Sentry and Sphere","floor":31,"turns":4},{"damage":22,"enemies":"Champ","floor":33,"turns":12},{"damage":2,"enemies":"3 Darklings","floor":35,"turns":3},{"damage":9,"enemies":"Orb Walker","floor":36,"turns":3},{"damage":0,"enemies":"Mind Bloom Boss Battle","floor":37,"turns":5},{"damage":25,"enemies":"Transient","floor":38,"turns":5},{"damage":35,"enemies":"2 Orb Walkers","floor":39,"turns":5},{"damage":25,"enemies":"Reptomancer","floor":40,"turns":2}],"seed_played":"446426435889407881","potions_obtained":[{"floor":2.0,"key":"LiquidBronze"},{"floor":3.0,"key":"Block Potion"},{"floor":16.0,"key":"Swift Potion"},{"floor":22.0,"key":"Ancient Potion"},{"floor":31,"key":"GamblersBrew"}],"is_trial":false,"path_per_floor":["M","M","M","M","M","E","?","R","T","$","?","M","R","?","R","B",null,"M","$","M","?","M","R","E","?","T","R","E","M","R","M","R","B",null,"M","M","?","M","?","E"],"character_chosen":"DEFECT","items_purchased":["PreservedInsect","Molten Egg 2","Ball Lightning+1","Capacitor"],"campfire_rested":6,"item_purchase_floors":[10,10,10,19],"current_hp_per_floor":[68,67,68,69,53,12,12,34,34,34,27,22,22,22,44,20,61,60,60,39,39,31,53,20,20,20,42,33,12,34,22,44,29,64,62,60,67,49,21,0],"gold":524,"neow_bonus":"THREE_CARDS","is_prod":false,"is_daily":false,"chose_seed":false,"campfire_upgraded":1,"win_rate":0,"timestamp":1546208013,"path_taken":["M","M","M","M","M","E","?","R","T","$","?","M","R","?","R","BOSS","M","$","M","?","M","R","E","?","T","R","E","M","R","M","R","BOSS","M","M","?","M","?","E"],"build_version":"2018-12-20","purchased_purges":1,"victory":false,"max_hp_per_floor":[75,75,75,75,75,75,75,75,75,75,75,75,75,75,75,75,75,75,75,75,75,75,75,75,75,75,75,75,75,75,75,75,75,75,75,75,75,75,75,75],"card_choices":[{"not_picked":["Cold Snap","Storm"],"picked":"Self Repair","floor":0.0},{"not_picked":["Leap","Darkness"],"picked":"Cold Snap","floor":1.0},{"not_picked":["Blizzard","Fusion"],"picked":"Go for the Eyes","floor":2.0},{"not_picked":["Fusion","Turbo"],"picked":"Sweeping Beam","floor":3.0},{"not_picked":["Stack","Rebound"],"picked":"Compile Driver","floor":4.0},{"not_picked":["Heatsinks","Hologram","Self Repair"],"picked":"SKIP","floor":5.0},{"not_picked":["Beam Cell","Steam"],"picked":"Ball Lightning","floor":6.0},{"not_picked":["Doom and Gloom+1","Conserve Battery"],"picked":"Genetic Algorithm","floor":12.0},{"not_picked":["Amplify","Rainbow"],"picked":"Creative AI","floor":16.0},{"not_picked":["Darkness","Gash+1"],"picked":"Go for the Eyes+1","floor":18.0},{"not_picked":["Aggregate","Gash+1","Rebound+1"],"picked":"SKIP","floor":20.0},{"not_picked":["Amplify","Redo","Steam"],"picked":"SKIP","floor":22.0},{"not_picked":["Turbo","Auto Shields"],"picked":"Storm+1","floor":24.0},{"not_picked":["Stack","Steam"],"picked":"Melter+1","floor":28.0},{"not_picked":["Compile Driver+1","Stack","Streamline+1"],"picked":"SKIP","floor":29},{"not_picked":["Self Repair+1","Darkness"],"picked":"Glacier","floor":31},{"not_picked":["All For One+1","Meteor Strike+1"],"picked":"Electrodynamics","floor":33},{"not_picked":["Skim+1","Gash+1","Doom and Gloom+1"],"picked":"SKIP","floor":35},{"not_picked":["Sweeping Beam+1","Steam"],"picked":"Leap+1","floor":36},{"not_picked":["Conserve Battery","Gash+1","Skim"],"picked":"SKIP","floor":38},{"not_picked":["Rebound+1","Melter+1","Coolheaded+1"],"picked":"SKIP","floor":38}],"player_experience":828091,"relics_obtained":[{"floor":6.0,"key":"Old Coin"},{"floor":9.0,"key":"Bronze Scales"},{"floor":24.0,"key":"MawBank"},{"floor":26.0,"key":"Ancient Tea Set"},{"floor":28.0,"key":"Torii"},{"floor":37,"key":"Prayer Wheel"},{"floor":39,"key":"Pocketwatch"}],"event_choices":[{"damage_healed":0.0,"max_hp_gain":0.0,"max_hp_loss":0.0,"gold_gain":0.0,"event_name":"Living Wall","player_choice":"Grow","floor":7.0,"gold_loss":0.0,"damage_taken":0.0,"cards_upgraded":["Go for the Eyes"]},{"cards_removed":["Strike_B"],"damage_healed":0.0,"max_hp_gain":0.0,"max_hp_loss":0.0,"gold_gain":0.0,"event_name":"Golden Wing","player_choice":"Card Removal","floor":11.0,"gold_loss":0.0,"damage_taken":7.0},{"damage_healed":0.0,"max_hp_gain":0.0,"max_hp_loss":0.0,"gold_gain":0.0,"event_name":"The Cleric","player_choice":"Leave","floor":14.0,"gold_loss":0.0,"damage_taken":0.0},{"damage_healed":0.0,"max_hp_gain":0.0,"max_hp_loss":0.0,"gold_gain":0.0,"event_name":"The Library","player_choice":"Read","floor":21.0,"gold_loss":0.0,"damage_taken":0.0,"cards_obtained":["FTL"]},{"damage_healed":0.0,"max_hp_gain":0.0,"max_hp_loss":0.0,"gold_gain":0.0,"event_name":"Addict","player_choice":"Obtained Relic","floor":25.0,"gold_loss":85.0,"damage_taken":0.0,"relics_obtained":["Lantern"]},{"damage_healed":0,"gold_gain":0,"player_choice":"Fight","damage_taken":0,"max_hp_gain":0,"max_hp_loss":0,"event_name":"MindBloom","floor":37,"gold_loss":0},{"damage_healed":0,"gold_gain":0,"player_choice":"Fight","damage_taken":0,"max_hp_gain":0,"max_hp_loss":0,"event_name":"Mysterious Sphere","floor":39,"gold_loss":0}],"is_beta":false,"boss_relics":[{"not_picked":["FrozenCore","Pandora\u0027s Box"],"picked":"Runic Pyramid"},{"not_picked":["Inserter","Velvet Choker"],"picked":"Fusion Hammer"}],"items_purged_floors":[10],"is_endless":false,"potions_floor_spawned":[2,3,4,16,20,22,31,33,35,39],"killed_by":"Reptomancer","ascension_level":13}