{"gold_per_floor":[116,133,144,163,173,200,200,200,200,213,82,82,114,114,114,186,186,197,9,9,9,28,28],"floor_reached":23,"playtime":1036,"items_purged":["Strike_R","Strike_R"],"score":392,"play_id":"e54d872d-a7f0-48ab-9ea7-00f3f903ec2a","local_time":"20190829135137","is_ascension_mode":true,"campfire_choices":[{"floor":8,"key":"REST"},{"data":"Demon Form","floor":12,"key":"SMITH"},{"data":"Double Tap","floor":15,"key":"SMITH"}],"neow_cost":"CURSE","seed_source_timestamp":262337088434299,"circlet_count":0,"master_deck":["AscendersBane","Strike_R","Strike_R","Defend_R","Defend_R","Defend_R","Defend_R","Bash","Writhe","Demon Form+1","Cleave","Battle Trance","Shrug It Off","Carnage","Whirlwind","Pommel Strike","Double Tap+1","Double Tap","Burning Pact","Evolve","Armaments"],"relics":["Burning Blood","Self Forming Clay","Question Card","Lantern","Bottled Flame","Mark of Pain","Nilry\u0027s Codex"],"potions_floor_usage":[23,23],"damage_taken":[{"damage":7,"enemies":"Cultist","floor":1,"turns":4},{"damage":3,"enemies":"2 Louse","floor":2,"turns":3},{"damage":11,"enemies":"Jaw Worm","floor":3,"turns":4},{"damage":46,"enemies":"Gremlin Gang","floor":4,"turns":6},{"damage":8,"enemies":"Large Slime","floor":5,"turns":8},{"damage":32,"enemies":"3 Sentries","floor":6,"turns":5},{"damage":20,"enemies":"Red Slaver","floor":10,"turns":4},{"damage":9,"enemies":"Lagavulin","floor":13,"turns":7},{"damage":33,"enemies":"Hexaghost","floor":16,"turns":8},{"damage":25,"enemies":"Chosen","floor":18,"turns":6},{"damage":0,"enemies":"3 Byrds","floor":22,"turns":3},{"damage":32,"enemies":"Gremlin Leader","floor":23,"turns":6}],"seed_played":"2612688671641119193","potions_obtained":[{"floor":2,"key":"FairyPotion"},{"floor":6,"key":"Poison Potion"},{"floor":18,"key":"Block Potion"}],"is_trial":false,"path_per_floor":["M","M","M","M","M","E","T","R","T","M","$","R","E","?","R","B",null,"M","$","?","?","M","E"],"character_chosen":"IRONCLAD","items_purchased":["Dexterity Potion","Evolve"],"campfire_rested":1,"item_purchase_floors":[11,19],"current_hp_per_floor":[67,70,65,25,23,11,11,33,33,19,19,19,16,41,41,14,60,41,41,20,20,26,0],"gold":28,"neow_bonus":"THREE_RARE_CARDS","is_prod":false,"is_daily":false,"chose_seed":false,"campfire_upgraded":2,"win_rate":0,"timestamp":1567101097,"path_taken":["M","M","?","M","M","E","?","R","T","M","$","R","E","?","R","BOSS","M","$","?","?","M","E"],"build_version":"2019-07-17","purchased_purges":2,"victory":false,"max_hp_per_floor":[75,75,75,75,75,75,75,75,75,75,75,75,75,75,75,75,75,75,75,75,75,75,75],"card_choices":[{"not_picked":["Bludgeon","Feed"],"picked":"Demon Form","floor":0},{"not_picked":["Hemokinesis","Flex"],"picked":"Cleave","floor":1},{"not_picked":["Cleave","Second Wind"],"picked":"Battle Trance","floor":2},{"not_picked":["Thunderclap","Second Wind"],"picked":"Shrug It Off","floor":3},{"not_picked":["Armaments","Combust"],"picked":"Carnage","floor":4},{"not_picked":["Clash","Armaments"],"picked":"Whirlwind","floor":5},{"not_picked":["Blood for Blood","Clash","Demon Form"],"picked":"SKIP","floor":6},{"not_picked":["Warcry","Headbutt","Clash"],"picked":"Pommel Strike","floor":10},{"not_picked":["Shockwave","Juggernaut","Iron Wave"],"picked":"Double Tap","floor":13},{"not_picked":["Bludgeon","Berserk","Dark Embrace"],"picked":"Double Tap","floor":16},{"not_picked":["Heavy Blade","Clash","Anger"],"picked":"Burning Pact","floor":18},{"not_picked":["Headbutt","Pommel Strike","Anger","Flex"],"picked":"SKIP","floor":22}],"player_experience":741899,"relics_obtained":[{"floor":6,"key":"Self Forming Clay"},{"floor":7,"key":"Question Card"},{"floor":9,"key":"Lantern"},{"floor":13,"key":"Bottled Flame"},{"floor":20,"key":"Nilry\u0027s Codex"}],"event_choices":[{"damage_healed":25,"gold_gain":0,"player_choice":"Banana","damage_taken":0,"max_hp_gain":0,"max_hp_loss":0,"event_name":"Big Fish","floor":14,"gold_loss":0},{"damage_healed":0,"gold_gain":0,"player_choice":"Obtained Book","damage_taken":21,"max_hp_gain":0,"max_hp_loss":0,"event_name":"Cursed Tome","floor":20,"gold_loss":0},{"damage_healed":0,"gold_gain":0,"cards_transformed":["Strike_R"],"player_choice":"Transformed","damage_taken":0,"max_hp_gain":0,"max_hp_loss":0,"event_name":"Transmorgrifier","floor":21,"gold_loss":0,"cards_obtained":["Armaments"]}],"is_beta":false,"boss_relics":[{"not_picked":["Coffee Dripper","Black Blood"],"picked":"Mark of Pain"}],"items_purged_floors":[11,19],"is_endless":false,"potions_floor_spawned":[2,6,13,18],"killed_by":"Gremlin Leader","ascension_level":19}