{"gold_per_floor":[19,39,57,67,67,67,95,95,122,122,142,173,185,208,220,307,319,350,26,36,0,0,0,0,17,41,59,59,87,102,118,118,195,195,212,212],"floor_reached":36,"playtime":2418,"items_purged":[],"score":779,"play_id":"510e6038-bf47-4403-b092-1fe721e7329f","local_time":"20181025023920","is_ascension_mode":true,"campfire_choices":[{"data":"Neutralize","floor":6,"key":"SMITH"},{"data":"Storm of Steel","floor":8,"key":"SMITH"},{"floor":10,"key":"REST"},{"data":"Dash","floor":15,"key":"SMITH"},{"data":"Wraith Form v2","floor":23,"key":"SMITH"},{"floor":28,"key":"REST"},{"floor":32,"key":"REST"}],"neow_cost":"NO_GOLD","seed_source_timestamp":2934126605722046,"circlet_count":0,"master_deck":["Defend_G","Defend_G","Defend_G","Defend_G","Defend_G","Strike_G+1","Strike_G","Strike_G","Strike_G","Survivor","Neutralize+1","AscendersBane","Dagger Spray","Endless Agony","Outmaneuver","Quick Slash","Storm of Steel+1","Dash+1","Wraith Form v2+1","Footwork","Infinite Blades+1","Footwork+1","Predator+1","Die Die Die","Backflip","Deadly Poison","After Image+1","Caltrops+1","Night Terror","Cloak And Dagger"],"relics":["Ring of the Snake","Dead Branch","The Courier","Gremlin Horn","Boot","MawBank","Runic Dome","Frozen Egg 2","Lantern","Whetstone","Philosopher\u0027s Stone"],"potions_floor_usage":[27,33],"damage_taken":[{"damage":6,"enemies":"Cultist","floor":1,"turns":5},{"damage":4,"enemies":"Jaw Worm","floor":2,"turns":4},{"damage":0,"enemies":"Small Slimes","floor":3,"turns":2},{"damage":4,"enemies":"3 Louse","floor":4,"turns":4},{"damage":18,"enemies":"3 Sentries","floor":7,"turns":6},{"damage":3,"enemies":"Exordium Wildlife","floor":11,"turns":3},{"damage":15,"enemies":"Lagavulin","floor":12,"turns":4},{"damage":0,"enemies":"2 Fungi Beasts","floor":14,"turns":2},{"damage":28,"enemies":"Hexaghost","floor":16,"turns":11},{"damage":0,"enemies":"Spheric Guardian","floor":18,"turns":3},{"damage":6,"enemies":"3 Byrds","floor":20,"turns":3},{"damage":10,"enemies":"Shelled Parasite and Fungi","floor":25,"turns":3},{"damage":15,"enemies":"Snake Plant","floor":27,"turns":4},{"damage":10,"enemies":"Book of Stabbing","floor":29,"turns":5},{"damage":0,"enemies":"Cultist and Chosen","floor":30,"turns":3},{"damage":12,"enemies":"Shelled Parasite and Fungi","floor":31,"turns":3},{"damage":36,"enemies":"Champ","floor":33,"turns":10},{"damage":49,"enemies":"3 Darklings","floor":35,"turns":5},{"damage":10,"enemies":"3 Shapes","floor":36,"turns":4}],"seed_played":"-1235783963679777085","potions_obtained":[{"floor":2,"key":"Ancient Potion"},{"floor":7,"key":"AttackPotion"},{"floor":16,"key":"LiquidBronze"},{"floor":27,"key":"Explosive Potion"},{"floor":35,"key":"AttackPotion"}],"is_trial":false,"path_per_floor":["M","M","M","M","T","R","E","R","T","R","M","E","?","M","R","B",null,"M","$","M","?","?","R","$","M","T","M","R","E","M","M","R","B",null,"M"],"character_chosen":"THE_SILENT","items_purchased":["Frozen Egg 2","Infinite Blades+1","Footwork+1"],"campfire_rested":3,"item_purchase_floors":[19,19,19],"current_hp_per_floor":[53,49,49,45,45,45,27,27,27,46,43,28,33,33,33,5,55,55,55,49,49,49,49,49,39,39,24,45,35,35,23,44,8,55,6,0],"gold":212,"neow_bonus":"ONE_RARE_RELIC","is_prod":false,"is_daily":false,"chose_seed":false,"campfire_upgraded":4,"win_rate":0,"timestamp":1540460360,"path_taken":["M","M","M","M","?","R","E","R","T","R","M","E","?","M","R","BOSS","M","$","M","?","?","R","?","?","T","M","R","E","M","M","R","BOSS","M","M"],"build_version":"2018-10-24","purchased_purges":0,"victory":false,"max_hp_per_floor":[66,66,66,66,66,66,66,66,66,66,66,66,71,71,71,71,71,71,71,71,71,71,71,71,71,71,71,71,71,71,71,71,71,71,71,71],"card_choices":[{"not_picked":["Deadly Poison","Prepared"],"picked":"Dagger Spray","floor":1},{"not_picked":["Catalyst","Deflect"],"picked":"Endless Agony","floor":2},{"not_picked":["Dodge and Roll","Backflip"],"picked":"Outmaneuver","floor":3},{"not_picked":["Outmaneuver","Bane"],"picked":"Quick Slash","floor":4},{"not_picked":["Acrobatics","Caltrops"],"picked":"Storm of Steel","floor":7},{"not_picked":["Poisoned Stab","Dagger Throw","Heel Hook"],"picked":"SKIP","floor":11},{"not_picked":["Crippling Poison","Slice"],"picked":"Dash","floor":12},{"not_picked":["Quick Slash","Blade Dance","Bane"],"picked":"SKIP","floor":14},{"not_picked":["Quick Slash","Blade Dance","Bane"],"picked":"SKIP","floor":14},{"not_picked":["Envenom","Unload"],"picked":"Wraith Form v2","floor":16},{"not_picked":["Bouncing Flask","Quick Slash"],"picked":"Footwork","floor":18},{"not_picked":["Slice","Deflect"],"picked":"Predator","floor":20},{"not_picked":["Blade Dance","Dagger Spray"],"picked":"Backflip","floor":25},{"not_picked":["Poisoned Stab","Dash"],"picked":"Deadly Poison","floor":27},{"not_picked":["Cloak And Dagger","Deadly Poison"],"picked":"After Image+1","floor":29},{"not_picked":["Deadly Poison","Dodge and Roll"],"picked":"Caltrops+1","floor":30},{"not_picked":["Quick Slash","Deadly Poison","Die Die Die"],"picked":"SKIP","floor":31},{"not_picked":["Grand Finale","Burst"],"picked":"Night Terror","floor":33},{"not_picked":["Slice","Predator"],"picked":"Cloak And Dagger","floor":35}],"player_experience":990804,"relics_obtained":[{"floor":5,"key":"The Courier"},{"floor":7,"key":"Gremlin Horn"},{"floor":9,"key":"Boot"},{"floor":12,"key":"MawBank"},{"floor":26,"key":"Lantern"},{"floor":29,"key":"Whetstone"}],"event_choices":[{"damage_healed":0,"gold_gain":0,"player_choice":"Donut","damage_taken":0,"max_hp_gain":5,"max_hp_loss":0,"event_name":"Big Fish","floor":13,"gold_loss":0},{"damage_healed":0,"gold_gain":0,"player_choice":"Paid Fearfully","damage_taken":0,"max_hp_gain":0,"max_hp_loss":0,"event_name":"Masked Bandits","floor":21,"gold_loss":36},{"damage_healed":0,"gold_gain":0,"cards_transformed":["Strike_G"],"player_choice":"Transformed","damage_taken":0,"max_hp_gain":0,"max_hp_loss":0,"event_name":"Transmorgrifier","floor":22,"gold_loss":0,"cards_obtained":["Die Die Die"]}],"is_beta":true,"boss_relics":[{"not_picked":["Velvet Choker","Coffee Dripper"],"picked":"Runic Dome"},{"not_picked":["Calling Bell","Black Star"],"picked":"Philosopher\u0027s Stone"}],"items_purged_floors":[],"is_endless":false,"potions_floor_spawned":[2,7,14,16,27,29,35],"killed_by":"3 Shapes","ascension_level":17}