{"gold_per_floor":[109,109,124,124,137,137,169,181,244,256,268,290,21,40,40,40],"floor_reached":16,"playtime":558,"items_purged":[],"score":200,"play_id":"6fcc1edb-9d9d-4274-a3f4-984750aeb6e6","local_time":"20190814232732","is_ascension_mode":true,"campfire_choices":[{"data":"Neutralize","floor":6.0,"key":"SMITH"},{"data":"Dagger Spray","floor":8.0,"key":"SMITH"},{"floor":11.0,"key":"REST"},{"data":"Unload","floor":15.0,"key":"SMITH"}],"neow_cost":"NONE","seed_source_timestamp":4488167468322900,"circlet_count":0,"master_deck":["AscendersBane","Strike_G+1","Strike_G+1","Strike_G","Strike_G","Defend_G","Defend_G","Defend_G","Defend_G","Defend_G","Survivor","Neutralize+1","Footwork+1","Dagger Spray+1","Backflip","Unload+1","Flying Knee","Finisher"],"special_seed":0,"relics":["Ring of the Snake","NeowsBlessing","Oddly Smooth Stone","MawBank","Whetstone","Frozen Egg 2"],"potions_floor_usage":[16],"damage_taken":[{"damage":0.0,"enemies":"2 Louse","floor":1.0,"turns":1.0},{"damage":0.0,"enemies":"Small Slimes","floor":3.0,"turns":1.0},{"damage":0.0,"enemies":"Jaw Worm","floor":5.0,"turns":1.0},{"damage":30.0,"enemies":"Gremlin Nob","floor":7.0,"turns":5.0},{"damage":0.0,"enemies":"Blue Slaver","floor":12.0,"turns":4.0},{"damage":0.0,"enemies":"Red Slaver","floor":14.0,"turns":5.0},{"damage":31,"enemies":"Slime Boss","floor":16,"turns":8}],"seed_played":"-2522248247696641801","potions_obtained":[{"floor":5.0,"key":"SteroidPotion"},{"floor":7.0,"key":"Poison Potion"}],"is_trial":false,"path_per_floor":["M","?","M","?","M","R","E","R","T","?","R","M","$","M","R","B"],"character_chosen":"THE_SILENT","items_purchased":["Frozen Egg 2"],"campfire_rested":1,"item_purchase_floors":[13],"current_hp_per_floor":[59,59,59,41,41,41,11,11,11,4,23,23,23,23,23,0],"gold":40,"neow_bonus":"THREE_ENEMY_KILL","is_prod":false,"is_daily":false,"chose_seed":false,"campfire_upgraded":3,"win_rate":0,"timestamp":1565850452,"path_taken":["M","?","M","?","M","R","E","R","T","?","R","M","?","M","R","BOSS"],"build_version":"2019-07-18","purchased_purges":0,"victory":false,"max_hp_per_floor":[66,66,66,66,66,66,66,66,66,66,66,66,66,66,66,66],"card_choices":[{"not_picked":["Acrobatics","Deflect"],"picked":"Footwork","floor":1.0},{"not_picked":["Deadly Poison","Cloak And Dagger"],"picked":"Dagger Spray","floor":3.0},{"not_picked":["Dagger Throw","Calculated Gamble"],"picked":"Backflip","floor":5.0},{"not_picked":["Choke","Leg Sweep"],"picked":"Unload","floor":7.0},{"not_picked":["Quick Slash","Acrobatics"],"picked":"Flying Knee","floor":12.0},{"not_picked":["Backflip","Bouncing Flask"],"picked":"Finisher","floor":14.0}],"player_experience":3528382,"relics_obtained":[{"floor":7.0,"key":"MawBank"},{"floor":9.0,"key":"Whetstone"}],"event_choices":[{"damage_healed":0.0,"max_hp_gain":0.0,"max_hp_loss":0.0,"gold_gain":0.0,"event_name":"Living Wall","player_choice":"Grow","floor":2.0,"gold_loss":0.0,"damage_taken":0.0,"cards_upgraded":["Footwork"]},{"damage_healed":0.0,"max_hp_gain":0.0,"max_hp_loss":0.0,"gold_gain":0.0,"event_name":"Scrap Ooze","player_choice":"Success","floor":4.0,"gold_loss":0.0,"damage_taken":18.0,"relics_obtained":["Oddly Smooth Stone"]},{"cards_removed":["Strike_G"],"damage_healed":0.0,"max_hp_gain":0.0,"max_hp_loss":0.0,"gold_gain":0.0,"event_name":"Golden Wing","player_choice":"Card Removal","floor":10.0,"gold_loss":0.0,"damage_taken":7.0}],"is_beta":true,"boss_relics":[],"items_purged_floors":[],"is_endless":false,"potions_floor_spawned":[5,7],"killed_by":"Slime Boss","ascension_level":20}