{"gold_per_floor":[113,124,104,4,24,50,50,50,50,50,50,85,10,27,27,103,103,115,30,105,105,120,120,70,70,95,95,95,12,12,26,26,100,100,118,118,131,31,41,41],"floor_reached":40,"playtime":1962,"items_purged":["Strike_B","Strike_B"],"score":784,"play_id":"36ed88da-e557-4c8a-bb9d-5787c050a15d","local_time":"20181224054832","is_ascension_mode":true,"campfire_choices":[{"data":"Zap","floor":7.0,"key":"SMITH"},{"data":"Streamline","floor":11.0,"key":"SMITH"},{"floor":15,"key":"REST"},{"data":"Consume","floor":23,"key":"SMITH"},{"data":"Capacitor","floor":25,"key":"SMITH"},{"floor":27,"key":"REST"},{"floor":32,"key":"REST"}],"neow_cost":"NONE","seed_source_timestamp":0,"circlet_count":0,"master_deck":["AscendersBane","Strike_B+1","Defend_B+1","Defend_B","Defend_B","Defend_B","Zap+1","Dualcast+1","Compile Driver+1","Streamline+1","Capacitor+1","Barrage+1","BootSequence+1","Coolheaded+1","Sweeping Beam+1","Steam","Core Surge","Cold Snap","Consume+1","Self Repair","Biased Cognition","Reinforced Body+1"],"special_seed":0,"relics":["Cracked Core","NeowsBlessing","Gremlin Horn","Whetstone","Omamori","Nuclear Battery","Kunai","War Paint","Ancient Tea Set","Cursed Key"],"potions_floor_usage":[12,28,33,40,40],"damage_taken":[{"damage":0.0,"enemies":"2 Louse","floor":1.0,"turns":1.0},{"damage":0.0,"enemies":"Cultist","floor":2.0,"turns":1.0},{"damage":0.0,"enemies":"Small Slimes","floor":5.0,"turns":1.0},{"damage":25.0,"enemies":"3 Sentries","floor":6.0,"turns":10.0},{"damage":32,"enemies":"Gremlin Nob","floor":12,"turns":4},{"damage":0,"enemies":"Looter","floor":14,"turns":2},{"damage":10,"enemies":"The Guardian","floor":16,"turns":11},{"damage":14,"enemies":"Shell Parasite","floor":18,"turns":5},{"damage":10,"enemies":"Chosen","floor":22,"turns":4},{"damage":6,"enemies":"3 Cultists","floor":28,"turns":3},{"damage":29,"enemies":"Shelled Parasite and Fungi","floor":31,"turns":5},{"damage":46,"enemies":"Automaton","floor":33,"turns":13},{"damage":0,"enemies":"3 Shapes","floor":35,"turns":8},{"damage":5,"enemies":"Orb Walker","floor":37,"turns":3},{"damage":28,"enemies":"Spire Growth","floor":39,"turns":6},{"damage":49,"enemies":"Giant Head","floor":40,"turns":10}],"seed_played":"-3182925765612479613","potions_obtained":[{"floor":2.0,"key":"AttackPotion"},{"floor":3.0,"key":"EntropicBrew"},{"floor":6.0,"key":"SpeedPotion"},{"floor":22,"key":"SmokeBomb"},{"floor":31,"key":"Dexterity Potion"},{"floor":33,"key":"EssenceOfSteel"},{"floor":35,"key":"AttackPotion"}],"is_trial":false,"path_per_floor":["M","M","?","$","M","E","R","?","T","?","R","E","$","M","R","B",null,"M","$","T","$","M","R","?","R","T","R","M","$","?","M","R","B",null,"M","?","M","$","M","E"],"character_chosen":"DEFECT","items_purchased":["Capacitor","Barrage","Consume","Self Repair"],"campfire_rested":3,"item_purchase_floors":[4,4,19,29],"current_hp_per_floor":[64,64,64,64,64,39,39,39,39,39,39,7,7,7,28,18,58,44,44,44,44,34,34,34,34,34,55,49,49,49,27,48,9,56,63,63,58,58,37,0],"gold":41,"neow_bonus":"THREE_ENEMY_KILL","is_prod":false,"is_daily":false,"chose_seed":false,"campfire_upgraded":4,"win_rate":0,"timestamp":1545659312,"path_taken":["M","M","?","$","?","E","R","?","T","?","R","E","$","M","R","BOSS","M","?","?","$","M","R","?","R","T","R","?","$","?","M","R","BOSS","M","?","?","$","M","E"],"build_version":"2018-12-20","purchased_purges":2,"victory":false,"max_hp_per_floor":[71,71,71,71,71,71,71,71,71,71,71,71,71,71,71,71,71,71,71,71,71,71,71,71,71,71,71,71,71,71,71,71,71,71,71,71,71,71,71,71],"card_choices":[{"not_picked":["Redo","Reinforced Body"],"picked":"Compile Driver","floor":1.0},{"not_picked":["Stack","Go for the Eyes"],"picked":"Streamline","floor":2.0},{"not_picked":["Storm","Heatsinks"],"picked":"BootSequence","floor":5.0},{"not_picked":["Go for the Eyes","Steam"],"picked":"Coolheaded","floor":6.0},{"not_picked":["Turbo","Sunder"],"picked":"Sweeping Beam","floor":12},{"not_picked":["BootSequence","Stack"],"picked":"Steam","floor":14},{"not_picked":["Rainbow","Thunder Strike"],"picked":"Core Surge","floor":16},{"not_picked":["Beam Cell","Stack"],"picked":"Cold Snap","floor":18},{"not_picked":["Stack","Lockon","Coolheaded"],"picked":"SKIP","floor":22},{"not_picked":["Steam Power","Melter","Auto Shields"],"picked":"SKIP","floor":31},{"not_picked":["Meteor Strike","Reboot"],"picked":"Biased Cognition","floor":33},{"not_picked":["Conserve Battery","Turbo+1","Rebound"],"picked":"SKIP","floor":35},{"not_picked":["Fusion+1","Auto Shields+1"],"picked":"Reinforced Body+1","floor":37},{"not_picked":["Turbo","Heatsinks","Ball Lightning"],"picked":"SKIP","floor":39}],"player_experience":1129524,"relics_obtained":[{"floor":6.0,"key":"Gremlin Horn"},{"floor":9.0,"key":"Whetstone"},{"floor":12,"key":"Omamori"},{"floor":20,"key":"Kunai"},{"floor":26,"key":"War Paint"}],"event_choices":[{"damage_healed":0.0,"max_hp_gain":0.0,"max_hp_loss":0.0,"gold_gain":0.0,"event_name":"The Woman in Blue","player_choice":"Bought 1 Potion","floor":3.0,"gold_loss":0.0,"damage_taken":0.0},{"damage_healed":0.0,"max_hp_gain":0.0,"max_hp_loss":0.0,"gold_gain":0.0,"event_name":"Living Wall","player_choice":"Grow","floor":8.0,"gold_loss":0.0,"damage_taken":0.0,"cards_upgraded":["Coolheaded"]},{"damage_healed":0.0,"max_hp_gain":0.0,"max_hp_loss":0.0,"gold_gain":0.0,"event_name":"Upgrade Shrine","player_choice":"Upgraded","floor":10.0,"gold_loss":0.0,"damage_taken":0.0,"cards_upgraded":["Dualcast"]},{"damage_healed":0,"gold_gain":0,"player_choice":"Upgraded Two","damage_taken":0,"max_hp_gain":0,"max_hp_loss":0,"event_name":"Designer","floor":24,"gold_loss":50,"cards_upgraded":["Strike_B","Sweeping Beam"]},{"damage_healed":0,"gold_gain":0,"player_choice":"Stole Relic","damage_taken":0,"relics_obtained":["Ancient Tea Set"],"max_hp_gain":0,"max_hp_loss":0,"event_name":"Addict","floor":30,"gold_loss":0,"cards_obtained":["Shame"]},{"cards_removed":["Strike_B"],"damage_healed":0,"gold_gain":0,"player_choice":"Purged","damage_taken":0,"max_hp_gain":0,"max_hp_loss":0,"event_name":"Purifier","floor":36,"gold_loss":0}],"is_beta":true,"boss_relics":[{"not_picked":["Orrery","Eternal Feather"],"picked":"Nuclear Battery"},{"not_picked":["Lizard Tail","Runic Dome"],"picked":"Cursed Key"}],"items_purged_floors":[13,38],"is_endless":false,"potions_floor_spawned":[2,6,22,31,33,35],"killed_by":"Giant Head","ascension_level":20}