{"gold_per_floor":[115,133,408,216,229,258,258,323,369,81,92,118,118,145,145,145],"floor_reached":16,"playtime":1367,"items_purged":["Regret"],"score":224,"play_id":"b3d3830a-2f98-4a2e-ab9e-a0712864d4e3","local_time":"20181021232801","is_ascension_mode":true,"campfire_choices":[{"data":"1","floor":13,"key":"LIFT"},{"floor":15,"key":"REST"}],"neow_cost":"NONE","seed_source_timestamp":2664499573944641,"circlet_count":0,"master_deck":["Defend_G","Defend_G","Defend_G","Defend_G","Strike_G","Strike_G","Strike_G","Strike_G","Survivor","Neutralize","AscendersBane","Sucker Punch","Poisoned Stab","Flechettes","Cloak And Dagger","Dagger Throw","Deadly Poison","Crippling Poison","Adrenaline","Leg Sweep"],"relics":["Empty Cage","Letter Opener","Tiny Chest","PreservedInsect","Girya","Unceasing Top","Bag of Marbles"],"potions_floor_usage":[6,8,16,16],"damage_taken":[{"damage":3,"enemies":"Jaw Worm","floor":1,"turns":5},{"damage":0,"enemies":"Cultist","floor":2,"turns":4},{"damage":0,"enemies":"Small Slimes","floor":5,"turns":3},{"damage":12,"enemies":"Lagavulin","floor":6,"turns":8},{"damage":20,"enemies":"Gremlin Nob","floor":8,"turns":4},{"damage":8,"enemies":"Looter","floor":11,"turns":3},{"damage":7,"enemies":"Lagavulin","floor":12,"turns":6},{"damage":9,"enemies":"3 Sentries","floor":14,"turns":6},{"damage":41,"enemies":"Slime Boss","floor":16,"turns":10}],"seed_played":"3847642461748671774","potions_obtained":[{"floor":5,"key":"Strength Potion"},{"floor":6,"key":"AttackPotion"},{"floor":8,"key":"SteroidPotion"}],"is_trial":false,"path_per_floor":["M","M","?","$","M","E","?","E","T","$","M","E","R","E","R"],"character_chosen":"THE_SILENT","items_purchased":["Flechettes","SpeedPotion","Girya"],"campfire_rested":1,"item_purchase_floors":[4,4,10],"current_hp_per_floor":[56,56,56,56,56,44,66,46,46,46,38,31,31,22,41,0],"gold":145,"neow_bonus":"BOSS_RELIC","is_prod":false,"is_daily":false,"chose_seed":false,"campfire_upgraded":0,"win_rate":0,"timestamp":1540189681,"path_taken":["M","M","?","$","M","E","?","E","T","$","M","E","R","E","R","BOSS"],"build_version":"2018-10-19","purchased_purges":1,"victory":false,"max_hp_per_floor":[66,66,66,66,66,66,66,66,66,66,66,66,66,66,66,66],"card_choices":[{"not_picked":["Flying Knee","PiercingWail"],"picked":"Sucker Punch","floor":1},{"not_picked":["Catalyst","Finisher"],"picked":"Poisoned Stab","floor":2},{"not_picked":["Backflip","Endless Agony"],"picked":"Cloak And Dagger","floor":5},{"not_picked":["Concentrate","Prepared"],"picked":"Dagger Throw","floor":6},{"not_picked":["Calculated Gamble","Tactician"],"picked":"Deadly Poison","floor":8},{"not_picked":["Poisoned Stab","All Out Attack"],"picked":"Crippling Poison","floor":11},{"not_picked":["Dagger Throw","Skewer"],"picked":"Adrenaline","floor":12},{"not_picked":["Poisoned Stab","Heel Hook"],"picked":"Leg Sweep","floor":14}],"player_experience":936465,"relics_obtained":[{"floor":6,"key":"Letter Opener"},{"floor":8,"key":"Tiny Chest"},{"floor":9,"key":"PreservedInsect"},{"floor":12,"key":"Unceasing Top"},{"floor":14,"key":"Bag of Marbles"}],"event_choices":[{"damage_healed":0,"gold_gain":275,"player_choice":"Desecrate","damage_taken":0,"max_hp_gain":0,"max_hp_loss":0,"event_name":"Golden Shrine","floor":3,"gold_loss":0,"cards_obtained":["Regret"]},{"damage_healed":22,"gold_gain":0,"player_choice":"Full Heal","damage_taken":0,"max_hp_gain":0,"max_hp_loss":0,"event_name":"Wheel of Change","floor":7,"gold_loss":0}],"is_beta":true,"boss_relics":[],"items_purged_floors":[4],"is_endless":false,"potions_floor_spawned":[5,6,8,14],"killed_by":"Slime Boss","ascension_level":15}