{"gold_per_floor":[114,33,50,62,62,62,146,146,146,146,181,69,394,406,406,509,509,509,509,4,4,4,4,4,4,4,4,4,4,4,4,4,4,4,4,4,4,4,4,4,4,4,4,4,4,4,4,0,0,0],"floor_reached":51,"playtime":3139,"items_purged":["Regret","Strike_G"],"score":807,"play_id":"75266511-83a2-40d1-941e-b8da33cc81d3","local_time":"20190318010840","is_ascension_mode":true,"campfire_choices":[{"data":"Neutralize","floor":6,"key":"SMITH"},{"data":"Predator","floor":10,"key":"SMITH"},{"data":"Caltrops","floor":15,"key":"SMITH"},{"data":"Glass Knife","floor":23,"key":"SMITH"},{"data":"Corpse Explosion","floor":25,"key":"SMITH"},{"data":"Leg Sweep","floor":30,"key":"SMITH"},{"data":"Backflip","floor":32,"key":"SMITH"},{"data":"Dash","floor":40,"key":"SMITH"},{"data":"Phantasmal Killer","floor":46,"key":"SMITH"},{"data":"Crippling Poison","floor":49,"key":"SMITH"}],"neow_cost":"NONE","seed_source_timestamp":41400061257946,"circlet_count":0,"master_deck":["Defend_G+1","Defend_G+1","Defend_G+1","Defend_G+1","Defend_G+1","Neutralize+1","Dagger Spray","Footwork+1","Cloak And Dagger","Predator+1","Corpse Explosion+1","Caltrops+1","PiercingWail","Backflip+1","Glass Knife+1","Quick Slash+1","Dagger Spray+1","Leg Sweep+1","Well Laid Plans","Dash+1","Bite","Bite","Bite","Bite","Bite","Deadly Poison+1","Phantasmal Killer+1","Backstab+1","Infinite Blades+1","Thinking Ahead","Catalyst+1","Crippling Poison+1","Footwork+1"],"relics":["Ring of the Snake","The Specimen","Tiny Chest","Meat on the Bone","Pen Nib","Old Coin","Ectoplasm","Matryoshka","Ornamental Fan","MawBank","Coffee Dripper","Regal Pillow","Boot","Frozen Egg 2","Red Mask"],"potions_floor_usage":[10,11,13,27,33,33,50,50,50],"damage_taken":[{"damage":5,"enemies":"Small Slimes","floor":1,"turns":3},{"damage":0,"enemies":"Jaw Worm","floor":3,"turns":5},{"damage":1,"enemies":"2 Louse","floor":4,"turns":2},{"damage":19,"enemies":"Lagavulin","floor":11,"turns":8},{"damage":9,"enemies":"Gremlin Nob","floor":13,"turns":5},{"damage":0,"enemies":"Looter","floor":14,"turns":3},{"damage":12,"enemies":"Hexaghost","floor":16,"turns":10},{"damage":9,"enemies":"Shell Parasite","floor":18,"turns":6},{"damage":0,"enemies":"3 Byrds","floor":19,"turns":2},{"damage":0,"enemies":"Snake Plant","floor":27,"turns":3},{"damage":10,"enemies":"Chosen and Byrds","floor":29,"turns":3},{"damage":9,"enemies":"Snecko","floor":31,"turns":6},{"damage":33,"enemies":"Champ","floor":33,"turns":14},{"damage":0,"enemies":"3 Shapes","floor":35,"turns":2},{"damage":7,"enemies":"Orb Walker","floor":39,"turns":2},{"damage":49,"enemies":"Giant Head","floor":42,"turns":9},{"damage":19,"enemies":"Writhing Mass","floor":45,"turns":5},{"damage":0,"enemies":"Transient","floor":47,"turns":5},{"damage":40,"enemies":"Time Eater","floor":50,"turns":11}],"seed_played":"-5549663149131351380","potions_obtained":[{"floor":0,"key":"Poison Potion"},{"floor":0,"key":"Fruit Juice"},{"floor":0,"key":"Explosive Potion"},{"floor":11,"key":"Block Potion"},{"floor":16,"key":"Swift Potion"},{"floor":29,"key":"SteroidPotion"},{"floor":39,"key":"Strength Potion"},{"floor":47,"key":"GhostInAJar"}],"is_trial":false,"path_per_floor":["M","$","M","M","?","R","T","?","T","R","E","$","E","M","R","B",null,"M","M","$","?","$","R","?","R","T","M","?","M","R","M","R","B",null,"M","?","$","?","M","R","?","E","T","$","M","R","M","?","R","B",null],"character_chosen":"THE_SILENT","items_purchased":["Footwork","Caltrops","Matryoshka","Leg Sweep","Well Laid Plans","Energy Potion"],"campfire_rested":0,"item_purchase_floors":[2,12,20,20,20,20],"current_hp_per_floor":[65,65,65,64,64,64,64,64,64,69,50,50,41,41,41,41,75,66,66,66,66,66,66,66,66,66,68,68,64,64,63,63,54,75,75,71,71,71,66,66,66,37,37,37,36,36,46,46,46,32],"gold":0,"neow_bonus":"THREE_SMALL_POTIONS","is_prod":false,"is_daily":false,"chose_seed":false,"campfire_upgraded":10,"win_rate":0,"timestamp":1552867720,"path_taken":["M","$","M","M","?","R","?","?","T","R","E","$","E","M","R","BOSS","M","M","$","?","$","R","?","R","T","M","?","M","R","M","R","BOSS","M","?","$","?","M","R","?","E","T","?","M","R","?","?","R","BOSS"],"build_version":"2019-03-15","purchased_purges":2,"victory":true,"max_hp_per_floor":[70,70,70,70,70,70,70,70,70,75,75,75,75,75,75,75,75,75,75,75,75,75,75,75,75,75,75,75,75,75,75,75,75,75,75,71,71,71,71,71,71,71,71,71,71,71,71,71,71,71],"card_choices":[{"not_picked":["Poisoned Stab","Underhanded Strike"],"picked":"Dagger Spray","floor":1},{"not_picked":["Poisoned Stab","Predator"],"picked":"Cloak And Dagger","floor":3},{"not_picked":["Blade Dance","Catalyst"],"picked":"Predator","floor":4},{"not_picked":["Bane","Night Terror"],"picked":"Corpse Explosion","floor":11},{"not_picked":["Poisoned Stab","Underhanded Strike"],"picked":"PiercingWail","floor":13},{"not_picked":["Accuracy","Acrobatics"],"picked":"Backflip","floor":14},{"not_picked":["Malaise","Doppelganger"],"picked":"Glass Knife","floor":16},{"not_picked":["Acrobatics","PiercingWail"],"picked":"Quick Slash+1","floor":18},{"not_picked":["All Out Attack","PiercingWail"],"picked":"Dagger Spray+1","floor":19},{"not_picked":["Masterful Stab","Concentrate"],"picked":"Dash","floor":27},{"not_picked":["Endless Agony","Backflip"],"picked":"Deadly Poison+1","floor":29},{"not_picked":["Dodge and Roll","Blade Dance","Backflip"],"picked":"SKIP","floor":31},{"not_picked":["Grand Finale","Doppelganger"],"picked":"Phantasmal Killer","floor":33},{"not_picked":["Accuracy+1","Deadly Poison+1"],"picked":"Backstab+1","floor":35},{"not_picked":["Quick Slash","PiercingWail"],"picked":"Infinite Blades+1","floor":39},{"not_picked":["Discovery","Mind Blast"],"picked":"Thinking Ahead","floor":41},{"not_picked":["Infinite Blades+1","Tactician"],"picked":"Catalyst+1","floor":42},{"not_picked":["Flying Knee+1","Outmaneuver"],"picked":"Crippling Poison","floor":45},{"not_picked":["Quick Slash+1","Dodge and Roll"],"picked":"Footwork+1","floor":47}],"player_experience":303081,"relics_obtained":[{"floor":7,"key":"Tiny Chest"},{"floor":9,"key":"Meat on the Bone"},{"floor":11,"key":"Pen Nib"},{"floor":13,"key":"Old Coin"},{"floor":26,"key":"MawBank"},{"floor":26,"key":"Blood Vial"},{"floor":42,"key":"Regal Pillow"},{"floor":43,"key":"Boot"},{"floor":43,"key":"Frozen Egg 2"}],"event_choices":[{"damage_healed":0,"gold_gain":0,"player_choice":"Box","damage_taken":0,"relics_obtained":["The Specimen"],"max_hp_gain":0,"max_hp_loss":0,"event_name":"Big Fish","floor":5,"gold_loss":0,"cards_obtained":["Regret"]},{"damage_healed":0,"gold_gain":0,"player_choice":"Grow","damage_taken":0,"max_hp_gain":0,"max_hp_loss":0,"event_name":"Living Wall","floor":8,"gold_loss":0,"cards_upgraded":["Footwork"]},{"damage_healed":0,"gold_gain":0,"player_choice":"Opened","damage_taken":0,"relics_obtained":["Ornamental Fan"],"max_hp_gain":0,"max_hp_loss":0,"event_name":"The Mausoleum","floor":21,"gold_loss":0},{"damage_healed":0,"gold_gain":0,"player_choice":"Simplicity","damage_taken":0,"max_hp_gain":0,"max_hp_loss":0,"event_name":"Back to Basics","floor":24,"gold_loss":0,"cards_upgraded":["Defend_G","Defend_G","Defend_G","Defend_G","Defend_G","Strike_G","Strike_G","Strike_G","Strike_G"]},{"damage_healed":0,"gold_gain":0,"player_choice":"Became a vampire (Vial)","damage_taken":0,"max_hp_gain":0,"max_hp_loss":0,"event_name":"Vampires","floor":28,"relics_lost":["Blood Vial"],"gold_loss":0,"cards_obtained":["Bite","Bite","Bite","Bite","Bite"]},{"damage_healed":0,"gold_gain":0,"player_choice":"Max HP","damage_taken":0,"max_hp_gain":0,"max_hp_loss":4,"event_name":"Winding Halls","floor":36,"gold_loss":0},{"cards_removed":["Survivor"],"damage_healed":0,"gold_gain":0,"player_choice":"Removed Skill","damage_taken":0,"max_hp_gain":0,"max_hp_loss":0,"event_name":"Falling","floor":38,"gold_loss":0},{"damage_healed":0,"gold_gain":0,"player_choice":"Memory 1","damage_taken":0,"max_hp_gain":0,"max_hp_loss":0,"event_name":"SensoryStone","floor":41,"gold_loss":0},{"damage_healed":0,"gold_gain":0,"player_choice":"Paid","damage_taken":0,"relics_obtained":["Red Mask"],"max_hp_gain":0,"max_hp_loss":0,"event_name":"Tomb of Lord Red Mask","floor":48,"gold_loss":4}],"is_beta":true,"boss_relics":[{"not_picked":["Fusion Hammer","HoveringKite"],"picked":"Ectoplasm"},{"not_picked":["Empty Cage","Astrolabe"],"picked":"Coffee Dripper"}],"items_purged_floors":[12,20],"is_endless":false,"potions_floor_spawned":[11,16,29,31,39,47],"ascension_level":4}