{"gold_per_floor":[109,109,122,47,61,88,108,126,151,151,163,143,175,195,195,195],"floor_reached":16,"playtime":810,"items_purged":["Decay"],"score":228,"play_id":"4c9a340a-f13e-419f-98f1-b1cbbed65c47","local_time":"20190515025356","is_ascension_mode":true,"campfire_choices":[{"data":"Bash","floor":10,"key":"SMITH"},{"floor":15,"key":"REST"}],"neow_cost":"NONE","seed_source_timestamp":1654576916577253,"circlet_count":0,"master_deck":["AscendersBane","Strike_R","Strike_R","Strike_R","Strike_R","Strike_R","Defend_R","Defend_R","Defend_R","Defend_R","Bash+1","Sword Boomerang","Offering","Dropkick","Shrug It Off","Metallicize","Clothesline","Feel No Pain","Sever Soul","Fiend Fire"],"relics":["Burning Blood","NeowsBlessing","Matryoshka","Letter Opener","Orichalcum","Oddly Smooth Stone"],"potions_floor_usage":[6,13,16],"damage_taken":[{"damage":0,"enemies":"2 Louse","floor":1,"turns":1},{"damage":0,"enemies":"Cultist","floor":3,"turns":1},{"damage":0,"enemies":"Small Slimes","floor":5,"turns":1},{"damage":35,"enemies":"Gremlin Nob","floor":6,"turns":4},{"damage":31,"enemies":"Gremlin Gang","floor":7,"turns":7},{"damage":7,"enemies":"3 Louse","floor":8,"turns":5},{"damage":10,"enemies":"Blue Slaver","floor":11,"turns":5},{"damage":9,"enemies":"3 Sentries","floor":13,"turns":8},{"damage":7,"enemies":"Exordium Wildlife","floor":14,"turns":5},{"damage":38,"enemies":"Hexaghost","floor":16,"turns":9}],"seed_played":"1541638289428029455","potions_obtained":[{"floor":3,"key":"EssenceOfSteel"},{"floor":6,"key":"EssenceOfSteel"},{"floor":11,"key":"Weak Potion"},{"floor":12,"key":"Fire Potion"}],"is_trial":false,"path_per_floor":["M","?","M","$","M","E","M","M","T","R","M","?","E","M","R","B"],"character_chosen":"IRONCLAD","items_purchased":[],"campfire_rested":1,"item_purchase_floors":[],"current_hp_per_floor":[74,74,75,75,75,46,21,20,20,20,16,16,13,12,34,0],"gold":195,"neow_bonus":"THREE_ENEMY_KILL","is_prod":false,"is_daily":false,"chose_seed":false,"campfire_upgraded":1,"win_rate":0,"timestamp":1557914036,"path_taken":["M","?","?","$","M","E","M","M","T","R","M","?","E","?","R","BOSS"],"build_version":"2019-05-07","purchased_purges":1,"victory":false,"max_hp_per_floor":[75,75,75,75,75,75,75,75,75,75,75,75,75,75,75,75],"card_choices":[{"not_picked":["Heavy Blade","Pommel Strike"],"picked":"Sword Boomerang","floor":1},{"not_picked":["Power Through","Sentinel"],"picked":"Offering","floor":3},{"not_picked":["Ghostly Armor","Body Slam"],"picked":"Dropkick","floor":5},{"not_picked":["Perfected Strike","Rage"],"picked":"Shrug It Off","floor":6},{"not_picked":["Searing Blow","Whirlwind"],"picked":"Metallicize","floor":7},{"not_picked":["Perfected Strike","Shrug It Off"],"picked":"Clothesline","floor":8},{"not_picked":["Thunderclap","Havoc"],"picked":"Feel No Pain","floor":11},{"not_picked":["Headbutt","Heavy Blade"],"picked":"Sever Soul","floor":13},{"not_picked":["Flex","Body Slam"],"picked":"Fiend Fire","floor":14}],"player_experience":1255342,"relics_obtained":[{"floor":6,"key":"Matryoshka"},{"floor":9,"key":"Letter Opener"},{"floor":9,"key":"Orichalcum"},{"floor":13,"key":"Oddly Smooth Stone"}],"event_choices":[{"damage_healed":0,"gold_gain":0,"player_choice":"Cursed","damage_taken":0,"max_hp_gain":0,"max_hp_loss":0,"event_name":"Wheel of Change","floor":2,"gold_loss":0,"cards_obtained":["Decay"]},{"damage_healed":0,"gold_gain":0,"player_choice":"Bought 1 Potion","damage_taken":0,"max_hp_gain":0,"max_hp_loss":0,"event_name":"The Woman in Blue","floor":12,"gold_loss":0}],"is_beta":true,"boss_relics":[],"items_purged_floors":[4],"is_endless":false,"potions_floor_spawned":[3,6,11],"killed_by":"Hexaghost","ascension_level":20}