{"gold_per_floor":[113,163,174,194,494,521,535,535,616,636,561,54,84,94,94,172,172,188,199,210,210,220,220,251,251,251,251,251,280,280,291,291,368,368,380,380,390,400,400,400,417,451,451,451,479,479,479,498,498,498],"floor_reached":50,"playtime":4146,"items_purged":["Strike_B"],"score":1279,"play_id":"cfb31dbe-888a-413d-9c06-ace58238990c","local_time":"20190619110226","is_ascension_mode":true,"campfire_choices":[{"data":"Go for the Eyes","floor":8.0,"key":"SMITH"},{"data":"Zap","floor":15.0,"key":"SMITH"},{"data":"Creative AI","floor":23.0,"key":"SMITH"},{"data":"Biased Cognition","floor":25.0,"key":"SMITH"},{"data":"Static Discharge","floor":28.0,"key":"SMITH"},{"data":"Chaos","floor":32.0,"key":"SMITH"},{"data":"Rainbow","floor":40.0,"key":"SMITH"},{"data":"Seek","floor":44.0,"key":"SMITH"},{"data":"Fission","floor":46.0,"key":"SMITH"},{"data":"Dualcast","floor":49.0,"key":"SMITH"}],"neow_cost":"NONE","seed_source_timestamp":314129480030500,"circlet_count":0,"master_deck":["AscendersBane","Strike_B","Defend_B","Defend_B","Defend_B","Zap+1","Dualcast+1","Ball Lightning","Glacier","Electrodynamics","Static Discharge+1","Go for the Eyes+1","Go for the Eyes+1","Force Field","Biased Cognition+1","Creative AI+1","Reinforced Body","Chaos+1","Recycle","Rainbow+1","Tempest+1","Fission+1","Finesse","Seek+1","Steam"],"special_seed":0,"relics":["Cracked Core","Anchor","Old Coin","Blood Vial","Molten Egg 2","Bird Faced Urn","Pocketwatch","Busted Crown","Oddly Smooth Stone","Mercury Hourglass","Shuriken","Ginger","Coffee Dripper","Thread and Needle","Bottled Flame","Dream Catcher"],"potions_floor_usage":[50,50],"damage_taken":[{"damage":0.0,"enemies":"Small Slimes","floor":1.0,"turns":2.0},{"damage":1.0,"enemies":"Cultist","floor":3.0,"turns":3.0},{"damage":0.0,"enemies":"2 Louse","floor":4.0,"turns":2.0},{"damage":28.0,"enemies":"Lagavulin","floor":6.0,"turns":7.0},{"damage":6.0,"enemies":"Exordium Thugs","floor":7.0,"turns":3.0},{"damage":1.0,"enemies":"Looter","floor":10.0,"turns":3.0},{"damage":0.0,"enemies":"3 Sentries","floor":13.0,"turns":2.0},{"damage":4.0,"enemies":"3 Louse","floor":14.0,"turns":3.0},{"damage":0.0,"enemies":"The Guardian","floor":16.0,"turns":9.0},{"damage":11.0,"enemies":"Spheric Guardian","floor":18.0,"turns":4.0},{"damage":1.0,"enemies":"2 Thieves","floor":19.0,"turns":4.0},{"damage":5.0,"enemies":"Centurion and Healer","floor":20.0,"turns":4.0},{"damage":1.0,"enemies":"Snake Plant","floor":22.0,"turns":4.0},{"damage":1.0,"enemies":"Book of Stabbing","floor":24.0,"turns":7.0},{"damage":17.0,"enemies":"Gremlin Leader","floor":29.0,"turns":4.0},{"damage":0.0,"enemies":"Snecko","floor":31.0,"turns":3.0},{"damage":41.0,"enemies":"Automaton","floor":33.0,"turns":7.0},{"damage":0.0,"enemies":"Orb Walker","floor":35.0,"turns":4.0},{"damage":0.0,"enemies":"3 Shapes","floor":37.0,"turns":4.0},{"damage":0.0,"enemies":"Transient","floor":38.0,"turns":6.0},{"damage":0.0,"enemies":"4 Shapes","floor":41.0,"turns":4.0},{"damage":63.0,"enemies":"Giant Head","floor":42.0,"turns":10.0},{"damage":1.0,"enemies":"Nemesis","floor":45.0,"turns":7.0},{"damage":8.0,"enemies":"3 Darklings","floor":48.0,"turns":2.0},{"damage":51,"enemies":"Awakened One","floor":50,"turns":13}],"seed_played":"7666394604314574894","potions_obtained":[{"floor":4.0,"key":"LiquidBronze"},{"floor":7.0,"key":"EntropicBrew"},{"floor":16.0,"key":"Weak Potion"},{"floor":19.0,"key":"Dexterity Potion"},{"floor":22.0,"key":"FocusPotion"},{"floor":31.0,"key":"Poison Potion"},{"floor":35.0,"key":"SpeedPotion"},{"floor":38.0,"key":"Poison Potion"},{"floor":42.0,"key":"FocusPotion"},{"floor":48.0,"key":"Explosive Potion"}],"is_trial":false,"path_per_floor":["M","?","M","M","?","E","M","R","T","M","?","$","E","M","R","B",null,"M","M","M","?","M","R","E","R","T","T","R","E","?","M","R","B",null,"M","?","M","M","?","R","M","E","T","R","E","R","?","M","R","B"],"character_chosen":"DEFECT","items_purchased":["Bird Faced Urn","Force Field"],"campfire_rested":0,"item_purchase_floors":[12,12],"current_hp_per_floor":[64,64,63,63,58,30,26,26,26,27,27,27,31,31,31,39,63,64,71,69,69,71,71,71,71,71,71,71,62,62,70,70,44,64,71,71,71,71,67,67,67,14,14,14,23,23,23,23,23,0],"gold":498,"neow_bonus":"RANDOM_COMMON_RELIC","is_prod":false,"is_daily":false,"chose_seed":false,"campfire_upgraded":10,"win_rate":0,"timestamp":1560967346,"path_taken":["M","?","?","M","?","E","M","R","T","M","?","$","E","M","R","BOSS","M","M","M","?","M","R","E","R","T","?","R","E","?","M","R","BOSS","M","?","M","M","?","R","M","E","T","R","E","R","?","M","R","BOSS"],"build_version":"2019-06-18","purchased_purges":1,"victory":false,"max_hp_per_floor":[71,71,71,71,71,71,71,71,71,71,71,71,71,71,71,71,71,71,71,71,71,71,71,71,71,71,71,71,71,71,71,71,71,71,71,71,71,71,67,67,67,67,67,67,67,67,67,67,67,67],"card_choices":[{"not_picked":["Heatsinks","Leap"],"picked":"Ball Lightning","floor":1.0},{"not_picked":["Barrage","Chaos"],"picked":"Glacier","floor":3.0},{"not_picked":["Conserve Battery","Barrage"],"picked":"Electrodynamics","floor":4.0},{"not_picked":["Conserve Battery","Reboot"],"picked":"Static Discharge","floor":6.0},{"not_picked":["Fusion","Stack"],"picked":"Go for the Eyes","floor":7.0},{"not_picked":["Hello World","BootSequence"],"picked":"Go for the Eyes+1","floor":10.0},{"not_picked":["Melter+1","Go for the Eyes+1","Sweeping Beam+1"],"picked":"SKIP","floor":13.0},{"not_picked":["Glacier","Streamline+1"],"picked":"Biased Cognition","floor":14.0},{"not_picked":["Reboot","Electrodynamics"],"picked":"Creative AI","floor":16.0},{"not_picked":[],"picked":"Reinforced Body","floor":18.0},{"not_picked":["Hologram"],"picked":"SKIP","floor":19.0},{"not_picked":["Streamline+1"],"picked":"SKIP","floor":20.0},{"not_picked":["Sweeping Beam+1"],"picked":"SKIP","floor":22.0},{"not_picked":["Melter+1"],"picked":"SKIP","floor":24.0},{"not_picked":[],"picked":"Chaos","floor":29.0},{"not_picked":[],"picked":"Tempest+1","floor":31.0},{"not_picked":[],"picked":"Fission","floor":33.0},{"not_picked":["Sweeping Beam+1"],"picked":"SKIP","floor":35.0},{"not_picked":[],"picked":"Finesse","floor":36.0},{"not_picked":["Stack"],"picked":"SKIP","floor":37.0},{"not_picked":["Barrage+1"],"picked":"SKIP","floor":38.0},{"not_picked":["Turbo"],"picked":"SKIP","floor":41.0},{"not_picked":[],"picked":"Seek","floor":42.0},{"not_picked":[],"picked":"Heatsinks","floor":45.0},{"not_picked":[],"picked":"Steam","floor":48.0}],"player_experience":3460525,"relics_obtained":[{"floor":6.0,"key":"Blood Vial"},{"floor":9.0,"key":"Molten Egg 2"},{"floor":13.0,"key":"Pocketwatch"},{"floor":24.0,"key":"Oddly Smooth Stone"},{"floor":26.0,"key":"Mercury Hourglass"},{"floor":27.0,"key":"Shuriken"},{"floor":29.0,"key":"Ginger"},{"floor":42.0,"key":"Thread and Needle"},{"floor":43.0,"key":"Bottled Flame"},{"floor":45.0,"key":"Dream Catcher"}],"event_choices":[{"damage_healed":0.0,"max_hp_gain":0.0,"max_hp_loss":0.0,"gold_gain":50.0,"event_name":"Golden Shrine","player_choice":"Pray","floor":2.0,"gold_loss":0.0,"damage_taken":0.0},{"damage_healed":0.0,"max_hp_gain":0.0,"max_hp_loss":0.0,"gold_gain":0.0,"event_name":"Scrap Ooze","player_choice":"Success","floor":5.0,"gold_loss":0.0,"damage_taken":5.0,"relics_obtained":["Old Coin"]},{"cards_removed":["Strike_B"],"damage_healed":0.0,"max_hp_gain":0.0,"max_hp_loss":0.0,"gold_gain":0.0,"event_name":"The Cleric","player_choice":"Card Removal","floor":11.0,"gold_loss":75.0,"damage_taken":0.0},{"damage_healed":0.0,"max_hp_gain":0.0,"max_hp_loss":0.0,"gold_gain":0.0,"event_name":"Vampires","player_choice":"Ignored","floor":21.0,"gold_loss":0.0,"damage_taken":0.0},{"damage_healed":0.0,"max_hp_gain":0.0,"max_hp_loss":0.0,"gold_gain":0.0,"cards_transformed":["Defend_B","Strike_B"],"event_name":"Drug Dealer","player_choice":"Became Test Subject","floor":30.0,"gold_loss":0.0,"damage_taken":0.0,"cards_obtained":["Recycle","Rainbow"]},{"damage_healed":0.0,"max_hp_gain":0.0,"max_hp_loss":0.0,"gold_gain":0.0,"event_name":"SensoryStone","player_choice":"Memory 1","floor":36.0,"gold_loss":0.0,"damage_taken":0.0},{"damage_healed":0.0,"max_hp_gain":0.0,"max_hp_loss":4.0,"gold_gain":0.0,"event_name":"Winding Halls","player_choice":"Max HP","floor":39.0,"gold_loss":0.0,"damage_taken":0.0},{"cards_removed":["Heatsinks"],"damage_healed":0.0,"max_hp_gain":0.0,"max_hp_loss":0.0,"gold_gain":0.0,"event_name":"Falling","player_choice":"Removed Power","floor":47.0,"gold_loss":0.0,"damage_taken":0.0}],"is_beta":true,"boss_relics":[{"not_picked":["Astrolabe","Runic Pyramid"],"picked":"Busted Crown"},{"not_picked":["Calling Bell","Snecko Eye"],"picked":"Coffee Dripper"}],"items_purged_floors":[12],"is_endless":false,"potions_floor_spawned":[4,7,13,14,16,19,22,24,31,35,38,42,48],"killed_by":"Awakened One","ascension_level":20}