{"gold_per_floor":[115,131,131,131,43,43,43,60,87,87,104,115,69,85,85,186,186,200,210,210,158,178,178,188,188,211,231,330,330,330,343,343,444,444,457,17,0,20,120,120,133,145,145,110,137,59,59,59],"floor_reached":48,"playtime":4255,"items_purged":[],"score":522,"play_id":"b70ec531-ac83-4a21-9120-94a7a4bfc69e","local_time":"20190904141222","is_ascension_mode":true,"campfire_choices":[{"data":"White Noise","floor":6,"key":"SMITH"},{"floor":10,"key":"REST"},{"floor":15,"key":"REST"},{"floor":23,"key":"REST"},{"floor":25,"key":"REST"},{"floor":32,"key":"REST"},{"floor":40,"key":"DIG"}],"neow_cost":"TEN_PERCENT_HP_LOSS","seed_source_timestamp":0,"circlet_count":0,"master_deck":["Strike_B","Strike_B","Strike_B","Strike_B","Defend_B","Defend_B+1","Defend_B","Defend_B","Zap","Dualcast","Genetic Algorithm+1","Coolheaded","White Noise+1","Cold Snap","Barrage","Swift Strike","Turbo","Defragment","Coolheaded","Gash","Capacitor","Echo Form","Coolheaded","Cold Snap","Loop","Reprogram+1","Capacitor","Glacier+1","Rainbow+1","Ball Lightning","Redo+1","Barrage+1","Rebound+1","Self Repair","Hello World","Chill","FTL"],"special_seed":0,"relics":["FrozenCore","Pocketwatch","Dream Catcher","Busted Crown","MutagenicStrength","Centennial Puzzle","Vajra","Mummified Hand","War Paint","Red Mask","Shovel","Girya","Anchor","Unceasing Top","Bronze Scales"],"potions_floor_usage":[16,31,39,42],"damage_taken":[{"damage":0,"enemies":"Cultist","floor":1,"turns":4},{"damage":7,"enemies":"Small Slimes","floor":2,"turns":4},{"damage":10,"enemies":"2 Louse","floor":8,"turns":3},{"damage":5,"enemies":"Looter","floor":11,"turns":3},{"damage":2,"enemies":"Red Slaver","floor":12,"turns":4},{"damage":0,"enemies":"2 Fungi Beasts","floor":14,"turns":3},{"damage":35,"enemies":"Hexaghost","floor":16,"turns":8},{"damage":0,"enemies":"Spheric Guardian","floor":18,"turns":5},{"damage":33,"enemies":"2 Thieves","floor":19,"turns":4},{"damage":9,"enemies":"Snake Plant","floor":22,"turns":5},{"damage":12,"enemies":"3 Cultists","floor":24,"turns":5},{"damage":7,"enemies":"Centurion and Healer","floor":27,"turns":9},{"damage":6,"enemies":"Shelled Parasite and Fungi","floor":31,"turns":7},{"damage":2,"enemies":"Champ","floor":33,"turns":11},{"damage":11,"enemies":"Orb Walker","floor":35,"turns":5},{"damage":0,"enemies":"3 Shapes","floor":38,"turns":6},{"damage":2,"enemies":"Mind Bloom Boss Battle","floor":39,"turns":5},{"damage":6,"enemies":"Sphere and 2 Shapes","floor":41,"turns":6},{"damage":21,"enemies":"4 Shapes","floor":42,"turns":8},{"damage":9,"enemies":"Giant Head","floor":45,"turns":9},{"damage":31,"enemies":"Spire Growth","floor":48,"turns":6}],"seed_played":"-6218889149937936127","potions_obtained":[{"floor":1,"key":"Explosive Potion"},{"floor":8,"key":"PowerPotion"},{"floor":14,"key":"Energy Potion"},{"floor":16,"key":"Ancient Potion"},{"floor":27,"key":"SkillPotion"},{"floor":33,"key":"SteroidPotion"},{"floor":41,"key":"SkillPotion"},{"floor":45,"key":"Strength Potion"}],"is_trial":false,"path_per_floor":["M","M","?","?","$","R","?","M","T","R","M","M","$","M","R","B",null,"M","M","?","$","M","R","M","R","T","M","?","?","T","M","R","B",null,"M","$","?","M","?","R","M","M","T","$","E","$","T","M"],"character_chosen":"DEFECT","items_purchased":["White Noise","Cold Snap","Coolheaded","Cold Snap","Mummified Hand","War Paint","Ball Lightning","Hello World","FTL"],"campfire_rested":5,"item_purchase_floors":[5,5,13,21,36,36,36,44,46],"current_hp_per_floor":[68,61,66,66,66,66,66,56,56,73,68,66,66,66,73,38,73,73,40,40,40,31,52,40,61,61,54,54,54,54,48,69,67,73,62,62,62,62,60,60,54,33,33,33,31,31,31,0],"gold":59,"neow_bonus":"ONE_RARE_RELIC","is_prod":false,"is_daily":false,"chose_seed":false,"campfire_upgraded":1,"win_rate":0,"timestamp":1567595542,"path_taken":["M","M","?","?","$","R","?","?","T","R","M","M","$","M","R","BOSS","M","M","?","$","M","R","M","R","T","M","?","?","?","M","R","BOSS","M","$","?","M","?","R","M","M","T","?","E","?","?","M"],"build_version":"2019-07-17","purchased_purges":0,"victory":false,"max_hp_per_floor":[68,68,73,73,73,73,73,73,73,73,73,73,73,73,73,73,73,73,73,73,73,73,73,73,73,73,73,73,73,73,73,73,73,73,73,73,73,73,73,73,73,73,73,73,73,73,73,73],"card_choices":[{"not_picked":["Hologram","Lockon"],"picked":"Genetic Algorithm","floor":1},{"not_picked":["Sunder","Darkness"],"picked":"Coolheaded","floor":2},{"not_picked":["Leap","Redo"],"picked":"Turbo","floor":8},{"not_picked":["Barrage","Leap","Rip and Tear"],"picked":"SKIP","floor":11},{"not_picked":["Darkness","Genetic Algorithm"],"picked":"Defragment","floor":12},{"not_picked":["Streamline","Leap"],"picked":"Gash","floor":14},{"not_picked":["Lockon","Beam Cell"],"picked":"Capacitor","floor":15},{"not_picked":["Fission","Rainbow"],"picked":"Echo Form","floor":16},{"not_picked":["Go for the Eyes"],"picked":"SKIP","floor":18},{"not_picked":[],"picked":"Coolheaded","floor":19},{"not_picked":[],"picked":"Loop","floor":22},{"not_picked":[],"picked":"Reprogram+1","floor":24},{"not_picked":[],"picked":"Capacitor","floor":25},{"not_picked":[],"picked":"Glacier+1","floor":27},{"not_picked":["Go for the Eyes"],"picked":"SKIP","floor":31},{"not_picked":[],"picked":"Rainbow","floor":33},{"not_picked":["Rip and Tear"],"picked":"SKIP","floor":35},{"not_picked":[],"picked":"Redo+1","floor":38},{"not_picked":[],"picked":"Barrage+1","floor":39},{"not_picked":[],"picked":"Rebound+1","floor":41},{"not_picked":[],"picked":"Self Repair","floor":42},{"not_picked":[],"picked":"Chill","floor":45}],"player_experience":93514,"relics_obtained":[{"floor":9,"key":"Dream Catcher"},{"floor":26,"key":"Centennial Puzzle"},{"floor":30,"key":"Vajra"},{"floor":39,"key":"Shovel"},{"floor":40,"key":"Girya"},{"floor":43,"key":"Anchor"},{"floor":45,"key":"Unceasing Top"},{"floor":47,"key":"Bronze Scales"}],"event_choices":[{"damage_healed":0,"gold_gain":0,"player_choice":"Donut","damage_taken":0,"max_hp_gain":5,"max_hp_loss":0,"event_name":"Big Fish","floor":3,"gold_loss":0},{"damage_healed":0,"gold_gain":0,"player_choice":"Grow","damage_taken":0,"max_hp_gain":0,"max_hp_loss":0,"event_name":"Living Wall","floor":4,"gold_loss":0,"cards_upgraded":["Genetic Algorithm"]},{"damage_healed":0,"gold_gain":0,"player_choice":"2 cards matched","damage_taken":0,"max_hp_gain":0,"max_hp_loss":0,"event_name":"Match and Keep!","floor":7,"gold_loss":0,"cards_obtained":["Barrage","Swift Strike"]},{"damage_healed":0,"gold_gain":0,"player_choice":"Inject Mutagens","damage_taken":0,"relics_obtained":["MutagenicStrength"],"max_hp_gain":0,"max_hp_loss":0,"event_name":"Drug Dealer","floor":20,"gold_loss":0},{"damage_healed":0,"gold_gain":99,"player_choice":"Stole From Cult","damage_taken":0,"max_hp_gain":0,"max_hp_loss":0,"event_name":"Nest","floor":28,"gold_loss":0},{"damage_healed":0,"gold_gain":0,"player_choice":"Ignored","damage_taken":0,"max_hp_gain":0,"max_hp_loss":0,"event_name":"Ghosts","floor":29,"gold_loss":0},{"damage_healed":0,"gold_gain":0,"player_choice":"Paid","damage_taken":0,"relics_obtained":["Red Mask"],"max_hp_gain":0,"max_hp_loss":0,"event_name":"Tomb of Lord Red Mask","floor":37,"gold_loss":17},{"damage_healed":0,"gold_gain":0,"player_choice":"Fight","damage_taken":0,"max_hp_gain":0,"max_hp_loss":0,"event_name":"MindBloom","floor":39,"gold_loss":0}],"is_beta":false,"boss_relics":[{"not_picked":["Lizard Tail","Coffee Dripper"],"picked":"Busted Crown"},{"not_picked":["Empty Cage","Orrery"],"picked":"FrozenCore"}],"items_purged_floors":[],"is_endless":false,"potions_floor_spawned":[1,8,14,16,18,27,33,41,45],"killed_by":"Spire Growth","ascension_level":2}