{"gold_per_floor":[111,125,141,151,167,167,267,296,296,296,47,67,96,182,194,308,320,342,269,281,306,37,67,85,112,164,164,198,211,238,238,238,340,340,351,23,23,43,43,43,77,77,77,106,125,125,135,44,44,44],"floor_reached":51,"playtime":3219,"items_purged":["Strike_B"],"score":1203,"play_id":"7d654343-5bd1-4318-8c16-3ddf66a95edb","local_time":"20190513035052","is_ascension_mode":true,"campfire_choices":[{"data":"Steam","floor":6,"key":"SMITH"},{"floor":10,"key":"REST"},{"data":"Defragment","floor":15,"key":"SMITH"},{"floor":27,"key":"REST"},{"floor":32,"key":"REST"},{"floor":40,"key":"REST"},{"floor":42,"key":"REST"},{"floor":46,"key":"REST"},{"floor":49,"key":"REST"}],"neow_cost":"TEN_PERCENT_HP_LOSS","seed_source_timestamp":43825298056055,"circlet_count":0,"master_deck":["Strike_B","Strike_B","Strike_B","Defend_B","Defend_B","Defend_B","Defend_B","Zap","Dualcast","Ball Lightning","Ball Lightning","Turbo+1","Steam+1","Hyperbeam","Coolheaded+1","Capacitor","BootSequence","Defragment+1","Seek","Redo","Amplify","Cold Snap","Coolheaded+1","Electrodynamics+1","Doom and Gloom","Conserve Battery","Consume","Biased Cognition+1","Darkness+1","Capacitor+1","Turbo+1","Undo+1","Undo+1","Dark Shackles"],"special_seed":0,"relics":["Cracked Core","Unceasing Top","Symbiotic Virus","Matryoshka","MawBank","Fusion Hammer","Mercury Hourglass","Frozen Egg 2","Emotion Chip","Bottled Flame","Regal Pillow","Bag of Marbles","Dead Branch","Happy Flower","Snecko Eye","ClockworkSouvenir","Calipers","War Paint","Gremlin Horn","Pantograph"],"potions_floor_usage":[8,18,23,23,25,30,31,33,38,47,50,50],"damage_taken":[{"damage":1.0,"enemies":"Cultist","floor":1.0,"turns":3.0},{"damage":7.0,"enemies":"Jaw Worm","floor":2.0,"turns":2.0},{"damage":0.0,"enemies":"Small Slimes","floor":3.0,"turns":2.0},{"damage":8.0,"enemies":"Blue Slaver","floor":4.0,"turns":2.0},{"damage":7,"enemies":"Looter","floor":5,"turns":3},{"damage":30,"enemies":"Gremlin Nob","floor":8,"turns":4},{"damage":10,"enemies":"Exordium Wildlife","floor":12,"turns":2},{"damage":5,"enemies":"Lagavulin","floor":13,"turns":7},{"damage":4,"enemies":"Hexaghost","floor":16,"turns":8},{"damage":9,"enemies":"3 Byrds","floor":18,"turns":4},{"damage":0,"enemies":"Spheric Guardian","floor":21,"turns":3},{"damage":10,"enemies":"Book of Stabbing","floor":23,"turns":4},{"damage":16,"enemies":"Cultist and Chosen","floor":24,"turns":5},{"damage":0,"enemies":"Slavers","floor":25,"turns":4},{"damage":19,"enemies":"Book of Stabbing","floor":28,"turns":5},{"damage":0,"enemies":"Snake Plant","floor":29,"turns":2},{"damage":19,"enemies":"Slavers","floor":30,"turns":3},{"damage":4,"enemies":"Sentry and Sphere","floor":31,"turns":3},{"damage":35,"enemies":"Automaton","floor":33,"turns":7},{"damage":16,"enemies":"Orb Walker","floor":35,"turns":2},{"damage":13,"enemies":"3 Darklings","floor":38,"turns":2},{"damage":31,"enemies":"Nemesis","floor":41,"turns":7},{"damage":9,"enemies":"Reptomancer","floor":44,"turns":6},{"damage":37,"enemies":"Transient","floor":45,"turns":5},{"damage":7,"enemies":"Jaw Worm Horde","floor":47,"turns":3},{"damage":35,"enemies":"Time Eater","floor":50,"turns":8}],"seed_played":"2406201336928430839","potions_obtained":[{"floor":3.0,"key":"SpeedPotion"},{"floor":13,"key":"FearPotion"},{"floor":16,"key":"Dexterity Potion"},{"floor":21,"key":"Dexterity Potion"},{"floor":23,"key":"PowerPotion"},{"floor":24,"key":"SmokeBomb"},{"floor":29,"key":"AttackPotion"},{"floor":30,"key":"Swift Potion"},{"floor":35,"key":"Strength Potion"},{"floor":44,"key":"PowerPotion"},{"floor":47,"key":"SpeedPotion"}],"is_trial":false,"path_per_floor":["M","M","M","M","M","R","?","E","T","R","$","M","E","?","R","B",null,"M","?","?","M","$","E","M","E","T","R","E","M","E","M","R","B",null,"M","$","?","M","$","R","E","R","T","E","M","R","M","$","R","B",null],"character_chosen":"DEFECT","items_purchased":["Coolheaded","Capacitor","Block Potion","Frozen Egg 2","Cold Snap","ClockworkSouvenir","Capacitor+1","Swift Potion","Dark Shackles"],"campfire_rested":7,"item_purchase_floors":[11,11,11,22,22,36,36,36,48],"current_hp_per_floor":[67,60,60,52,45,45,45,15,15,35,35,25,20,20,20,16,55,46,46,46,46,46,36,20,20,20,55,36,36,17,13,48,13,54,38,38,32,19,19,54,23,58,58,49,12,47,40,40,68,33],"gold":44,"neow_bonus":"ONE_RARE_RELIC","is_prod":false,"is_daily":false,"chose_seed":false,"campfire_upgraded":2,"win_rate":0,"timestamp":1557712252,"path_taken":["M","M","M","?","M","R","?","E","T","R","$","?","E","?","R","BOSS","M","?","?","M","$","E","M","E","T","R","E","M","E","M","R","BOSS","M","$","?","?","$","R","E","R","T","E","M","R","M","?","R","BOSS"],"build_version":"2019-05-07","purchased_purges":1,"victory":true,"max_hp_per_floor":[68,68,68,68,68,68,68,68,68,68,68,68,68,68,68,68,68,68,68,68,68,68,68,68,68,68,68,68,68,68,68,68,68,68,68,68,68,68,68,68,68,68,68,68,68,68,68,68,68,68],"card_choices":[{"not_picked":["Compile Driver","Rebound"],"picked":"Ball Lightning","floor":1.0},{"not_picked":["Leap","Coolheaded"],"picked":"Ball Lightning","floor":2.0},{"not_picked":["Scrape","Streamline"],"picked":"Turbo","floor":3.0},{"not_picked":["Gash","Compile Driver","Blizzard"],"picked":"SKIP","floor":4.0},{"not_picked":["Redo","Storm"],"picked":"Steam","floor":5},{"not_picked":["Ball Lightning","Force Field"],"picked":"Hyperbeam","floor":8},{"not_picked":["Coolheaded","Hologram"],"picked":"BootSequence","floor":12},{"not_picked":["Loop","Reinforced Body"],"picked":"Defragment","floor":13},{"not_picked":["Multi-Cast","Creative AI"],"picked":"Seek","floor":16},{"not_picked":["Steam","Ball Lightning"],"picked":"Redo","floor":18},{"not_picked":["Sweeping Beam","Rebound"],"picked":"Amplify","floor":21},{"not_picked":["Double Energy","FTL"],"picked":"Coolheaded+1","floor":23},{"not_picked":["Coolheaded","Tempest+1"],"picked":"Electrodynamics+1","floor":24},{"not_picked":["Cold Snap","Hologram+1"],"picked":"Doom and Gloom","floor":25},{"not_picked":["Rebound","Go for the Eyes","Darkness"],"picked":"SKIP","floor":28},{"not_picked":["Streamline","Leap"],"picked":"Conserve Battery","floor":29},{"not_picked":["Hello World+1","Storm+1"],"picked":"Consume","floor":30},{"not_picked":["All For One","Amplify"],"picked":"Biased Cognition+1","floor":33},{"not_picked":["Chill","White Noise+1"],"picked":"Darkness+1","floor":35},{"not_picked":["Go for the Eyes+1","Redo+1"],"picked":"Turbo+1","floor":38},{"not_picked":["BootSequence+1","Fusion+1"],"picked":"Undo+1","floor":41},{"not_picked":["Coolheaded","FTL","Amplify"],"picked":"SKIP","floor":44},{"not_picked":["Rebound","Coolheaded"],"picked":"Undo+1","floor":45},{"not_picked":["Undo","Redo","Consume"],"picked":"SKIP","floor":47}],"player_experience":576993,"relics_obtained":[{"floor":8,"key":"Symbiotic Virus"},{"floor":9,"key":"Matryoshka"},{"floor":13,"key":"MawBank"},{"floor":23,"key":"Emotion Chip"},{"floor":25,"key":"Bottled Flame"},{"floor":26,"key":"Regal Pillow"},{"floor":26,"key":"Bag of Marbles"},{"floor":28,"key":"Dead Branch"},{"floor":30,"key":"Happy Flower"},{"floor":41,"key":"Calipers"},{"floor":43,"key":"War Paint"},{"floor":43,"key":"Gremlin Horn"},{"floor":44,"key":"Pantograph"}],"event_choices":[{"damage_healed":0,"gold_gain":100,"player_choice":"Pray","damage_taken":0,"max_hp_gain":0,"max_hp_loss":0,"event_name":"Golden Shrine","floor":7,"gold_loss":0},{"damage_healed":0,"gold_gain":74,"player_choice":"Gained Gold","damage_taken":0,"max_hp_gain":0,"max_hp_loss":0,"event_name":"Golden Wing","floor":14,"gold_loss":0},{"damage_healed":0,"gold_gain":0,"player_choice":"Obtained Relic","damage_taken":0,"relics_obtained":["Mercury Hourglass"],"max_hp_gain":0,"max_hp_loss":0,"event_name":"Addict","floor":19,"gold_loss":85},{"damage_healed":0,"gold_gain":0,"player_choice":"Ignored","damage_taken":0,"max_hp_gain":0,"max_hp_loss":0,"event_name":"Vampires","floor":20,"gold_loss":0},{"damage_healed":0,"gold_gain":0,"player_choice":"Damaged","damage_taken":6,"max_hp_gain":0,"max_hp_loss":0,"event_name":"Wheel of Change","floor":37,"gold_loss":0}],"is_beta":true,"boss_relics":[{"not_picked":["Calling Bell","Velvet Choker"],"picked":"Fusion Hammer"},{"not_picked":["Tiny House","Empty Cage"],"picked":"Snecko Eye"}],"items_purged_floors":[11],"is_endless":false,"potions_floor_spawned":[3,13,16,21,23,24,29,30,35,44,45,47],"ascension_level":9}