{"gold_per_floor":[113,33,44,44,44,44,64,64,64,81,95,95,22,51,51,51],"floor_reached":16,"playtime":690,"items_purged":[],"score":100,"play_id":"d636f0ee-add7-4648-8448-75dc8946bb48","local_time":"20190627182713","is_ascension_mode":false,"campfire_choices":[{"data":"Lockon","floor":6,"key":"SMITH"},{"floor":15,"key":"REST"}],"neow_cost":"NONE","seed_source_timestamp":296063747857638,"circlet_count":0,"master_deck":["Strike_B","Strike_B","Strike_B","Strike_B","Defend_B+1","Defend_B","Defend_B","Defend_B","Zap+1","Dualcast","Redo+1","Lockon+1","Loop+1","Static Discharge","Go for the Eyes","Conserve Battery+1","Gash","Sweeping Beam","Sunder"],"relics":["Cracked Core","NeowsBlessing","Bottled Tornado","War Paint"],"potions_floor_usage":[],"damage_taken":[{"damage":0,"enemies":"2 Louse","floor":1,"turns":1},{"damage":0,"enemies":"Small Slimes","floor":3,"turns":1},{"damage":0,"enemies":"Cultist","floor":7,"turns":1},{"damage":6,"enemies":"3 Louse","floor":10,"turns":3},{"damage":16,"enemies":"Exordium Wildlife","floor":11,"turns":3},{"damage":8,"enemies":"Lagavulin","floor":14,"turns":5},{"damage":24,"enemies":"Slime Boss","floor":16,"turns":7}],"seed_played":"2740414470809564130","potions_obtained":[{"floor":1,"key":"Explosive Potion"},{"floor":10,"key":"Swift Potion"}],"is_trial":false,"path_per_floor":["M","$","M","?","?","R","M","?","T","M","M","?","$","E","R","B"],"character_chosen":"DEFECT","items_purchased":["Lockon","Gash","Sweeping Beam"],"campfire_rested":1,"item_purchase_floors":[2,13,13],"current_hp_per_floor":[75,75,75,75,75,75,75,75,75,69,53,38,38,30,52,28],"gold":51,"neow_bonus":"THREE_ENEMY_KILL","is_prod":false,"is_daily":false,"chose_seed":false,"campfire_upgraded":1,"win_rate":0.0,"timestamp":1561649233,"path_taken":["M","$","M","?","?","R","M","?","T","?","M","?","?","E","R","BOSS"],"build_version":"2019-01-23","purchased_purges":0,"victory":false,"max_hp_per_floor":[75,75,75,75,75,75,75,75,75,75,75,75,75,75,75,75],"card_choices":[{"not_picked":["Heatsinks","Steam"],"picked":"Redo","floor":1},{"not_picked":["Undo","Hello World"],"picked":"Loop","floor":3},{"not_picked":["Double Energy","Loop"],"picked":"Static Discharge","floor":7},{"not_picked":["Steam","Redo"],"picked":"Go for the Eyes","floor":10},{"not_picked":["Consume","Storm"],"picked":"Conserve Battery","floor":11},{"not_picked":["Ball Lightning","Echo Form"],"picked":"Sunder","floor":14}],"player_experience":19171,"relics_obtained":[{"floor":9,"key":"Bottled Tornado"},{"floor":14,"key":"War Paint"}],"event_choices":[{"damage_healed":0,"gold_gain":0,"player_choice":"Ignored","damage_taken":0,"max_hp_gain":0,"max_hp_loss":0,"event_name":"Golden Wing","floor":4,"gold_loss":0},{"damage_healed":0,"gold_gain":0,"player_choice":"Leave","damage_taken":0,"max_hp_gain":0,"max_hp_loss":0,"event_name":"The Cleric","floor":5,"gold_loss":0},{"damage_healed":0,"gold_gain":0,"player_choice":"Upgraded","damage_taken":0,"max_hp_gain":0,"max_hp_loss":0,"event_name":"Upgrade Shrine","floor":8,"gold_loss":0,"cards_upgraded":["Loop"]},{"damage_healed":0,"gold_gain":0,"player_choice":"Entered Light","damage_taken":15,"max_hp_gain":0,"max_hp_loss":0,"event_name":"Shining Light","floor":12,"gold_loss":0,"cards_upgraded":["Zap","Conserve Battery"]}],"is_beta":false,"boss_relics":[],"items_purged_floors":[],"is_endless":false,"potions_floor_spawned":[1,10],"killed_by":"Slime Boss","ascension_level":0}