{"gold_per_floor":[118,132,145,161,177,177,187,187,487,487,503,503,503,546,546,639,639,662,681,705,705,705,729,729,231,257,103,103,3,18,18],"floor_reached":31,"playtime":1273,"items_purged":["Strike_B","Strike_B"],"score":550,"play_id":"99074c9a-5478-470a-b5e7-ce3839d04078","local_time":"20180717011758","is_ascension_mode":true,"campfire_choices":[{"data":"Beam Cell","floor":6,"key":"SMITH"},{"data":"Coolheaded","floor":8,"key":"SMITH"},{"data":"Zap","floor":10,"key":"SMITH"},{"data":"Buffer","floor":13,"key":"SMITH"},{"data":"Consume","floor":15,"key":"SMITH"},{"floor":24,"key":"REST"},{"floor":28,"key":"REST"}],"neow_cost":"NONE","seed_source_timestamp":0,"circlet_count":0,"master_deck":["Strike_B","Defend_B","Defend_B","Defend_B","Defend_B","Zap+1","Dualcast","AscendersBane","Reinforced Body","Coolheaded+1","Beam Cell+1","Melter","Buffer+1","Gash","Ball Lightning","Consume+1","Glacier","Creative AI","Redo+1","Capacitor","Machine Learning","Zap","Writhe","Capacitor","Mayhem","Self Repair","Cold Snap"],"special_seed":0,"relics":["Cracked Core","Old Coin","Golden Idol","Blue Candle","Fusion Hammer","Du-Vu Doll","Shuriken","Orichalcum"],"potions_floor_usage":[16,31,31],"damage_taken":[{"damage":1.0,"enemies":"Cultist","floor":1.0,"turns":4.0},{"damage":0.0,"enemies":"Jaw Worm","floor":2.0,"turns":4.0},{"damage":0.0,"enemies":"Small Slimes","floor":3.0,"turns":3.0},{"damage":9.0,"enemies":"Looter","floor":4.0,"turns":3.0},{"damage":5.0,"enemies":"Exordium Wildlife","floor":5.0,"turns":4.0},{"damage":4,"enemies":"3 Louse","floor":7,"turns":4},{"damage":0,"enemies":"Blue Slaver","floor":11,"turns":2},{"damage":0,"enemies":"Lagavulin","floor":14,"turns":6},{"damage":0,"enemies":"Slime Boss","floor":16,"turns":10},{"damage":0,"enemies":"Spheric Guardian","floor":18,"turns":1},{"damage":22,"enemies":"2 Thieves","floor":19,"turns":4},{"damage":10,"enemies":"Sentry and Sphere","floor":20,"turns":5},{"damage":19,"enemies":"Snecko","floor":23,"turns":6},{"damage":27,"enemies":"Centurion and Healer","floor":30,"turns":7},{"damage":35,"enemies":"Slavers","floor":31,"turns":3}],"seed_played":"4719024710383432634","potions_obtained":[{"floor":2.0,"key":"PowerPotion"},{"floor":14,"key":"GamblersBrew"},{"floor":16,"key":"FocusPotion"},{"floor":19,"key":"Dexterity Potion"}],"is_trial":false,"path_per_floor":["M","M","M","M","M","R","M","R","T","R","M","?","R","E","R","B",null,"M","M","M","?","?","M","R","$","T","$","R","$","M"],"character_chosen":"DEFECT","items_purchased":["Shuriken","Capacitor","Mayhem","Self Repair"],"campfire_rested":2,"item_purchase_floors":[25,25,25,27],"current_hp_per_floor":[63,63,63,54,49,49,45,45,45,45,45,45,45,45,45,45,59,59,37,27,27,27,8,27,27,27,27,46,46,26,0],"gold":18,"neow_bonus":"TRANSFORM_CARD","is_prod":false,"is_daily":false,"chose_seed":false,"campfire_upgraded":5,"win_rate":0,"timestamp":1531815478,"path_taken":["M","M","M","M","M","R","M","R","T","R","M","?","R","E","R","BOSS","M","M","?","?","?","M","R","$","T","$","R","?","M","E"],"build_version":"2018-07-16","purchased_purges":2,"victory":false,"max_hp_per_floor":[71,71,71,71,71,71,71,71,71,71,71,64,64,64,64,64,64,64,64,64,64,64,64,64,64,64,64,64,64,64,64],"card_choices":[{"not_picked":["Reinforced Body","Compile Driver"],"picked":"Coolheaded","floor":1.0},{"not_picked":["Coolheaded","Go for the Eyes"],"picked":"Beam Cell","floor":2.0},{"not_picked":["Recycle","Turbo"],"picked":"Melter","floor":3.0},{"not_picked":["Turbo","Hello World"],"picked":"Buffer","floor":4.0},{"not_picked":["Stack","Beam Cell"],"picked":"Gash","floor":5.0},{"not_picked":["Redo","Go for the Eyes"],"picked":"Ball Lightning","floor":7},{"not_picked":["Tempest","Lockon"],"picked":"Consume","floor":11},{"not_picked":["BootSequence","Beam Cell"],"picked":"Glacier","floor":14},{"not_picked":["Meteor Strike","Machine Learning"],"picked":"Creative AI","floor":16},{"not_picked":["Barrage","Aggregate"],"picked":"Redo+1","floor":18},{"not_picked":["FTL","Scrape"],"picked":"Capacitor","floor":19},{"not_picked":["Ball Lightning","Lockon","Streamline"],"picked":"SKIP","floor":20},{"not_picked":["Compile Driver","Beam Cell","Rebound"],"picked":"SKIP","floor":23},{"not_picked":["Beam Cell","Conserve Battery"],"picked":"Cold Snap","floor":30}],"player_experience":844278,"relics_obtained":[{"floor":9,"key":"Old Coin"},{"floor":14,"key":"Blue Candle"},{"floor":26,"key":"Orichalcum"}],"event_choices":[{"event_name":"Golden Idol","player_choice":"Lose Max HP","floor":12,"damage_taken":0},{"event_name":"Match and Keep!","player_choice":"2 cards matched","floor":21,"damage_taken":0},{"event_name":"The Mausoleum","player_choice":"Yes","floor":22,"damage_taken":0}],"boss_relics":[{"not_picked":["Orrery","Runic Pyramid"],"picked":"Fusion Hammer"}],"items_purged_floors":[27,29],"is_endless":false,"potions_floor_spawned":[2,14,16,19],"killed_by":"Slavers","ascension_level":15}