{"gold_per_floor":[118,7,157,157,25,25,50,64,91,120,144,144,171,204,204,278,328,348,359,359,7,7,7,26,26,26,26,26,26,59,73,73,73],"floor_reached":33,"playtime":2098,"items_purged":["Doubt","Strike_G"],"score":654,"play_id":"027e4d23-e8c4-4d16-9523-5f075653c103","local_time":"20190917232415","is_ascension_mode":true,"campfire_choices":[{"data":"Skewer","floor":6.0,"key":"SMITH"},{"data":"Footwork","floor":12.0,"key":"SMITH"},{"data":"Neutralize","floor":15.0,"key":"SMITH"},{"data":"Ghostly","floor":23.0,"key":"SMITH"},{"data":"Ghostly","floor":25.0,"key":"SMITH"},{"data":"Caltrops","floor":28.0,"key":"SMITH"},{"floor":32,"key":"REST"}],"neow_cost":"NONE","seed_source_timestamp":39552938940100,"circlet_count":0,"master_deck":["AscendersBane","Strike_G","Strike_G+1","Strike_G+1","Strike_G","Defend_G","Defend_G","Defend_G","Defend_G","Defend_G","Survivor","Neutralize+1","Skewer+1","Footwork+1","Poisoned Stab","Deflect","Glass Knife+1","Dagger Throw","Bouncing Flask+1","Ghostly+1","Ghostly+1","Ghostly+1","Caltrops+1","Envenom"],"special_seed":0,"relics":["Ring of the Snake","NeowsBlessing","Potion Belt","Ancient Tea Set","StrikeDummy","Odd Mushroom","Whetstone","Boot","Tiny House","Akabeko","Mercury Hourglass","Regal Pillow"],"potions_floor_usage":[30,30,33,33],"damage_taken":[{"damage":0.0,"enemies":"Jaw Worm","floor":1.0,"turns":1.0},{"damage":0.0,"enemies":"Gremlin Nob","floor":7.0,"turns":1.0},{"damage":0.0,"enemies":"2 Louse","floor":8.0,"turns":1.0},{"damage":0.0,"enemies":"Lagavulin","floor":10.0,"turns":2.0},{"damage":18.0,"enemies":"The Mushroom Lair","floor":11.0,"turns":4.0},{"damage":5.0,"enemies":"3 Sentries","floor":14.0,"turns":8.0},{"damage":3.0,"enemies":"The Guardian","floor":16.0,"turns":13.0},{"damage":10.0,"enemies":"2 Thieves","floor":18.0,"turns":4.0},{"damage":1.0,"enemies":"Chosen","floor":19.0,"turns":5.0},{"damage":0.0,"enemies":"Shelled Parasite and Fungi","floor":24.0,"turns":3.0},{"damage":11,"enemies":"Book of Stabbing","floor":30,"turns":6},{"damage":2,"enemies":"Sentry and Sphere","floor":31,"turns":3},{"damage":52,"enemies":"Champ","floor":33,"turns":11}],"seed_played":"8923254222927721219","potions_obtained":[{"floor":1.0,"key":"Energy Potion"},{"floor":7.0,"key":"Strength Potion"},{"floor":8.0,"key":"Energy Potion"},{"floor":17.0,"key":"Explosive Potion"},{"floor":18.0,"key":"GhostInAJar"},{"floor":29.0,"key":"SmokeBomb"},{"floor":29.0,"key":"AttackPotion"},{"floor":30,"key":"Explosive Potion"}],"is_trial":false,"path_per_floor":["M","$","?","?","$","R","E","M","T","E","?","R","T","E","R","B",null,"M","M","?","$","?","R","M","R","T","$","R","?","E","M","R","B"],"character_chosen":"THE_SILENT","items_purchased":["Footwork","Poisoned Stab","Explosive Potion","Akabeko","GhostInAJar"],"campfire_rested":1,"item_purchase_floors":[2,2,5,21,21],"current_hp_per_floor":[59,59,59,64,64,64,64,64,64,64,46,46,46,41,41,38,68,58,57,38,38,38,38,38,38,38,38,38,38,27,25,38,0],"gold":73,"neow_bonus":"THREE_ENEMY_KILL","is_prod":false,"is_daily":false,"chose_seed":false,"campfire_upgraded":6,"win_rate":0,"timestamp":1568755455,"path_taken":["M","$","?","?","$","R","E","M","T","E","?","R","?","E","R","BOSS","M","M","?","$","?","R","?","R","T","$","R","?","E","M","R","BOSS"],"build_version":"2019-09-16v2","purchased_purges":2,"victory":false,"max_hp_per_floor":[66,66,66,71,71,71,71,71,71,71,71,71,71,71,71,71,76,76,76,38,38,38,38,38,38,38,38,38,38,38,38,38,38],"card_choices":[{"not_picked":["Well Laid Plans","All Out Attack"],"picked":"Skewer","floor":1.0},{"not_picked":["Slice","Blade Dance","Accuracy"],"picked":"SKIP","floor":7.0},{"not_picked":["Reflex","Blade Dance","Heel Hook"],"picked":"SKIP","floor":8.0},{"not_picked":["Slice","Blade Dance"],"picked":"Deflect","floor":10.0},{"not_picked":["Envenom","Flying Knee","All Out Attack"],"picked":"SKIP","floor":14.0},{"not_picked":["Burst","Night Terror"],"picked":"Glass Knife","floor":16.0},{"not_picked":["Underhanded Strike","Poisoned Stab"],"picked":"Dagger Throw","floor":17.0},{"not_picked":["Dodge and Roll","Choke"],"picked":"Bouncing Flask+1","floor":18.0},{"not_picked":["Choke","Deadly Poison","Sucker Punch"],"picked":"SKIP","floor":19.0},{"not_picked":["Blur","Blade Dance"],"picked":"Caltrops","floor":24.0},{"not_picked":["Accuracy","Poisoned Stab","Slice"],"picked":"SKIP","floor":30},{"not_picked":["Slice","Dagger Throw"],"picked":"Envenom","floor":31}],"player_experience":714871,"relics_obtained":[{"floor":7.0,"key":"Potion Belt"},{"floor":9.0,"key":"Ancient Tea Set"},{"floor":10.0,"key":"StrikeDummy"},{"floor":11.0,"key":"Odd Mushroom"},{"floor":13.0,"key":"Whetstone"},{"floor":14.0,"key":"Boot"},{"floor":26.0,"key":"Mercury Hourglass"},{"floor":30,"key":"Regal Pillow"}],"event_choices":[{"damage_healed":0.0,"max_hp_gain":0.0,"max_hp_loss":0.0,"gold_gain":150.0,"event_name":"Liars Game","player_choice":"AGREE","floor":3.0,"gold_loss":0.0,"damage_taken":0.0,"cards_obtained":["Doubt"]},{"damage_healed":0.0,"max_hp_gain":5.0,"max_hp_loss":0.0,"gold_gain":0.0,"event_name":"Big Fish","player_choice":"Donut","floor":4.0,"gold_loss":0.0,"damage_taken":0.0},{"damage_healed":0.0,"max_hp_gain":0.0,"max_hp_loss":0.0,"gold_gain":0.0,"event_name":"Mushrooms","player_choice":"Fought Mushrooms","floor":11.0,"gold_loss":0.0,"damage_taken":0.0},{"damage_healed":0.0,"max_hp_gain":0.0,"max_hp_loss":38.0,"gold_gain":0.0,"event_name":"Ghosts","player_choice":"Became a Ghost","floor":20.0,"gold_loss":0.0,"damage_taken":0.0,"cards_obtained":["Ghostly","Ghostly","Ghostly"]},{"damage_healed":0.0,"max_hp_gain":0.0,"max_hp_loss":0.0,"gold_gain":0.0,"event_name":"Upgrade Shrine","player_choice":"Upgraded","floor":22.0,"gold_loss":0.0,"damage_taken":0.0,"cards_upgraded":["Ghostly"]},{"damage_healed":0.0,"max_hp_gain":0.0,"max_hp_loss":0.0,"gold_gain":0.0,"event_name":"Lab","player_choice":"Got Potions","floor":29.0,"gold_loss":0.0,"damage_taken":0.0}],"is_beta":true,"boss_relics":[{"not_picked":["Snecko Eye","WristBlade"],"picked":"Tiny House"}],"items_purged_floors":[5,21],"is_endless":false,"potions_floor_spawned":[1,7,8,18,30],"killed_by":"Champ","ascension_level":20}