{"gold_per_floor":[212,231,242,71,83,83,110,35,81,181,214,224,249,249],"floor_reached":14,"playtime":592,"items_purged":[],"score":220,"play_id":"62652a89-9647-4d21-b15c-c5c626c2a4dc","local_time":"20190607151544","is_ascension_mode":true,"campfire_choices":[{"data":"Bash","floor":6,"key":"SMITH"}],"neow_cost":"NONE","seed_source_timestamp":3686502597271626,"circlet_count":0,"master_deck":["AscendersBane","Strike_R","Strike_R","Strike_R","Strike_R","Defend_R","Defend_R","Defend_R","Defend_R","Bash+1","Disarm","Metallicize","Shrug It Off","Inflame","Feel No Pain","True Grit","Demon Form","Shrug It Off"],"relics":["Burning Blood","Vajra","Dodecahedron","Regal Pillow","Boot","Turnip"],"potions_floor_usage":[11,13],"damage_taken":[{"damage":7,"enemies":"Small Slimes","floor":1,"turns":3},{"damage":10,"enemies":"Jaw Worm","floor":2,"turns":6},{"damage":2,"enemies":"Cultist","floor":3,"turns":4},{"damage":9,"enemies":"Looter","floor":5,"turns":5},{"damage":22,"enemies":"Lagavulin","floor":7,"turns":7},{"damage":14,"enemies":"3 Sentries","floor":11,"turns":12},{"damage":10,"enemies":"3 Louse","floor":12,"turns":6},{"damage":34,"enemies":"Gremlin Nob","floor":13,"turns":5},{"damage":12,"enemies":"Exordium Thugs","floor":14,"turns":3}],"seed_played":"-319636161287352396","potions_obtained":[{"floor":2,"key":"Block Potion"},{"floor":3,"key":"Block Potion"},{"floor":5,"key":"Strength Potion"}],"is_trial":false,"path_per_floor":["M","M","M","$","M","R","E","?","T","?","E","M","E","M"],"character_chosen":"IRONCLAD","items_purchased":["Vajra"],"campfire_rested":0,"item_purchase_floors":[4],"current_hp_per_floor":[67,63,67,67,64,64,48,48,48,48,40,36,8,0],"gold":249,"neow_bonus":"HUNDRED_GOLD","is_prod":false,"is_daily":false,"chose_seed":false,"campfire_upgraded":1,"win_rate":0,"timestamp":1559945744,"path_taken":["M","M","M","$","M","R","E","?","T","?","E","M","E","?"],"build_version":"2019-06-05","purchased_purges":0,"victory":false,"max_hp_per_floor":[75,75,75,75,75,75,75,75,75,75,75,75,75,75],"card_choices":[{"not_picked":["Havoc","Armaments"],"picked":"Disarm","floor":1},{"not_picked":["Shrug It Off","Havoc"],"picked":"Metallicize","floor":2},{"not_picked":["Dark Embrace","Infernal Blade"],"picked":"Shrug It Off","floor":3},{"not_picked":["Perfected Strike","Metallicize"],"picked":"Inflame","floor":5},{"not_picked":["True Grit","Warcry"],"picked":"Feel No Pain","floor":7},{"not_picked":["Armaments","Clothesline"],"picked":"True Grit","floor":11},{"not_picked":["Cleave","Shockwave"],"picked":"Demon Form","floor":12},{"not_picked":["Second Wind","Infernal Blade"],"picked":"Shrug It Off","floor":13}],"player_experience":1320858,"relics_obtained":[{"floor":7,"key":"Dodecahedron"},{"floor":9,"key":"Regal Pillow"},{"floor":11,"key":"Boot"},{"floor":13,"key":"Turnip"}],"event_choices":[{"cards_removed":["Strike_R"],"damage_healed":0,"gold_gain":0,"player_choice":"Card Removal","damage_taken":0,"max_hp_gain":0,"max_hp_loss":0,"event_name":"The Cleric","floor":8,"gold_loss":75},{"damage_healed":0,"gold_gain":100,"player_choice":"Gold","damage_taken":0,"max_hp_gain":0,"max_hp_loss":0,"event_name":"Wheel of Change","floor":10,"gold_loss":0}],"is_beta":true,"boss_relics":[],"items_purged_floors":[],"is_endless":false,"potions_floor_spawned":[2,3,5],"killed_by":"Exordium Thugs","ascension_level":20}