{"gold_per_floor":[113,131,131,148,148,183,193,193,245,245,264,282,299,29,29,105,105,25,25,25,25,25,25,25,25,25,25,25,25,25,25,25,25,25,25,25,25],"floor_reached":37,"playtime":2594,"items_purged":[],"score":851,"play_id":"efbba188-a4d0-43a1-8dd9-f898cbfa3982","local_time":"20190830164509","is_ascension_mode":true,"campfire_choices":[{"data":"Skewer","floor":8,"key":"SMITH"},{"floor":10,"key":"REST"},{"data":"Caltrops","floor":15,"key":"SMITH"},{"floor":25,"key":"REST"},{"data":"Well Laid Plans","floor":29,"key":"SMITH"},{"floor":32,"key":"REST"}],"neow_cost":"NONE","seed_source_timestamp":357586301604800,"circlet_count":0,"master_deck":["AscendersBane","Strike_G+1","Strike_G+1","Strike_G+1","Strike_G+1","Strike_G+1","Defend_G+1","Defend_G+1","Defend_G+1","Defend_G+1","Defend_G+1","Survivor","Neutralize","Skewer+1","Escape Plan","Backflip","Well Laid Plans+1","Dash","Caltrops+1","Dodge and Roll","Backflip","Night Terror","Choke","PiercingWail","Acrobatics","Crippling Poison","Bullet Time","Quick Slash","Acrobatics","Grand Finale","Blur"],"relics":["Sozu","WarpedTongs","Sundial","Dream Catcher","Lee\u0027s Waffle","Ectoplasm","MutagenicStrength","Art of War","Pantograph","Pear","Eternal Feather"],"potions_floor_usage":[],"damage_taken":[{"damage":9,"enemies":"Jaw Worm","floor":1,"turns":6},{"damage":0,"enemies":"Cultist","floor":2,"turns":4},{"damage":2,"enemies":"2 Louse","floor":4,"turns":2},{"damage":26,"enemies":"3 Sentries","floor":6,"turns":12},{"damage":9,"enemies":"Gremlin Gang","floor":7,"turns":5},{"damage":9,"enemies":"3 Louse","floor":11,"turns":3},{"damage":1,"enemies":"Looter","floor":12,"turns":3},{"damage":0,"enemies":"Large Slime","floor":13,"turns":4},{"damage":5,"enemies":"Slime Boss","floor":16,"turns":12},{"damage":14,"enemies":"2 Thieves","floor":18,"turns":5},{"damage":0,"enemies":"Spheric Guardian","floor":22,"turns":3},{"damage":18,"enemies":"Gremlin Leader","floor":23,"turns":7},{"damage":12,"enemies":"3 Cultists","floor":24,"turns":5},{"damage":13,"enemies":"Book of Stabbing","floor":27,"turns":5},{"damage":0,"enemies":"Snake Plant","floor":28,"turns":3},{"damage":0,"enemies":"Snecko","floor":31,"turns":5},{"damage":28,"enemies":"Collector","floor":33,"turns":12},{"damage":4,"enemies":"Orb Walker","floor":35,"turns":4},{"damage":15,"enemies":"3 Shapes","floor":36,"turns":7},{"damage":58,"enemies":"Transient","floor":37,"turns":4}],"seed_played":"-1306858811036058809","potions_obtained":[],"is_trial":false,"path_per_floor":["M","M","?","M","?","E","M","R","T","R","M","M","M","$","R","B",null,"M","?","?","?","M","E","M","R","T","E","M","R","?","M","R","B",null,"M","M","M"],"character_chosen":"THE_SILENT","items_purchased":["Lee\u0027s Waffle","Backflip"],"campfire_rested":3,"item_purchase_floors":[14,14],"current_hp_per_floor":[50,50,50,48,48,22,13,13,13,32,23,22,22,73,73,68,72,58,58,58,58,58,40,28,49,49,46,46,46,22,22,48,45,77,73,58,0],"gold":25,"neow_bonus":"BOSS_RELIC","is_prod":false,"is_daily":false,"chose_seed":false,"campfire_upgraded":3,"win_rate":0,"timestamp":1567197909,"path_taken":["M","M","?","?","?","E","M","R","T","R","M","?","M","$","R","BOSS","M","?","?","?","M","E","M","R","T","E","M","R","?","M","R","BOSS","M","M","M"],"build_version":"2019-07-17","purchased_purges":0,"victory":false,"max_hp_per_floor":[66,66,66,66,66,66,66,66,66,66,66,66,66,73,73,73,73,73,73,73,73,73,73,73,73,73,83,83,83,88,88,88,88,88,88,88,88],"card_choices":[{"not_picked":["Setup","Eviscerate","Slice"],"picked":"SKIP","floor":1},{"not_picked":["Outmaneuver","Blur"],"picked":"Skewer","floor":2},{"not_picked":["Slice","Bane"],"picked":"Escape Plan","floor":4},{"not_picked":["Skewer","Reflex"],"picked":"Backflip","floor":6},{"not_picked":["PiercingWail","Noxious Fumes"],"picked":"Well Laid Plans","floor":7},{"not_picked":["Deadly Poison","Bane"],"picked":"Dash","floor":10},{"not_picked":["Deflect","Deadly Poison"],"picked":"Caltrops","floor":11},{"not_picked":["Prepared","Slice","Outmaneuver"],"picked":"SKIP","floor":12},{"not_picked":["Eviscerate","Phantasmal Killer"],"picked":"Dodge and Roll","floor":13},{"not_picked":["Envenom","Storm of Steel"],"picked":"Night Terror","floor":16},{"not_picked":["Sucker Punch","Dagger Spray","Blade Dance"],"picked":"SKIP","floor":18},{"not_picked":["Heel Hook","Flying Knee"],"picked":"PiercingWail","floor":22},{"not_picked":["Poisoned Stab","Prepared"],"picked":"Acrobatics","floor":23},{"not_picked":["Deflect","Underhanded Strike","Storm of Steel"],"picked":"SKIP","floor":24},{"not_picked":["Prepared","Deadly Poison"],"picked":"Crippling Poison","floor":25},{"not_picked":["Poisoned Stab","Acrobatics+1"],"picked":"Bullet Time","floor":27},{"not_picked":["Skewer","Underhanded Strike"],"picked":"Quick Slash","floor":28},{"not_picked":["Masterful Stab","Quick Slash","Dagger Spray"],"picked":"SKIP","floor":31},{"not_picked":["Blade Dance","Expertise"],"picked":"Acrobatics","floor":32},{"not_picked":["Venomology","Phantasmal Killer"],"picked":"Grand Finale","floor":33},{"not_picked":["Dagger Spray","Slice","Underhanded Strike+1"],"picked":"SKIP","floor":35},{"not_picked":["Sucker Punch","Dodge and Roll"],"picked":"Blur","floor":36}],"player_experience":757999,"relics_obtained":[{"floor":6,"key":"Sundial"},{"floor":9,"key":"Dream Catcher"},{"floor":23,"key":"Art of War"},{"floor":26,"key":"Pantograph"},{"floor":27,"key":"Pear"}],"event_choices":[{"damage_healed":0,"gold_gain":0,"player_choice":"Rummage","damage_taken":0,"relics_obtained":["WarpedTongs"],"max_hp_gain":0,"max_hp_loss":0,"event_name":"Accursed Blacksmith","floor":3,"gold_loss":0,"cards_obtained":["Pain"]},{"cards_removed":["Pain"],"damage_healed":0,"gold_gain":0,"player_choice":"Purged","damage_taken":0,"max_hp_gain":0,"max_hp_loss":0,"event_name":"Purifier","floor":5,"gold_loss":0},{"damage_healed":0,"gold_gain":0,"player_choice":"Simplicity","damage_taken":0,"max_hp_gain":0,"max_hp_loss":0,"event_name":"Back to Basics","floor":19,"gold_loss":0,"cards_upgraded":["Strike_G","Strike_G","Strike_G","Strike_G","Strike_G","Defend_G","Defend_G","Defend_G","Defend_G","Defend_G"]},{"damage_healed":0,"gold_gain":0,"player_choice":"Inject Mutagens","damage_taken":0,"relics_obtained":["MutagenicStrength"],"max_hp_gain":0,"max_hp_loss":0,"event_name":"Drug Dealer","floor":20,"gold_loss":0},{"damage_healed":0,"gold_gain":0,"player_choice":"Read","damage_taken":0,"max_hp_gain":0,"max_hp_loss":0,"event_name":"The Library","floor":21,"gold_loss":0,"cards_obtained":["Choke"]},{"damage_healed":0,"gold_gain":0,"player_choice":"Shed Blood","damage_taken":29,"max_hp_gain":5,"max_hp_loss":0,"event_name":"Forgotten Altar","floor":30,"gold_loss":0}],"is_beta":false,"boss_relics":[{"not_picked":["Tiny House","Lizard Tail"],"picked":"Ectoplasm"},{"not_picked":["Orrery","WristBlade"],"picked":"Eternal Feather"}],"items_purged_floors":[],"is_endless":false,"potions_floor_spawned":[1,4,7,11,18,27,28,31,33,36],"killed_by":"Transient","ascension_level":20}