{"gold_per_floor":[117,117,137,137,187,218,218,248,248,248,259,271,283,300,300,374,374,393,412,21,37,37,68,68,101,101,101],"floor_reached":27,"playtime":2116,"items_purged":["Strike_G"],"score":526,"play_id":"66753a48-329a-4375-8058-fc0c088c6e71","local_time":"20190918150227","is_ascension_mode":true,"campfire_choices":[{"data":"Predator","floor":7.0,"key":"SMITH"},{"floor":10.0,"key":"REST"},{"data":"Footwork","floor":15.0,"key":"SMITH"},{"floor":24,"key":"REST"}],"neow_cost":"NONE","seed_source_timestamp":95818448141900,"circlet_count":0,"master_deck":["AscendersBane","Strike_G","Strike_G","Strike_G","Defend_G","Defend_G","Defend_G","Defend_G","Defend_G","Survivor","Neutralize+1","Quick Slash","Predator+1","Terror","Dagger Spray","Backflip","Footwork+1","Corpse Explosion","Deflect+1","Cloak And Dagger","Noxious Fumes","Deadly Poison","Necronomicurse"],"special_seed":0,"relics":["Ring of the Serpent","Paper Crane","Incense Burner","Du-Vu Doll","Art of War","Necronomicon","Shuriken","Happy Flower","Dead Branch"],"potions_floor_usage":[23,25],"damage_taken":[{"damage":3.0,"enemies":"2 Louse","floor":1.0,"turns":3.0},{"damage":0.0,"enemies":"Cultist","floor":3.0,"turns":4.0},{"damage":26.0,"enemies":"3 Sentries","floor":6.0,"turns":8.0},{"damage":9.0,"enemies":"Lagavulin","floor":8.0,"turns":5.0},{"damage":2.0,"enemies":"Jaw Worm","floor":11.0,"turns":3.0},{"damage":2.0,"enemies":"Blue Slaver","floor":12.0,"turns":4.0},{"damage":0.0,"enemies":"Lots of Slimes","floor":13.0,"turns":2.0},{"damage":9.0,"enemies":"Exordium Wildlife","floor":14.0,"turns":4.0},{"damage":2.0,"enemies":"The Guardian","floor":16.0,"turns":10.0},{"damage":16.0,"enemies":"Chosen","floor":18.0,"turns":5.0},{"damage":14.0,"enemies":"2 Thieves","floor":19.0,"turns":3.0},{"damage":5.0,"enemies":"Centurion and Healer","floor":21.0,"turns":5.0},{"damage":1,"enemies":"Slavers","floor":23,"turns":3},{"damage":20,"enemies":"Book of Stabbing","floor":25,"turns":4},{"damage":5,"enemies":"Slavers","floor":27,"turns":1}],"seed_played":"6719166541776184885","potions_obtained":[{"floor":1.0,"key":"PowerPotion"},{"floor":3.0,"key":"GhostInAJar"},{"floor":11.0,"key":"AttackPotion"},{"floor":16.0,"key":"Fruit Juice"},{"floor":18.0,"key":"AttackPotion"}],"is_trial":false,"path_per_floor":["M","?","M","?","?","E","R","E","T","R","M","M","M","M","R","B",null,"M","M","$","M","?","E","R","E","T","E"],"character_chosen":"THE_SILENT","items_purchased":["Noxious Fumes","Art of War","LiquidBronze"],"campfire_rested":2,"item_purchase_floors":[20,20,20],"current_hp_per_floor":[56,56,56,49,49,23,23,14,14,33,31,29,29,20,20,18,54,43,29,29,24,3,2,23,3,3,0],"gold":101,"neow_bonus":"THREE_CARDS","is_prod":false,"is_daily":false,"chose_seed":false,"campfire_upgraded":2,"win_rate":0,"timestamp":1568811747,"path_taken":["M","?","?","?","?","E","R","E","T","R","M","M","M","M","R","BOSS","M","M","$","?","?","E","R","E","T","E"],"build_version":"2019-09-17","purchased_purges":1,"victory":false,"max_hp_per_floor":[66,66,66,66,66,66,66,66,66,66,66,66,66,66,66,66,66,71,71,71,71,71,71,71,71,71,71],"card_choices":[{"not_picked":["Backflip","Catalyst"],"picked":"Quick Slash","floor":0.0},{"not_picked":["Masterful Stab","Slice"],"picked":"Predator","floor":1.0},{"not_picked":["All Out Attack","Flying Knee","Underhanded Strike"],"picked":"SKIP","floor":3.0},{"not_picked":["Underhanded Strike","Bane"],"picked":"Terror","floor":6.0},{"not_picked":["Catalyst","Calculated Gamble"],"picked":"Dagger Spray","floor":8.0},{"not_picked":["Sucker Punch","Quick Slash","Choke"],"picked":"SKIP","floor":11.0},{"not_picked":["Bane","Predator","Finisher"],"picked":"SKIP","floor":12.0},{"not_picked":["Tactician","Sucker Punch"],"picked":"Backflip","floor":13.0},{"not_picked":["Deadly Poison","Flying Knee"],"picked":"Footwork","floor":14.0},{"not_picked":["Unload","Doppelganger"],"picked":"Corpse Explosion","floor":16.0},{"not_picked":["Backstab","Concentrate"],"picked":"Deflect+1","floor":18.0},{"not_picked":["Flying Knee+1","Acrobatics+1"],"picked":"Cloak And Dagger","floor":19.0},{"not_picked":["Dagger Throw+1","Outmaneuver"],"picked":"Deadly Poison","floor":21.0},{"not_picked":["Burst","Prepared","Deflect"],"picked":"SKIP","floor":23},{"not_picked":["Infinite Blades+1","Bullet Time","Bouncing Flask"],"picked":"SKIP","floor":25}],"player_experience":725002,"relics_obtained":[{"floor":6.0,"key":"Paper Crane"},{"floor":8.0,"key":"Incense Burner"},{"floor":9.0,"key":"Du-Vu Doll"},{"floor":22.0,"key":"Necronomicon"},{"floor":23,"key":"Shuriken"},{"floor":25,"key":"Happy Flower"},{"floor":26,"key":"Dead Branch"}],"event_choices":[{"damage_healed":0.0,"max_hp_gain":0.0,"max_hp_loss":0.0,"gold_gain":0.0,"event_name":"Upgrade Shrine","player_choice":"Upgraded","floor":2.0,"gold_loss":0.0,"damage_taken":0.0,"cards_upgraded":["Neutralize"]},{"cards_removed":["Strike_G"],"damage_healed":0.0,"max_hp_gain":0.0,"max_hp_loss":0.0,"gold_gain":0.0,"event_name":"Golden Wing","player_choice":"Card Removal","floor":4.0,"gold_loss":0.0,"damage_taken":7.0},{"damage_healed":0.0,"max_hp_gain":0.0,"max_hp_loss":0.0,"gold_gain":50.0,"event_name":"Golden Shrine","player_choice":"Pray","floor":5.0,"gold_loss":0.0,"damage_taken":0.0},{"damage_healed":0.0,"max_hp_gain":0.0,"max_hp_loss":0.0,"gold_gain":0.0,"event_name":"Cursed Tome","player_choice":"Obtained Book","floor":22.0,"gold_loss":0.0,"damage_taken":21.0}],"is_beta":true,"boss_relics":[{"not_picked":["Runic Dome","Coffee Dripper"],"picked":"Ring of the Serpent"}],"items_purged_floors":[20],"is_endless":false,"potions_floor_spawned":[1,3,11,12,16,18],"killed_by":"Slavers","ascension_level":20}