{"gold_per_floor":[118,129,99,114,114,139,139,314,338,357,367,397,397,412,412,412],"floor_reached":16,"playtime":1482,"items_purged":[],"score":118,"play_id":"dc75d6d4-c8f5-4ecb-808a-21f48fea32f2","local_time":"20190906120201","is_ascension_mode":true,"campfire_choices":[{"floor":7,"key":"REST"},{"floor":15,"key":"REST"}],"neow_cost":"NONE","seed_source_timestamp":215520966889900,"circlet_count":0,"master_deck":["Strike_B","Strike_B","Strike_B","Strike_B+1","Defend_B","Defend_B","Defend_B","Zap","Dualcast","Conserve Battery","Tempest","Self Repair","Conserve Battery","Doubt","Hologram","Beam Cell+1","Sweeping Beam","Reboot"],"relics":["Runic Pyramid","Anchor","Whetstone"],"potions_floor_usage":[6,6,12,16,16,16],"damage_taken":[{"damage":1,"enemies":"2 Louse","floor":1,"turns":2},{"damage":2,"enemies":"Cultist","floor":2,"turns":4},{"damage":3,"enemies":"Small Slimes","floor":4,"turns":3},{"damage":30,"enemies":"Gremlin Nob","floor":6,"turns":5},{"damage":0,"enemies":"2 Fungi Beasts","floor":10,"turns":4},{"damage":2,"enemies":"Exordium Thugs","floor":11,"turns":5},{"damage":49,"enemies":"Lagavulin","floor":12,"turns":7},{"damage":6,"enemies":"Exordium Wildlife","floor":14,"turns":3},{"damage":59,"enemies":"Slime Boss","floor":16,"turns":11}],"seed_played":"5791639520566923958","potions_obtained":[{"floor":1,"key":"SteroidPotion"},{"floor":3,"key":"EssenceOfSteel"},{"floor":3,"key":"Dexterity Potion"},{"floor":10,"key":"Poison Potion"},{"floor":12,"key":"SneckoOil"},{"floor":13,"key":"AttackPotion"},{"floor":13,"key":"PowerPotion"}],"is_trial":false,"path_per_floor":["M","M","?","M","?","E","R","?","T","M","M","E","?","M","R","B"],"character_chosen":"DEFECT","items_purchased":[],"campfire_rested":2,"item_purchase_floors":[],"current_hp_per_floor":[74,72,72,69,62,39,61,61,61,68,73,31,31,32,54,0],"gold":412,"neow_bonus":"BOSS_RELIC","is_prod":false,"is_daily":false,"chose_seed":false,"campfire_upgraded":0,"win_rate":1,"timestamp":1567742521,"path_taken":["M","M","?","?","?","E","R","?","T","M","M","E","?","M","R","BOSS"],"build_version":"2019-07-17","purchased_purges":0,"victory":false,"max_hp_per_floor":[75,75,75,75,75,75,75,75,75,75,75,75,75,75,75,75],"card_choices":[{"not_picked":["Blizzard","Hello World"],"picked":"Conserve Battery","floor":1},{"not_picked":["Hello World","Undo"],"picked":"Tempest","floor":2},{"not_picked":["Streamline","Steam"],"picked":"Self Repair","floor":4},{"not_picked":["Multi-Cast","Leap"],"picked":"Conserve Battery","floor":6},{"not_picked":["Storm","Barrage"],"picked":"Hologram","floor":10},{"not_picked":["Skim","Compile Driver"],"picked":"Beam Cell","floor":11},{"not_picked":["Redo","Ball Lightning"],"picked":"Sweeping Beam","floor":12},{"not_picked":["Hologram","Redo"],"picked":"Reboot","floor":14}],"player_experience":76224,"relics_obtained":[{"floor":6,"key":"Anchor"},{"floor":12,"key":"Whetstone"}],"event_choices":[{"damage_healed":0,"gold_gain":0,"player_choice":"Bought 2 Potions","damage_taken":0,"max_hp_gain":0,"max_hp_loss":0,"event_name":"The Woman in Blue","floor":3,"gold_loss":0},{"cards_removed":["Defend_B"],"damage_healed":0,"gold_gain":0,"player_choice":"Card Removal","damage_taken":7,"max_hp_gain":0,"max_hp_loss":0,"event_name":"Golden Wing","floor":5,"gold_loss":0},{"damage_healed":0,"gold_gain":175,"player_choice":"AGREE","damage_taken":0,"max_hp_gain":0,"max_hp_loss":0,"event_name":"Liars Game","floor":8,"gold_loss":0,"cards_obtained":["Doubt"]},{"damage_healed":0,"gold_gain":0,"player_choice":"Got Potions","damage_taken":0,"max_hp_gain":0,"max_hp_loss":0,"event_name":"Lab","floor":13,"gold_loss":0}],"is_beta":false,"boss_relics":[],"items_purged_floors":[],"is_endless":false,"potions_floor_spawned":[1,4,10,12],"killed_by":"Slime Boss","ascension_level":1}