{"gold_per_floor":[119,135,148,160,180,180,213,213,238,253,49,49,80,95,95,194,194,211,229,229,240,240,275,275,275,301,321,349,151,151,165,165,266,266,283,335,36,55,73,73,86,96,96,107,126,155,155,0,0,0],"floor_reached":51,"playtime":5824,"items_purged":[],"score":793,"play_id":"8f72ce83-0e55-4729-9ab2-0dfbbf839a51","local_time":"20180821020338","is_ascension_mode":true,"campfire_choices":[{"data":"Dualcast","floor":6,"key":"SMITH"},{"floor":8,"key":"REST"},{"data":"Zap","floor":12,"key":"SMITH"},{"floor":15,"key":"REST"},{"data":"Loop","floor":25,"key":"SMITH"},{"data":"Hologram","floor":30,"key":"SMITH"},{"floor":32,"key":"REST"},{"data":"1","floor":40,"key":"LIFT"},{"data":"2","floor":47,"key":"LIFT"},{"data":"3","floor":49,"key":"LIFT"}],"neow_cost":"PERCENT_DAMAGE","seed_source_timestamp":456632883337518,"circlet_count":0,"master_deck":["Strike_B","Strike_B","Defend_B","Defend_B","Defend_B","Zap+1","Dualcast+1","Loop","Cold Snap","Genetic Algorithm","Turbo","Leap","Core Surge+1","Go for the Eyes+1","Steam","Darkness","Loop+1","Ball Lightning+1","Conserve Battery","Electrodynamics","Multi-Cast+1","Consume+1","Heatsinks+1","Rip and Tear+1","Ball Lightning+1","Sweeping Beam+1","Reinforced Body","Hologram+1","Genetic Algorithm","Seek","Amplify","Static Discharge+1","BootSequence+1","Undo","White Noise+1","White Noise+1","Melter+1"],"relics":["Cracked Core","Molten Egg 2","Lantern","Regal Pillow","Astrolabe","Potion Belt","Oddly Smooth Stone","Bag of Preparation","Bronze Scales","DollysMirror","Fusion Hammer","Girya","Art of War","Happy Flower","Pantograph","Symbiotic Virus","Red Mask"],"potions_floor_usage":[5,7,16,16,21,23,23,45,46,50,50,50,50],"damage_taken":[{"damage":1,"enemies":"Cultist","floor":1,"turns":3},{"damage":11,"enemies":"Jaw Worm","floor":2,"turns":3},{"damage":0,"enemies":"Small Slimes","floor":3,"turns":3},{"damage":7,"enemies":"Looter","floor":4,"turns":3},{"damage":9,"enemies":"Large Slime","floor":5,"turns":7},{"damage":20,"enemies":"3 Sentries","floor":7,"turns":9},{"damage":8,"enemies":"Blue Slaver","floor":10,"turns":3},{"damage":2,"enemies":"Lagavulin","floor":13,"turns":5},{"damage":13,"enemies":"3 Louse","floor":14,"turns":4},{"damage":30,"enemies":"Hexaghost","floor":16,"turns":8},{"damage":7,"enemies":"Shell Parasite","floor":18,"turns":6},{"damage":1,"enemies":"Chosen","floor":19,"turns":5},{"damage":2,"enemies":"Centurion and Healer","floor":21,"turns":4},{"damage":14,"enemies":"Book of Stabbing","floor":23,"turns":3},{"damage":6,"enemies":"Cultist and Chosen","floor":27,"turns":3},{"damage":21,"enemies":"Slavers","floor":28,"turns":4},{"damage":0,"enemies":"Snake Plant","floor":31,"turns":3},{"damage":59,"enemies":"Champ","floor":33,"turns":10},{"damage":6,"enemies":"Orb Walker","floor":35,"turns":4},{"damage":0,"floor":36,"turns":3},{"damage":0,"enemies":"Flame Bruiser 1 Orb","floor":38,"turns":2},{"damage":19,"enemies":"4 Shapes","floor":39,"turns":2},{"damage":2,"enemies":"Sphere and 2 Shapes","floor":41,"turns":3},{"damage":0,"enemies":"Transient","floor":42,"turns":5},{"damage":8,"enemies":"Flame Bruiser 2 Orb","floor":44,"turns":5},{"damage":8,"enemies":"4 Shapes","floor":45,"turns":8},{"damage":4,"enemies":"2 Orb Walkers","floor":46,"turns":4},{"damage":20,"enemies":"Donu and Deca","floor":50,"turns":9}],"seed_played":"7170423255163815620","potions_obtained":[{"floor":1,"key":"Regen Potion"},{"floor":3,"key":"Strength Potion"},{"floor":5,"key":"Strength Potion"},{"floor":13,"key":"Fire Potion"},{"floor":14,"key":"LiquidBronze"},{"floor":18,"key":"Fruit Juice"},{"floor":21,"key":"Energy Potion"},{"floor":31,"key":"Regen Potion"},{"floor":33,"key":"Poison Potion"},{"floor":38,"key":"SpeedPotion"},{"floor":44,"key":"FocusPotion"},{"floor":45,"key":"AttackPotion"},{"floor":46,"key":"Explosive Potion"}],"is_trial":false,"path_per_floor":["M","M","M","M","M","R","E","R","T","M","$","R","E","M","R","B",null,"M","M","?","M","?","E","T","R","T","M","E","$","R","M","R","B",null,"M","?","$","M","M","R","M","M","T","M","M","E","R","?","R","B"],"character_chosen":"DEFECT","items_purchased":["Steam","Darkness","Loop","DollysMirror","Art of War","Happy Flower"],"campfire_rested":3,"item_purchase_floors":[11,11,11,29,37,37],"current_hp_per_floor":[64,53,53,46,52,52,32,58,58,50,50,50,48,35,76,46,89,82,81,81,84,84,70,70,70,70,64,43,43,43,43,86,27,94,88,88,88,88,69,69,67,67,67,59,66,62,62,62,62,67],"gold":0,"neow_bonus":"TWENTY_PERCENT_HP_BONUS","is_prod":false,"is_daily":false,"chose_seed":false,"campfire_upgraded":4,"win_rate":0,"timestamp":1534842218,"path_taken":["M","M","M","?","M","R","E","R","T","M","$","R","E","M","R","BOSS","M","?","?","M","?","E","?","R","T","M","E","$","R","M","R","BOSS","M","?","$","M","M","R","M","?","T","M","M","E","R","?","R","BOSS"],"build_version":"2018-08-16","purchased_purges":0,"victory":true,"max_hp_per_floor":[89,89,89,89,89,89,89,89,89,89,89,89,89,89,89,89,89,89,89,89,94,94,94,94,94,94,94,94,94,94,94,94,94,94,94,94,94,94,94,94,94,94,94,94,94,94,94,94,94,94],"card_choices":[{"not_picked":["Barrage","Ball Lightning"],"picked":"Loop","floor":1},{"not_picked":["Steam","Recycle"],"picked":"Cold Snap","floor":2},{"not_picked":["Aggregate","Storm"],"picked":"Genetic Algorithm","floor":3},{"not_picked":["Barrage","Coolheaded"],"picked":"Turbo","floor":4},{"not_picked":["Darkness","Fusion"],"picked":"Leap","floor":5},{"not_picked":["Rebound","Turbo"],"picked":"Core Surge","floor":7},{"not_picked":["Compile Driver+1","Beam Cell+1"],"picked":"Go for the Eyes+1","floor":10},{"not_picked":["Sunder+1","Reboot"],"picked":"Ball Lightning+1","floor":13},{"not_picked":["Skim","Glacier"],"picked":"Conserve Battery","floor":14},{"not_picked":["Creative AI","Seek"],"picked":"Electrodynamics","floor":16},{"not_picked":["Steam","Rebound+1"],"picked":"Rip and Tear+1","floor":18},{"not_picked":["Loop","Glacier"],"picked":"Ball Lightning+1","floor":19},{"not_picked":["Streamline+1","Cold Snap+1","Redo"],"picked":"SKIP","floor":21},{"not_picked":["Streamline+1","Cold Snap+1","Redo"],"picked":"SKIP","floor":21},{"not_picked":["Compile Driver+1","Gash+1","Steam Power"],"picked":"SKIP","floor":23},{"not_picked":["Go for the Eyes+1","Loop"],"picked":"Reinforced Body","floor":27},{"not_picked":["Lockon+1","Reprogram+1"],"picked":"Hologram","floor":28},{"not_picked":["Gash+1","Ball Lightning+1"],"picked":"Seek","floor":31},{"not_picked":["Multi-Cast","Creative AI"],"picked":"Amplify","floor":33},{"not_picked":["Turbo+1","Ball Lightning+1","Barrage+1"],"picked":"SKIP","floor":35},{"not_picked":["Go for the Eyes+1","Hologram+1"],"picked":"Static Discharge+1","floor":36},{"not_picked":["Sweeping Beam+1","Beam Cell+1","Streamline+1"],"picked":"SKIP","floor":38},{"not_picked":["Redo","Conserve Battery"],"picked":"BootSequence+1","floor":39},{"not_picked":["Lockon+1","Loop+1"],"picked":"Undo","floor":41},{"not_picked":["Sweeping Beam+1","BootSequence","Hologram+1"],"picked":"SKIP","floor":42},{"not_picked":["Go for the Eyes+1","Streamline+1"],"picked":"White Noise+1","floor":44},{"not_picked":["Tempest","Doom and Gloom+1"],"picked":"White Noise+1","floor":45},{"not_picked":["Ball Lightning+1","Fission"],"picked":"Melter+1","floor":46}],"player_experience":236723,"relics_obtained":[{"floor":7,"key":"Molten Egg 2"},{"floor":9,"key":"Lantern"},{"floor":13,"key":"Regal Pillow"},{"floor":23,"key":"Potion Belt"},{"floor":24,"key":"Oddly Smooth Stone"},{"floor":26,"key":"Bag of Preparation"},{"floor":28,"key":"Bronze Scales"},{"floor":36,"key":"Girya"},{"floor":43,"key":"Pantograph"},{"floor":46,"key":"Symbiotic Virus"}],"event_choices":[{"event_name":"Ghosts","player_choice":"Ignored","floor":20,"damage_taken":0},{"event_name":"The Library","player_choice":"Read","floor":22,"damage_taken":0},{"event_name":"Mysterious Sphere","player_choice":"Fight","floor":36,"damage_taken":0},{"event_name":"Tomb of Lord Red Mask","player_choice":"Paid","floor":48,"damage_taken":0}],"is_beta":false,"boss_relics":[{"not_picked":["Coffee Dripper","Empty Cage"],"picked":"Astrolabe"},{"not_picked":["Runic Pyramid","Orrery"],"picked":"Fusion Hammer"}],"items_purged_floors":[],"is_endless":false,"potions_floor_spawned":[1,3,5,13,14,18,21,31,33,38,44,45,46],"ascension_level":1}