{"gold_per_floor":[364,374,393,407,11,26,55,69,140,153,153,181,181,216,216,291,291,304,304,304,314,314,328,328,359,359,372,7,7,7,20,20,94,94,110,110,110,120,120,120,152,171,196,196,208,226,239,249,249,249],"floor_reached":51,"playtime":3491,"items_purged":["Pain","Strike_B"],"score":1247,"play_id":"b2398725-bf3f-4658-b303-44a44b20a5ac","local_time":"20181021045505","is_ascension_mode":true,"campfire_choices":[{"data":"Blizzard","floor":11,"key":"SMITH"},{"data":"Coolheaded","floor":13,"key":"SMITH"},{"data":"Redo","floor":15,"key":"SMITH"},{"data":"Hologram","floor":24,"key":"SMITH"},{"data":"Rainbow","floor":29,"key":"SMITH"},{"data":"Glacier","floor":32,"key":"SMITH"},{"data":"Glacier","floor":40,"key":"SMITH"},{"data":"Hologram","floor":44,"key":"SMITH"},{"data":"Seek","floor":49,"key":"SMITH"}],"neow_cost":"CURSE","seed_source_timestamp":2595589941782521,"circlet_count":0,"master_deck":["Strike_B","Strike_B","Defend_B","Defend_B","Defend_B","Defend_B","Zap","Dualcast","AscendersBane","Coolheaded+1","Glacier+1","Glacier+1","Blizzard+1","FTL","Defragment+1","Redo+1","Cold Snap","Self Repair+1","Rainbow+1","Hologram+1","Defragment+1","Electrodynamics+1","Hologram+1","Compile Driver","Seek+1","Capacitor+1"],"relics":["FrozenCore","Meat on the Bone","Frozen Egg 2","Mercury Hourglass","Pantograph","FossilizedHelix","Runic Dome","Anchor","Bottled Tornado","Runic Capacitor","Matryoshka","Mummified Hand","Orichalcum","Blood Vial"],"potions_floor_usage":[12,25],"damage_taken":[{"damage":1,"enemies":"Small Slimes","floor":1,"turns":3},{"damage":5,"enemies":"Cultist","floor":2,"turns":5},{"damage":15,"enemies":"Jaw Worm","floor":3,"turns":4},{"damage":10,"enemies":"Looter","floor":4,"turns":4},{"damage":0,"enemies":"Blue Slaver","floor":6,"turns":4},{"damage":9,"enemies":"Lagavulin","floor":7,"turns":10},{"damage":0,"enemies":"Exordium Wildlife","floor":8,"turns":4},{"damage":3,"enemies":"Exordium Thugs","floor":10,"turns":4},{"damage":28,"enemies":"Gremlin Nob","floor":12,"turns":6},{"damage":1,"enemies":"Lagavulin","floor":14,"turns":8},{"damage":6,"enemies":"Hexaghost","floor":16,"turns":12},{"damage":11,"enemies":"Spheric Guardian","floor":18,"turns":4},{"damage":3,"enemies":"3 Byrds","floor":21,"turns":4},{"damage":14,"enemies":"Colosseum Slavers","floor":22,"turns":4},{"damage":0,"enemies":"3 Cultists","floor":23,"turns":6},{"damage":28,"enemies":"Gremlin Leader","floor":25,"turns":6},{"damage":0,"enemies":"Centurion and Healer","floor":27,"turns":7},{"damage":8,"enemies":"Snake Plant","floor":31,"turns":4},{"damage":6,"enemies":"Champ","floor":33,"turns":16},{"damage":0,"enemies":"3 Shapes","floor":35,"turns":5},{"damage":0,"enemies":"3 Darklings","floor":38,"turns":7},{"damage":2,"enemies":"Giant Head","floor":41,"turns":11},{"damage":11,"enemies":"4 Shapes","floor":42,"turns":4},{"damage":0,"enemies":"Maw","floor":45,"turns":7},{"damage":12,"enemies":"Transient","floor":46,"turns":5},{"damage":0,"enemies":"Sphere and 2 Shapes","floor":47,"turns":4},{"damage":0,"enemies":"Maw","floor":48,"turns":8},{"damage":5,"enemies":"Time Eater","floor":50,"turns":16}],"seed_played":"-3731696159428971889","potions_obtained":[{"floor":1,"key":"FairyPotion"},{"floor":3,"key":"Fire Potion"},{"floor":4,"key":"SkillPotion"},{"floor":12,"key":"Poison Potion"},{"floor":31,"key":"FairyPotion"},{"floor":42,"key":"Explosive Potion"},{"floor":45,"key":"Block Potion"}],"is_trial":false,"path_per_floor":["M","M","M","M","$","M","E","M","T","M","R","E","R","E","R","B",null,"M","?","?","M","?","M","R","E","T","M","$","R","?","M","R","B",null,"M","?","?","M","?","R","E","M","T","R","M","M","M","M","R","B"],"character_chosen":"DEFECT","items_purchased":["Meat on the Bone","Blizzard","Runic Capacitor","Defragment+1"],"campfire_rested":0,"item_purchase_floors":[5,5,28,28],"current_hp_per_floor":[63,58,43,33,33,45,36,36,36,45,45,29,29,50,50,71,71,70,60,54,61,57,67,67,49,49,59,59,59,59,61,61,71,71,71,61,61,71,71,71,71,60,60,60,71,69,71,71,71,71],"gold":249,"neow_bonus":"TWO_FIFTY_GOLD","is_prod":false,"is_daily":false,"chose_seed":false,"campfire_upgraded":9,"win_rate":0,"timestamp":1540122905,"path_taken":["M","M","M","M","$","M","E","M","T","M","R","E","R","E","R","BOSS","M","?","?","M","?","M","R","E","T","?","$","R","?","M","R","BOSS","M","?","?","M","?","R","E","M","T","R","?","?","M","M","R","BOSS"],"build_version":"2018-10-19","purchased_purges":2,"victory":true,"max_hp_per_floor":[71,71,71,71,71,71,71,71,71,71,71,71,71,71,71,71,71,71,71,71,71,71,71,71,71,71,71,71,71,71,71,71,71,71,71,71,71,71,71,71,71,71,71,71,71,71,71,71,71,71],"card_choices":[{"not_picked":["Redo","Stack"],"picked":"Coolheaded","floor":1},{"not_picked":["Ball Lightning","Darkness"],"picked":"Glacier","floor":2},{"not_picked":["Skim","Stack"],"picked":"Glacier","floor":3},{"not_picked":["Coolheaded","Double Energy","Conserve Battery"],"picked":"SKIP","floor":4},{"not_picked":["White Noise","Chaos"],"picked":"FTL","floor":6},{"not_picked":["Cold Snap","Skim"],"picked":"Defragment","floor":7},{"not_picked":["Ball Lightning","Aggregate"],"picked":"Redo","floor":8},{"not_picked":["Leap","Sweeping Beam"],"picked":"Cold Snap","floor":10},{"not_picked":["Thunder Strike","Coolheaded"],"picked":"Self Repair+1","floor":12},{"not_picked":["Gash","Go for the Eyes","Thunder Strike"],"picked":"SKIP","floor":14},{"not_picked":["Meteor Strike","All For One"],"picked":"Rainbow","floor":16},{"not_picked":["Consume","Go for the Eyes"],"picked":"Hologram","floor":18},{"not_picked":["Stack","Leap+1","Double Energy"],"picked":"SKIP","floor":21},{"not_picked":["Conserve Battery","Chaos","Barrage"],"picked":"SKIP","floor":23},{"not_picked":["Cold Snap","Rebound","Scrape"],"picked":"SKIP","floor":25},{"not_picked":["Blizzard","Chaos","Barrage"],"picked":"SKIP","floor":27},{"not_picked":["Auto Shields","Lockon+1","Sunder"],"picked":"SKIP","floor":31},{"not_picked":["Auto Shields","Lockon+1","Sunder"],"picked":"SKIP","floor":31},{"not_picked":["Fission","Rainbow"],"picked":"Electrodynamics+1","floor":33},{"not_picked":["Rebound+1","Sunder","Go for the Eyes"],"picked":"SKIP","floor":35},{"not_picked":["Lockon+1","Leap","Stack"],"picked":"SKIP","floor":38},{"not_picked":["Cold Snap","Redo+1","Go for the Eyes"],"picked":"SKIP","floor":41},{"not_picked":["Aggregate+1","Streamline"],"picked":"Hologram","floor":42},{"not_picked":["Coolheaded","Sweeping Beam"],"picked":"Compile Driver","floor":45},{"not_picked":["Go for the Eyes","Leap"],"picked":"Seek","floor":46},{"not_picked":["Darkness","Lockon+1","Steam"],"picked":"SKIP","floor":47},{"not_picked":["Darkness","Lockon+1","Steam"],"picked":"SKIP","floor":47},{"not_picked":["Barrage+1","Conserve Battery"],"picked":"Capacitor+1","floor":48}],"player_experience":923383,"relics_obtained":[{"floor":7,"key":"Frozen Egg 2"},{"floor":9,"key":"Mercury Hourglass"},{"floor":12,"key":"Pantograph"},{"floor":14,"key":"FossilizedHelix"},{"floor":25,"key":"Anchor"},{"floor":26,"key":"Bottled Tornado"},{"floor":41,"key":"Mummified Hand"},{"floor":43,"key":"Orichalcum"},{"floor":43,"key":"Blood Vial"}],"event_choices":[{"damage_healed":0,"gold_gain":0,"player_choice":"Damaged","damage_taken":10,"max_hp_gain":0,"max_hp_loss":0,"event_name":"Wheel of Change","floor":19,"gold_loss":0},{"damage_healed":0,"gold_gain":0,"player_choice":"Joined the Cult","damage_taken":6,"max_hp_gain":0,"max_hp_loss":0,"event_name":"Nest","floor":20,"gold_loss":0,"cards_obtained":["RitualDagger"]},{"damage_healed":0,"gold_gain":0,"player_choice":"Fight","damage_taken":0,"max_hp_gain":0,"max_hp_loss":0,"event_name":"Colosseum","floor":22,"gold_loss":0},{"damage_healed":0,"gold_gain":0,"player_choice":"Fled From Nobs","damage_taken":0,"max_hp_gain":0,"max_hp_loss":0,"event_name":"Colosseum","floor":22,"gold_loss":0},{"damage_healed":0,"gold_gain":0,"player_choice":"Gave Potion","damage_taken":0,"relics_obtained":["Matryoshka"],"max_hp_gain":0,"max_hp_loss":0,"event_name":"WeMeetAgain","floor":30,"gold_loss":0},{"damage_healed":0,"gold_gain":0,"player_choice":"Memory 3","damage_taken":10,"max_hp_gain":0,"max_hp_loss":0,"event_name":"SensoryStone","floor":36,"gold_loss":0},{"cards_removed":["Strike_B"],"damage_healed":0,"gold_gain":0,"player_choice":"Offered Basic","damage_taken":0,"max_hp_gain":0,"max_hp_loss":0,"event_name":"Bonfire Elementals","floor":37,"gold_loss":0},{"cards_removed":["RitualDagger"],"damage_healed":0,"gold_gain":0,"player_choice":"Removed Attack","damage_taken":0,"max_hp_gain":0,"max_hp_loss":0,"event_name":"Falling","floor":39,"gold_loss":0}],"is_beta":true,"boss_relics":[{"not_picked":["Calling Bell","Ectoplasm"],"picked":"Runic Dome"},{"not_picked":["Runic Pyramid","Sozu"],"picked":"FrozenCore"}],"items_purged_floors":[5,28],"is_endless":false,"potions_floor_spawned":[1,3,4,8,12,18,21,31,42,45,46],"ascension_level":15}