{"gold_per_floor":[114,114,130,130,130,163,180,180,204,204,216,20,31,63,63,166,166,180,210,235,252,252,285,210,43,43,43,55,74,74,86,86,182,182,192,212,224,239,339,339,339,349,376,388,388,414,428,447,447,447],"floor_reached":51,"playtime":9278,"items_purged":["Strike_P"],"score":786,"play_id":"b04a9e4c-549d-49b0-ac13-436d91f37975","local_time":"20190910130207","is_ascension_mode":false,"campfire_choices":[{"data":"Collect","floor":8.0,"key":"SMITH"},{"data":"Vault","floor":10.0,"key":"SMITH"},{"data":"DeusExMachina","floor":15.0,"key":"SMITH"},{"data":"Adaptation","floor":27.0,"key":"SMITH"},{"data":"Unraveling","floor":30.0,"key":"SMITH"},{"floor":32.0,"key":"REST"},{"data":"MasterReality","floor":40.0,"key":"SMITH"},{"floor":45.0,"key":"REST"},{"floor":49,"key":"REST"}],"neow_cost":"NONE","seed_source_timestamp":1009991944069000,"circlet_count":0,"master_deck":["Strike_P","Strike_P","Defend_P","Defend_P","Defend_P","Defend_P","Eruption","Vigilance","Fasting","FlurryOfBlows","Vault+1","Collect+1","Swivel","ClearTheMind","Meditate","BowlingBash","Metaphysics","DeusExMachina+1","Unraveling+1","Vengeance","EmptyFist","EmptyBody+1","EmptyBody","Adaptation+1","Sanctity","Meditate","Establishment+1","Tantrum","EmptyFist+1","MasterReality+1","EmptyBody+1","WaveOfTheHand","Brilliance","FearNoEvil+1","ThirdEye+1","Pain","Scrawl","Writhe","Adaptation","Crescendo","DeceiveReality+1","Adaptation+1"],"special_seed":0,"relics":["PureWater","NeowsBlessing","Question Card","Shuriken","Smiling Mask","Omamori","Centennial Puzzle","Cursed Key","Red Mask","Strawberry","Pear","Mummified Hand","SlaversCollar","Thread and Needle","WarpedTongs","Ancient Tea Set","Mercury Hourglass"],"potions_floor_usage":[50],"damage_taken":[{"damage":0.0,"enemies":"2 Louse","floor":1.0,"turns":1.0},{"damage":0.0,"enemies":"Jaw Worm","floor":3.0,"turns":1.0},{"damage":0.0,"enemies":"3 Sentries","floor":6.0,"turns":1.0},{"damage":9.0,"enemies":"Small Slimes","floor":7.0,"turns":4.0},{"damage":17.0,"enemies":"Exordium Thugs","floor":11.0,"turns":8.0},{"damage":0.0,"enemies":"3 Louse","floor":13.0,"turns":4.0},{"damage":8.0,"enemies":"Lagavulin","floor":14.0,"turns":6.0},{"damage":5.0,"enemies":"Slime Boss","floor":16.0,"turns":5.0},{"damage":19.0,"enemies":"Shell Parasite","floor":18.0,"turns":6.0},{"damage":12.0,"enemies":"Masked Bandits","floor":19.0,"turns":3.0},{"damage":10.0,"enemies":"2 Thieves","floor":21.0,"turns":3.0},{"damage":17.0,"enemies":"Slavers","floor":23.0,"turns":5.0},{"damage":6.0,"enemies":"Chosen and Byrds","floor":28.0,"turns":6.0},{"damage":12.0,"enemies":"Snake Plant","floor":29.0,"turns":5.0},{"damage":25.0,"enemies":"Cultist and Chosen","floor":31.0,"turns":7.0},{"damage":5.0,"enemies":"Collector","floor":33.0,"turns":8.0},{"damage":11.0,"enemies":"3 Shapes","floor":35.0,"turns":4.0},{"damage":7.0,"enemies":"Orb Walker","floor":36.0,"turns":4.0},{"damage":6.0,"enemies":"Jaw Worm Horde","floor":37.0,"turns":6.0},{"damage":2.0,"enemies":"Transient","floor":38.0,"turns":5.0},{"damage":8.0,"enemies":"Mind Bloom Boss Battle","floor":39.0,"turns":6.0},{"damage":27.0,"enemies":"4 Shapes","floor":42.0,"turns":8.0},{"damage":17.0,"enemies":"3 Darklings","floor":44.0,"turns":5.0},{"damage":2.0,"enemies":"Giant Head","floor":46.0,"turns":4.0},{"damage":16.0,"enemies":"Maw","floor":47.0,"turns":6.0},{"damage":9,"enemies":"Transient","floor":48,"turns":5},{"damage":17,"enemies":"Awakened One","floor":50,"turns":18}],"seed_played":"426194765349841320","potions_obtained":[{"floor":3.0,"key":"AttackPotion"},{"floor":11.0,"key":"SpeedPotion"},{"floor":13.0,"key":"Weak Potion"},{"floor":14.0,"key":"SteroidPotion"},{"floor":16.0,"key":"FearPotion"},{"floor":18.0,"key":"SteroidPotion"},{"floor":19.0,"key":"Weak Potion"},{"floor":31.0,"key":"DuplicationPotion"},{"floor":35.0,"key":"Block Potion"},{"floor":36.0,"key":"PowerPotion"},{"floor":38.0,"key":"SneckoOil"},{"floor":48,"key":"SkillPotion"}],"is_trial":false,"path_per_floor":["M","?","M","T","?","E","M","R","T","R","M","$","M","E","R","B",null,"M","?","T","M","?","E","?","$","T","R","M","M","R","M","R","B",null,"M","M","M","M","?","R","?","M","T","M","R","E","M","M","R","B",null],"character_chosen":"WATCHER","items_purchased":["ClearTheMind","Meditate","BowlingBash","Adaptation","Sanctity","Meditate"],"campfire_rested":3,"item_purchase_floors":[12,12,12,25,25,25],"current_hp_per_floor":[65,62,62,62,62,62,53,53,53,53,36,36,36,28,28,23,65,46,34,41,31,55,48,48,48,48,48,42,30,30,5,29,24,82,71,64,58,56,48,48,48,21,21,4,28,26,10,1,25,8],"gold":447,"neow_bonus":"THREE_ENEMY_KILL","is_prod":false,"is_daily":false,"chose_seed":false,"campfire_upgraded":6,"win_rate":0.0,"timestamp":1568145727,"path_taken":["M","?","M","?","?","E","M","R","T","R","M","$","?","E","R","BOSS","M","?","?","M","?","E","?","$","T","R","?","?","R","M","R","BOSS","M","M","M","M","?","R","?","M","T","M","R","E","?","?","R","BOSS"],"build_version":"2019-09-09v2","purchased_purges":1,"victory":true,"max_hp_per_floor":[65,65,65,65,65,65,65,65,65,65,65,65,65,65,65,65,65,65,65,72,72,72,82,82,82,82,82,82,82,82,82,82,82,82,82,82,82,82,82,82,82,82,82,82,82,82,82,82,82,82],"card_choices":[{"not_picked":["FollowUp","ClearTheMind"],"picked":"Fasting","floor":1.0},{"not_picked":["FlyingSleeves","PathToVictory","TalkToTheHand"],"picked":"FlurryOfBlows","floor":3.0},{"not_picked":["Scrawl","FollowUp","FlurryOfBlows"],"picked":"Vault","floor":6.0},{"not_picked":["Protect","EmptyMind","Scrawl"],"picked":"Collect","floor":7.0},{"not_picked":["JustLucky","Protect","Halt"],"picked":"Swivel","floor":11.0},{"not_picked":["FlyingSleeves","EmptyMind","Consecrate"],"picked":"Metaphysics","floor":13.0},{"not_picked":["Establishment","FlyingSleeves","Wallop"],"picked":"DeusExMachina","floor":14.0},{"not_picked":["Nirvana","Omniscience","Judgement"],"picked":"Unraveling","floor":16.0},{"not_picked":["Sanctity","SandsOfTime","CrushJoints"],"picked":"Vengeance","floor":18.0},{"not_picked":["CutThroughFate","Collect+1","BowlingBash"],"picked":"EmptyFist","floor":19.0},{"not_picked":["Meditate","Consecrate","CutThroughFate"],"picked":"EmptyBody+1","floor":21.0},{"not_picked":["ReachHeaven","SandsOfTime","JustLucky"],"picked":"EmptyBody","floor":23.0},{"not_picked":["Sanctity","CutThroughFate","SandsOfTime+1"],"picked":"Establishment+1","floor":28.0},{"not_picked":["Adaptation","FollowUp","Collect"],"picked":"Tantrum","floor":29.0},{"not_picked":["PathToVictory","ForeignInfluence","Sanctity+1"],"picked":"EmptyFist+1","floor":31.0},{"not_picked":["Unraveling","ReachHeaven","Wallop"],"picked":"MasterReality","floor":33.0},{"not_picked":["Swivel","WindmillStrike","ForeignInfluence+1"],"picked":"EmptyBody+1","floor":35.0},{"not_picked":["Consecrate+1","BowlingBash+1","FollowUp+1"],"picked":"WaveOfTheHand","floor":36.0},{"not_picked":["Meditate+1","Protect+1","Tantrum+1"],"picked":"Brilliance","floor":37.0},{"not_picked":["Protect","Halt","BowlingBash"],"picked":"FearNoEvil+1","floor":38.0},{"not_picked":["Meditate+1","BowlingBash","Protect"],"picked":"ThirdEye+1","floor":39.0},{"not_picked":["EmptyFist+1","Sanctity","FollowUp"],"picked":"Scrawl","floor":42.0},{"not_picked":["CarveReality+1","JustLucky","Halt"],"picked":"Adaptation","floor":44.0},{"not_picked":["LessonLearned","ReachHeaven","ClearTheMind+1"],"picked":"Crescendo","floor":46.0},{"not_picked":["Adaptation","Conclude+1","Sanctity+1"],"picked":"DeceiveReality+1","floor":47.0},{"not_picked":["FlyingSleeves+1","Protect+1","Weave"],"picked":"Adaptation+1","floor":48}],"player_experience":3594018,"relics_obtained":[{"floor":4.0,"key":"Shuriken"},{"floor":6.0,"key":"Smiling Mask"},{"floor":9.0,"key":"Omamori"},{"floor":14.0,"key":"Centennial Puzzle"},{"floor":19.0,"key":"Red Mask"},{"floor":20.0,"key":"Strawberry"},{"floor":23.0,"key":"Pear"},{"floor":26.0,"key":"Mummified Hand"},{"floor":39.0,"key":"Thread and Needle"},{"floor":43.0,"key":"Ancient Tea Set"},{"floor":46.0,"key":"Mercury Hourglass"}],"event_choices":[{"damage_healed":0.0,"max_hp_gain":0.0,"max_hp_loss":0.0,"gold_gain":0.0,"event_name":"Scrap Ooze","player_choice":"Success","floor":2.0,"gold_loss":0.0,"damage_taken":3.0,"relics_obtained":["Question Card"]},{"damage_healed":0.0,"max_hp_gain":0.0,"max_hp_loss":0.0,"gold_gain":0.0,"event_name":"NoteForYourself","player_choice":"Ignored","floor":5.0,"gold_loss":0.0,"damage_taken":0.0},{"damage_healed":0.0,"max_hp_gain":0.0,"max_hp_loss":0.0,"gold_gain":0.0,"event_name":"Masked Bandits","player_choice":"Fought Bandits","floor":19.0,"gold_loss":0.0,"damage_taken":0.0},{"damage_healed":24.0,"max_hp_gain":0.0,"max_hp_loss":0.0,"gold_gain":0.0,"event_name":"The Library","player_choice":"Heal","floor":22.0,"gold_loss":0.0,"damage_taken":0.0},{"cards_removed":["Strike_P"],"damage_healed":0.0,"max_hp_gain":0.0,"max_hp_loss":0.0,"gold_gain":0.0,"event_name":"Beggar","player_choice":"Gave Gold","floor":24.0,"gold_loss":75.0,"damage_taken":0.0},{"damage_healed":0.0,"max_hp_gain":0.0,"max_hp_loss":0.0,"gold_gain":0.0,"event_name":"MindBloom","player_choice":"Fight","floor":39.0,"gold_loss":0.0,"damage_taken":0.0},{"damage_healed":0.0,"max_hp_gain":0.0,"max_hp_loss":0.0,"gold_gain":0.0,"event_name":"Accursed Blacksmith","player_choice":"Rummage","floor":41.0,"gold_loss":0.0,"damage_taken":0.0,"relics_obtained":["WarpedTongs"],"cards_obtained":["Pain"]}],"is_beta":true,"boss_relics":[{"not_picked":["Philosopher\u0027s Stone","Coffee Dripper"],"picked":"Cursed Key"},{"not_picked":["Calling Bell","Runic Dome"],"picked":"SlaversCollar"}],"items_purged_floors":[12],"is_endless":false,"potions_floor_spawned":[3,11,13,14,16,18,19,31,35,36,38,48],"ascension_level":0}