{"gold_per_floor":[112,122,197,212,31,31,96,127,201,235,235,252,252,262,262,336,336,308,308,325,325,245,245,277,277,277,297,297,154,154,184,184,262,262,276,276,156,0,16,16,28,28],"floor_reached":42,"playtime":2430,"items_purged":["Strike_R","Strike_R+1","Strike_R+1","Defend_R+1"],"score":934,"play_id":"4f06d5bd-8649-480d-9eaa-5ae1b7ca2607","local_time":"20181115225728","is_ascension_mode":true,"campfire_choices":[{"data":"Armaments","floor":6.0,"key":"SMITH"},{"floor":11.0,"key":"REST"},{"data":"Heavy Blade","floor":13.0,"key":"SMITH"},{"data":"Clothesline","floor":15.0,"key":"SMITH"},{"data":"Battle Trance","floor":23.0,"key":"SMITH"},{"data":"Bash","floor":25.0,"key":"SMITH"},{"data":"Spot Weakness","floor":28.0,"key":"SMITH"},{"floor":30.0,"key":"RECALL"},{"data":"Intimidate","floor":32.0,"key":"SMITH"},{"data":"Rupture","floor":40,"key":"SMITH"}],"neow_cost":"NONE","seed_source_timestamp":0,"circlet_count":0,"master_deck":["AscendersBane","Defend_R+1","Defend_R+1","Defend_R+1","Bash+1","Rupture+1","Clothesline+1","Spot Weakness+1","Armaments+1","Combust","Shrug It Off+1","Battle Trance+1","Heavy Blade+1","Impervious+1","Rampage+1","Shrug It Off","Reaper+1","Intimidate+1","Shrug It Off","Reaper+1","Bloodletting"],"special_seed":0,"relics":["Burning Blood","Lantern","Oddly Smooth Stone","The Courier","Molten Egg 2","Busted Crown","Happy Flower","War Paint","Blood Vial","Orrery","Red Mask"],"potions_floor_usage":[42],"damage_taken":[{"damage":7.0,"enemies":"Small Slimes","floor":1.0,"turns":5.0},{"damage":0.0,"enemies":"2 Louse","floor":2.0,"turns":3.0},{"damage":6.0,"enemies":"Cultist","floor":4.0,"turns":4.0},{"damage":41.0,"enemies":"3 Sentries","floor":7.0,"turns":6.0},{"damage":13.0,"enemies":"Gremlin Nob","floor":8.0,"turns":4.0},{"damage":19.0,"enemies":"Lagavulin","floor":10.0,"turns":6.0},{"damage":0.0,"enemies":"3 Louse","floor":12.0,"turns":4.0},{"damage":7.0,"enemies":"Blue Slaver","floor":14.0,"turns":5.0},{"damage":14.0,"enemies":"Hexaghost","floor":16.0,"turns":8.0},{"damage":8.0,"enemies":"2 Thieves","floor":18.0,"turns":4.0},{"damage":8.0,"enemies":"3 Byrds","floor":20.0,"turns":6.0},{"damage":44.0,"enemies":"Slavers","floor":24.0,"turns":6.0},{"damage":1.0,"enemies":"Snake Plant","floor":27.0,"turns":4.0},{"damage":39.0,"enemies":"Gremlin Leader","floor":31.0,"turns":7.0},{"damage":78.0,"enemies":"Collector","floor":33.0,"turns":11.0},{"damage":15,"enemies":"Orb Walker","floor":35,"turns":5},{"damage":24,"enemies":"3 Shapes","floor":39,"turns":4},{"damage":24,"enemies":"Sphere and 2 Shapes","floor":41,"turns":6},{"damage":82,"enemies":"Nemesis","floor":42,"turns":9}],"seed_played":"3269646262615823015","potions_obtained":[{"floor":2.0,"key":"Poison Potion"},{"floor":7.0,"key":"Block Potion"},{"floor":8.0,"key":"Dexterity Potion"},{"floor":16.0,"key":"AttackPotion"},{"floor":20.0,"key":"Dexterity Potion"}],"is_trial":false,"path_per_floor":["M","M","?","M","$","R","?","E","T","E","R","M","R","M","R","B",null,"M","?","M","?","$","R","E","R","T","M","R","$","R","E","R","B",null,"M","?","$","?","M","R","M","E"],"character_chosen":"IRONCLAD","items_purchased":["Combust","Shrug It Off","Dexterity Potion"],"campfire_rested":1,"item_purchase_floors":[5,5,29],"current_hp_per_floor":[67,73,62,62,62,62,27,20,20,7,29,35,35,34,34,26,63,73,73,71,71,71,71,49,49,49,54,54,54,54,75,75,33,65,58,58,58,58,53,53,46,0],"gold":28,"neow_bonus":"TRANSFORM_CARD","is_prod":false,"is_daily":false,"chose_seed":false,"campfire_upgraded":8,"win_rate":0,"timestamp":1542351448,"path_taken":["M","M","?","M","$","R","?","E","T","E","R","M","R","M","R","BOSS","M","?","M","?","$","R","E","R","T","M","R","$","R","E","R","BOSS","M","?","$","?","M","R","M","E"],"build_version":"2018-11-15","purchased_purges":4,"victory":false,"max_hp_per_floor":[75,75,75,75,75,75,75,75,75,75,75,75,75,75,75,75,75,75,75,75,75,75,75,75,75,75,75,75,75,75,75,75,75,75,75,75,75,75,75,75,75,75],"card_choices":[{"not_picked":["Warcry","Twin Strike"],"picked":"Clothesline","floor":1.0},{"not_picked":["Rupture","Ghostly Armor"],"picked":"Spot Weakness","floor":2.0},{"not_picked":["Havoc","Blood for Blood"],"picked":"Armaments","floor":4.0},{"not_picked":["Havoc","True Grit"],"picked":"Battle Trance","floor":7.0},{"not_picked":["True Grit","Battle Trance"],"picked":"Heavy Blade","floor":8.0},{"not_picked":["Bloodletting","Anger"],"picked":"Impervious","floor":10.0},{"not_picked":["Sever Soul+1","Entrench"],"picked":"Rampage+1","floor":12.0},{"not_picked":["Flex","Cleave+1"],"picked":"Shrug It Off","floor":14.0},{"not_picked":["Double Tap","Brutality"],"picked":"Reaper+1","floor":16.0},{"not_picked":["Cleave+1"],"picked":"SKIP","floor":18.0},{"not_picked":[],"picked":"Intimidate","floor":20.0},{"not_picked":[],"picked":"Shrug It Off","floor":24.0},{"not_picked":["Perfected Strike+1"],"picked":"SKIP","floor":27.0},{"not_picked":["Thunderclap+1"],"picked":"SKIP","floor":31.0},{"not_picked":[],"picked":"Reaper+1","floor":33.0},{"not_picked":[],"picked":"Disarm","floor":34},{"not_picked":[],"picked":"Bloodletting","floor":34},{"not_picked":["Rampage+1"],"picked":"SKIP","floor":35},{"not_picked":["Flex"],"picked":"SKIP","floor":39},{"not_picked":["Clothesline+1"],"picked":"SKIP","floor":41}],"player_experience":1091595,"relics_obtained":[{"floor":7.0,"key":"Lantern"},{"floor":8.0,"key":"Oddly Smooth Stone"},{"floor":9.0,"key":"The Courier"},{"floor":10.0,"key":"Molten Egg 2"},{"floor":24.0,"key":"Happy Flower"},{"floor":26.0,"key":"War Paint"},{"floor":31.0,"key":"Blood Vial"}],"event_choices":[{"damage_healed":0.0,"max_hp_gain":0.0,"max_hp_loss":0.0,"gold_gain":75.0,"event_name":"World of Goop","player_choice":"Gather Gold","floor":3.0,"gold_loss":0.0,"damage_taken":11.0},{"damage_healed":0.0,"max_hp_gain":0.0,"max_hp_loss":0.0,"gold_gain":0.0,"event_name":"Dead Adventurer","player_choice":"Searched \u00271\u0027 times","floor":7.0,"gold_loss":0.0,"damage_taken":0.0},{"damage_healed":0.0,"max_hp_gain":0.0,"max_hp_loss":0.0,"gold_gain":0.0,"event_name":"Back to Basics","player_choice":"Simplicity","floor":19.0,"gold_loss":0.0,"damage_taken":0.0,"cards_upgraded":["Strike_R","Strike_R","Strike_R","Defend_R","Defend_R","Defend_R","Defend_R"]},{"cards_removed":["Strike_R"],"damage_healed":0.0,"max_hp_gain":0.0,"max_hp_loss":0.0,"gold_gain":0.0,"event_name":"Purifier","player_choice":"Purged","floor":21.0,"gold_loss":0.0,"damage_taken":0.0},{"cards_removed":["Disarm"],"damage_healed":0,"gold_gain":0,"player_choice":"Removed Skill","damage_taken":0,"max_hp_gain":0,"max_hp_loss":0,"event_name":"Falling","floor":36,"gold_loss":0},{"damage_healed":0,"gold_gain":0,"player_choice":"Paid","damage_taken":0,"relics_obtained":["Red Mask"],"max_hp_gain":0,"max_hp_loss":0,"event_name":"Tomb of Lord Red Mask","floor":38,"gold_loss":156}],"is_beta":true,"boss_relics":[{"not_picked":["Black Star","Velvet Choker"],"picked":"Busted Crown"},{"not_picked":["Mark of Pain","Calling Bell"],"picked":"Orrery"}],"items_purged_floors":[5,22,29,37],"is_endless":false,"potions_floor_spawned":[2,7,8,16,20],"killed_by":"Nemesis","ascension_level":20}