{"gold_per_floor":[114,127,145,160,160,160,191,204,204,238,258,258,273,313,313,409,409,425,425,71,94,108,142,142,158,158,158,182,182,182,217,217,310,310,335,335,348,348],"floor_reached":38,"playtime":2634,"items_purged":[],"score":793,"play_id":"7e0df9ef-ef5a-45bc-bd6e-51b4137767ca","local_time":"20180724181029","is_ascension_mode":true,"campfire_choices":[{"data":"Neutralize","floor":6,"key":"SMITH"},{"data":"Malaise","floor":12,"key":"SMITH"},{"data":"Skewer","floor":15,"key":"SMITH"},{"floor":24,"key":"REST"},{"data":"Noxious Fumes","floor":27,"key":"SMITH"},{"floor":30,"key":"REST"},{"data":"Catalyst","floor":32,"key":"SMITH"}],"neow_cost":"NONE","seed_source_timestamp":1368813443148861,"circlet_count":0,"master_deck":["Defend_G","Defend_G","Defend_G","Defend_G","Defend_G","Strike_G","Strike_G","Strike_G","Strike_G","Strike_G","Survivor","Neutralize+1","AscendersBane","Flying Knee","Acrobatics","Dash","Skewer+1","Setup","Acrobatics","Malaise+1","Doppelganger","A Thousand Cuts","Noxious Fumes+1","Catalyst+1","PiercingWail","Concentrate","Well Laid Plans","Catalyst","Footwork+1","Adrenaline","Madness","Madness"],"relics":["Cursed Key","Golden Idol","Unceasing Top","Odd Mushroom","Singing Bowl","White Beast Statue","Orichalcum","Snake Skull","Dodecahedron","Runic Dome"],"potions_floor_usage":[10,10,16,23,28,31],"damage_taken":[{"damage":4,"enemies":"2 Louse","floor":1,"turns":3},{"damage":0,"enemies":"Small Slimes","floor":2,"turns":2},{"damage":0,"enemies":"Cultist","floor":3,"turns":4},{"damage":0,"enemies":"Large Slime","floor":4,"turns":5},{"damage":32,"enemies":"Gremlin Nob","floor":7,"turns":5},{"damage":0,"enemies":"2 Fungi Beasts","floor":8,"turns":3},{"damage":11,"floor":10,"turns":7},{"damage":14,"enemies":"Exordium Wildlife","floor":11,"turns":7},{"damage":0,"enemies":"Looter","floor":13,"turns":4},{"damage":9,"enemies":"Lagavulin","floor":14,"turns":10},{"damage":25,"enemies":"Slime Boss","floor":16,"turns":9},{"damage":12,"enemies":"Spheric Guardian","floor":18,"turns":4},{"damage":7,"enemies":"Shell Parasite","floor":21,"turns":6},{"damage":8,"enemies":"Centurion and Healer","floor":22,"turns":8},{"damage":9,"enemies":"Slavers","floor":23,"turns":7},{"damage":8,"enemies":"Chosen and Byrds","floor":25,"turns":6},{"damage":12,"enemies":"Snecko","floor":28,"turns":6},{"damage":18,"enemies":"Gremlin Leader","floor":31,"turns":7},{"damage":12,"enemies":"Champ","floor":33,"turns":13},{"damage":11,"enemies":"Orb Walker","floor":35,"turns":4},{"damage":24,"enemies":"3 Darklings","floor":37,"turns":6},{"damage":12,"enemies":"Maw","floor":38,"turns":4}],"seed_played":"281398591741994571","potions_obtained":[{"floor":2,"key":"FairyPotion"},{"floor":3,"key":"Regen Potion"},{"floor":8,"key":"Regen Potion"},{"floor":13,"key":"Strength Potion"},{"floor":18,"key":"Weak Potion"},{"floor":21,"key":"SpeedPotion"},{"floor":22,"key":"GhostInAJar"},{"floor":23,"key":"Block Potion"},{"floor":28,"key":"Strength Potion"},{"floor":31,"key":"Energy Potion"},{"floor":35,"key":"FearPotion"},{"floor":37,"key":"GhostInAJar"}],"is_trial":false,"path_per_floor":["M","M","M","M","?","R","E","M","T","?","M","R","M","E","R","B",null,"M","?","$","M","M","E","R","M","T","R","M","?","R","E","R","B",null,"M","?","M"],"character_chosen":"THE_SILENT","items_purchased":["Noxious Fumes","Catalyst","Orichalcum","Strength Potion"],"campfire_rested":2,"item_purchase_floors":[20,20,20,20],"current_hp_per_floor":[55,55,55,55,55,55,23,23,23,57,43,43,43,36,36,11,49,39,39,39,32,24,15,34,26,26,26,16,29,48,30,30,18,54,45,33,11,0],"gold":348,"neow_bonus":"BOSS_RELIC","is_prod":false,"is_daily":false,"chose_seed":false,"campfire_upgraded":5,"win_rate":0,"timestamp":1532481029,"path_taken":["M","M","M","M","?","R","E","M","T","?","M","R","M","E","R","BOSS","M","?","$","M","M","E","R","M","T","R","M","?","R","E","R","BOSS","M","?","?","M"],"build_version":"2018-07-23","purchased_purges":0,"victory":false,"max_hp_per_floor":[66,66,66,66,60,60,60,60,60,60,60,60,60,62,62,62,62,64,64,64,64,64,64,64,64,64,64,66,66,66,66,66,66,66,68,68,70,70],"card_choices":[{"not_picked":["Deadly Poison","Bane"],"picked":"Flying Knee","floor":1},{"not_picked":["Reflex","Dodge and Roll"],"picked":"Acrobatics","floor":2},{"not_picked":["Blur","Dagger Throw"],"picked":"Dash","floor":3},{"not_picked":["Slice","Escape Plan"],"picked":"Skewer","floor":4},{"not_picked":["Dagger Spray","Outmaneuver"],"picked":"Setup","floor":7},{"not_picked":["Flying Knee","Deadly Poison"],"picked":"Acrobatics","floor":8},{"not_picked":["Sucker Punch","Deadly Poison"],"picked":"Malaise","floor":10},{"not_picked":["Accuracy","Dagger Spray","Quick Slash"],"picked":"SKIP","floor":11},{"not_picked":["Dodge and Roll","Masterful Stab"],"picked":"Doppelganger","floor":13},{"not_picked":["Blade Dance","Backflip","Distraction"],"picked":"Singing Bowl","floor":14},{"not_picked":["Die Die Die","Malaise"],"picked":"A Thousand Cuts","floor":16},{"not_picked":["Outmaneuver","Expertise","All Out Attack"],"picked":"Singing Bowl","floor":18},{"not_picked":["Skewer","Underhanded Strike"],"picked":"PiercingWail","floor":21},{"not_picked":["Backstab","Infinite Blades"],"picked":"Concentrate","floor":22},{"not_picked":["Wraith Form v2","Cloak And Dagger"],"picked":"Well Laid Plans","floor":23},{"not_picked":["Tactician","Prepared"],"picked":"Catalyst","floor":25},{"not_picked":["Noxious Fumes","Flying Knee","Choke"],"picked":"Singing Bowl","floor":28},{"not_picked":["Distraction","Well Laid Plans"],"picked":"Footwork+1","floor":31},{"not_picked":["Glass Knife","Envenom"],"picked":"Adrenaline","floor":33},{"not_picked":["Dagger Spray","Distraction","Acrobatics"],"picked":"Singing Bowl","floor":35},{"not_picked":["Acrobatics","Endless Agony","Backstab"],"picked":"Singing Bowl","floor":37}],"player_experience":868408,"relics_obtained":[{"floor":7,"key":"Unceasing Top"},{"floor":10,"key":"Odd Mushroom"},{"floor":14,"key":"Singing Bowl"},{"floor":23,"key":"Snake Skull"},{"floor":31,"key":"Dodecahedron"}],"event_choices":[{"event_name":"Golden Idol","player_choice":"Lose Max HP","floor":5,"damage_taken":0},{"event_name":"Mushrooms","player_choice":"Fought Mushrooms","floor":10,"damage_taken":0},{"event_name":"Addict","player_choice":"Ignored","floor":19,"damage_taken":0},{"event_name":"The Library","player_choice":"Heal","floor":29,"damage_taken":0},{"event_name":"Winding Halls","player_choice":"Embrace Madness","floor":36,"damage_taken":0}],"is_beta":true,"boss_relics":[{"not_picked":["Calling Bell","Lizard Tail"],"picked":"White Beast Statue"},{"not_picked":["HoveringKite","Runic Pyramid"],"picked":"Runic Dome"}],"items_purged_floors":[],"is_endless":false,"potions_floor_spawned":[2,3,8,13,18,21,22,23,25,28,31,33,35,37],"killed_by":"Maw","ascension_level":15}