{"gold_per_floor":[115,14,14,10,22,22,55,71,71,85,111,125,125,186,186,264,264,236,286,306,271,51,51,63,63,132,158,158,183,195,211,211,288,288,306,322,372,389,439,472,472,472],"floor_reached":42,"playtime":2169,"items_purged":[],"score":1081,"play_id":"6c83e517-295e-4951-b2a6-561f0f13ec49","local_time":"20190618150816","is_ascension_mode":true,"campfire_choices":[{"data":"Deadly Poison","floor":6.0,"key":"SMITH"},{"data":"Footwork","floor":13.0,"key":"SMITH"},{"data":"Wraith Form v2","floor":15.0,"key":"SMITH"},{"data":"Apotheosis","floor":23.0,"key":"SMITH"},{"floor":25.0,"key":"REST"},{"data":"Malaise","floor":28.0,"key":"SMITH"},{"data":"Envenom","floor":32.0,"key":"SMITH"},{"floor":41,"key":"REST"}],"neow_cost":"NONE","seed_source_timestamp":0,"circlet_count":0,"master_deck":["AscendersBane","Strike_G","Strike_G","Strike_G","Strike_G","Defend_G","Defend_G+1","Defend_G+1","Defend_G","Defend_G","Survivor","Dagger Spray","Deadly Poison+1","Flying Knee","Footwork+1","Die Die Die","Sucker Punch","Deflect","Predator","Wraith Form v2+1","Malaise+1","Catalyst","Apotheosis+1","PiercingWail","Leg Sweep","Deflect","Envenom+1","Infinite Blades","Backflip","Glass Knife","Infinite Blades","Dash+1","Burst","Dodge and Roll","Acrobatics","Calculated Gamble","Noxious Fumes+1"],"special_seed":0,"relics":["Ring of the Snake","NeowsBlessing","SsserpentHead","War Paint","Question Card","Happy Flower","Sozu","Meat on the Bone","Boot","Bag of Preparation","Orrery","Dodecahedron"],"potions_floor_usage":[38],"damage_taken":[{"damage":0.0,"enemies":"Cultist","floor":1.0,"turns":1.0},{"damage":0.0,"enemies":"Jaw Worm","floor":5.0,"turns":1.0},{"damage":0.0,"enemies":"Gremlin Nob","floor":7.0,"turns":1.0},{"damage":2.0,"enemies":"2 Louse","floor":8.0,"turns":3.0},{"damage":2.0,"enemies":"Large Slime","floor":10.0,"turns":4.0},{"damage":16.0,"enemies":"Lagavulin","floor":11.0,"turns":7.0},{"damage":0.0,"enemies":"Lots of Slimes","floor":12.0,"turns":2.0},{"damage":1.0,"enemies":"Blue Slaver","floor":14.0,"turns":3.0},{"damage":5.0,"enemies":"The Guardian","floor":16.0,"turns":14.0},{"damage":2.0,"enemies":"2 Thieves","floor":18.0,"turns":4.0},{"damage":4.0,"enemies":"Spheric Guardian","floor":20.0,"turns":6.0},{"damage":23.0,"enemies":"Cultist and Chosen","floor":24.0,"turns":9.0},{"damage":0.0,"enemies":"Gremlin Leader","floor":27.0,"turns":6.0},{"damage":7.0,"enemies":"Book of Stabbing","floor":29.0,"turns":8.0},{"damage":0.0,"enemies":"Snake Plant","floor":30.0,"turns":6.0},{"damage":0.0,"enemies":"Shelled Parasite and Fungi","floor":31.0,"turns":5.0},{"damage":30.0,"enemies":"Automaton","floor":33.0,"turns":12.0},{"damage":27,"enemies":"3 Darklings","floor":35,"turns":11},{"damage":19,"enemies":"Orb Walker","floor":36,"turns":5},{"damage":29,"enemies":"Sphere and 2 Shapes","floor":38,"turns":11},{"damage":7,"enemies":"Nemesis","floor":40,"turns":9},{"damage":50,"enemies":"Reptomancer","floor":42,"turns":2}],"seed_played":"-2300237154285061951","potions_obtained":[{"floor":5.0,"key":"Explosive Potion"},{"floor":11.0,"key":"SkillPotion"},{"floor":14.0,"key":"Ancient Potion"},{"floor":16.0,"key":"PowerPotion"}],"is_trial":false,"path_per_floor":["M","$","?","$","M","R","E","M","T","M","E","M","R","M","R","B",null,"M","?","M","$","$","R","M","R","T","E","R","E","M","M","R","B",null,"M","M","?","M","?","E","R","E"],"character_chosen":"THE_SILENT","items_purchased":["Deadly Poison","Flying Knee","AttackPotion","Catalyst","Apotheosis","PiercingWail"],"campfire_rested":2,"item_purchase_floors":[2,2,4,21,22,22],"current_hp_per_floor":[59,59,59,59,59,59,59,57,57,55,39,39,39,38,38,33,58,56,56,52,52,52,52,29,48,48,48,48,41,41,41,41,23,55,40,33,33,16,16,21,40,0],"gold":472,"neow_bonus":"THREE_ENEMY_KILL","is_prod":false,"is_daily":false,"chose_seed":false,"campfire_upgraded":6,"win_rate":0,"timestamp":1560895696,"path_taken":["M","$","?","?","M","R","E","M","T","M","E","M","R","?","R","BOSS","M","?","M","?","$","R","M","R","T","E","R","E","M","M","R","BOSS","M","M","?","M","?","E","R","E"],"build_version":"2019-06-17v2","purchased_purges":0,"victory":false,"max_hp_per_floor":[66,66,66,66,66,66,66,66,66,66,66,66,66,66,66,66,66,66,66,66,66,66,66,66,66,66,66,66,66,66,66,66,66,66,66,66,66,66,66,66,66,66],"card_choices":[{"not_picked":["Deflect","Deadly Poison"],"picked":"Dagger Spray","floor":1.0},{"not_picked":["Flying Knee","Setup","Underhanded Strike"],"picked":"SKIP","floor":5.0},{"not_picked":["Flying Knee","All Out Attack"],"picked":"Footwork","floor":7.0},{"not_picked":["Bane","Choke"],"picked":"Die Die Die","floor":8.0},{"not_picked":["Cloak And Dagger","Dagger Spray","Dagger Throw"],"picked":"Sucker Punch","floor":10.0},{"not_picked":["Expertise","Sucker Punch","Quick Slash"],"picked":"Deflect","floor":11.0},{"not_picked":["Infinite Blades","Flying Knee","Skewer"],"picked":"Predator","floor":12.0},{"not_picked":["Slice","Backstab","Sucker Punch"],"picked":"Wraith Form v2","floor":14.0},{"not_picked":["Venomology","Burst","Wraith Form v2"],"picked":"Malaise","floor":16.0},{"not_picked":["Prepared","Blade Dance","Dagger Spray","Underhanded Strike"],"picked":"SKIP","floor":18.0},{"not_picked":["Outmaneuver","Deadly Poison","Doppelganger","Sucker Punch+1"],"picked":"SKIP","floor":20.0},{"not_picked":["Deadly Poison","Terror","Deflect"],"picked":"Leg Sweep","floor":24.0},{"not_picked":["All Out Attack+1","Deadly Poison","Heel Hook+1"],"picked":"Deflect","floor":27.0},{"not_picked":["Finisher+1","Crippling Poison","Deflect"],"picked":"Envenom","floor":29.0},{"not_picked":["Outmaneuver","Dagger Throw","Acrobatics"],"picked":"Infinite Blades","floor":30.0},{"not_picked":["Deadly Poison","Underhanded Strike","Flying Knee"],"picked":"Backflip","floor":31.0},{"not_picked":["Tools of the Trade","Die Die Die","Venomology"],"picked":"Glass Knife","floor":33.0},{"not_picked":["Acrobatics","Terror","Dagger Throw"],"picked":"Infinite Blades","floor":34},{"not_picked":["Acrobatics+1","Bane","Slice"],"picked":"Dash+1","floor":34},{"not_picked":["Reflex","Slice","Riddle With Holes+1"],"picked":"Burst","floor":34},{"not_picked":["Infinite Blades","Predator","Cloak And Dagger"],"picked":"Dodge and Roll","floor":34},{"not_picked":["Tactician","Flechettes","Sucker Punch"],"picked":"Acrobatics","floor":35},{"not_picked":["Skewer","Sucker Punch","Tactician+1","Underhanded Strike"],"picked":"SKIP","floor":36},{"not_picked":["Deadly Poison+1","Flying Knee+1","Burst"],"picked":"Calculated Gamble","floor":38},{"not_picked":["Escape Plan","Tools of the Trade","Deadly Poison+1"],"picked":"Noxious Fumes+1","floor":40}],"player_experience":1365987,"relics_obtained":[{"floor":7.0,"key":"War Paint"},{"floor":9.0,"key":"Question Card"},{"floor":11.0,"key":"Happy Flower"},{"floor":26.0,"key":"Meat on the Bone"},{"floor":27.0,"key":"Boot"},{"floor":29.0,"key":"Bag of Preparation"},{"floor":40,"key":"Dodecahedron"}],"event_choices":[{"damage_healed":0.0,"max_hp_gain":0.0,"max_hp_loss":0.0,"gold_gain":0.0,"event_name":"FaceTrader","player_choice":"Trade","floor":3.0,"gold_loss":0.0,"damage_taken":0.0,"relics_obtained":["SsserpentHead"]},{"cards_removed":["Strike_G"],"damage_healed":0.0,"max_hp_gain":0.0,"max_hp_loss":0.0,"gold_gain":0.0,"event_name":"Purifier","player_choice":"Purged","floor":19.0,"gold_loss":0.0,"damage_taken":0.0},{"cards_removed":["Neutralize"],"damage_healed":0,"gold_gain":0,"player_choice":"Removed Attack","damage_taken":0,"max_hp_gain":0,"max_hp_loss":0,"event_name":"Falling","floor":37,"gold_loss":0},{"damage_healed":0,"gold_gain":0,"player_choice":"Ignored","damage_taken":0,"max_hp_gain":0,"max_hp_loss":0,"event_name":"Mysterious Sphere","floor":39,"gold_loss":0}],"is_beta":true,"boss_relics":[{"not_picked":["Tiny House","White Beast Statue"],"picked":"Sozu"},{"not_picked":["Pandora\u0027s Box","HoveringKite"],"picked":"Orrery"}],"items_purged_floors":[],"is_endless":false,"potions_floor_spawned":[5,11,14,16,20,30,31,33,38],"killed_by":"Reptomancer","ascension_level":20}