{"gold_per_floor":[110,35,54,64,80,80,108,108,134,161,204,233,245],"floor_reached":13,"playtime":789,"items_purged":["Strike_R"],"score":189,"play_id":"b214ea71-e45a-485b-b116-7d166cbd2fe3","local_time":"20190320012520","is_ascension_mode":true,"campfire_choices":[{"data":"Bash","floor":6,"key":"SMITH"},{"floor":8,"key":"REST"}],"neow_cost":"NONE","seed_source_timestamp":217563665177145,"circlet_count":0,"master_deck":["AscendersBane","Strike_R","Strike_R","Strike_R","Strike_R","Defend_R","Defend_R","Defend_R","Defend_R","Bash+1","Iron Wave","Inflame","Ghostly Armor","Armaments","Battle Trance","Rage","Offering"],"relics":["Burning Blood","Smiling Mask","MawBank","Ancient Tea Set"],"potions_floor_usage":[7,11,13,13],"damage_taken":[{"damage":1,"enemies":"Cultist","floor":1,"turns":3},{"damage":9,"enemies":"Jaw Worm","floor":3,"turns":5},{"damage":12,"enemies":"Small Slimes","floor":4,"turns":4},{"damage":6,"enemies":"Blue Slaver","floor":5,"turns":6},{"damage":47,"enemies":"3 Sentries","floor":7,"turns":16},{"damage":7,"enemies":"3 Louse","floor":10,"turns":6},{"damage":5,"enemies":"Lagavulin","floor":11,"turns":7},{"damage":0,"enemies":"Exordium Wildlife","floor":12,"turns":4},{"damage":83,"enemies":"Gremlin Nob","floor":13,"turns":6}],"seed_played":"2191699102958770570","potions_obtained":[{"floor":1,"key":"Swift Potion"},{"floor":7,"key":"Block Potion"},{"floor":10,"key":"PowerPotion"},{"floor":11,"key":"Block Potion"}],"is_trial":false,"path_per_floor":["M","$","M","M","M","R","E","R","T","M","E","M","E"],"character_chosen":"IRONCLAD","items_purchased":[],"campfire_rested":1,"item_purchase_floors":[],"current_hp_per_floor":[80,80,77,71,71,71,30,54,54,53,54,60,0],"gold":245,"neow_bonus":"TEN_PERCENT_HP_BONUS","is_prod":false,"is_daily":false,"chose_seed":false,"campfire_upgraded":1,"win_rate":0,"timestamp":1553041520,"path_taken":["M","$","M","?","M","R","E","R","T","M","E","M","E"],"build_version":"2019-03-15","purchased_purges":1,"victory":false,"max_hp_per_floor":[82,82,82,82,82,82,82,82,82,82,82,82,82],"card_choices":[{"not_picked":["Burning Pact","Second Wind"],"picked":"Iron Wave","floor":1},{"not_picked":["Perfected Strike","Pommel Strike"],"picked":"Inflame","floor":3},{"not_picked":["Intimidate","Warcry"],"picked":"Ghostly Armor","floor":4},{"not_picked":["Thunderclap","Havoc"],"picked":"Armaments","floor":5},{"not_picked":["Sword Boomerang","Bloodletting"],"picked":"Battle Trance","floor":7},{"not_picked":["Twin Strike","Blood for Blood"],"picked":"Rage","floor":10},{"not_picked":["Wild Strike","Rage","Seeing Red"],"picked":"SKIP","floor":11},{"not_picked":["Whirlwind","Battle Trance"],"picked":"Offering","floor":12}],"player_experience":344318,"relics_obtained":[{"floor":7,"key":"Smiling Mask"},{"floor":9,"key":"MawBank"},{"floor":11,"key":"Ancient Tea Set"}],"event_choices":[],"is_beta":true,"boss_relics":[],"items_purged_floors":[2],"is_endless":false,"potions_floor_spawned":[1,7,10,11],"killed_by":"Gremlin Nob","ascension_level":19}