{"gold_per_floor":[113,113,130,150,300,300,31,31,31,66,66,66,99,113,113,185,185,197,212,47,59,73,73,104,120,201,212,230,230],"floor_reached":29,"playtime":1677,"items_purged":["Doubt"],"score":518,"play_id":"879357eb-b610-4ab8-b757-63e394520114","local_time":"20190321172208","is_ascension_mode":true,"campfire_choices":[{"data":"Uppercut","floor":6,"key":"SMITH"},{"data":"Rampage","floor":12,"key":"SMITH"},{"data":"True Grit","floor":15,"key":"SMITH"},{"floor":23,"key":"REST"}],"neow_cost":"NONE","seed_source_timestamp":360482493797253,"circlet_count":0,"master_deck":["AscendersBane","Strike_R","Strike_R","Strike_R","Strike_R","Defend_R","Defend_R","Defend_R","Defend_R","Bash","Sever Soul","Rampage+1","Uppercut+1","Battle Trance","Headbutt","Shrug It Off","True Grit+1","Juggernaut","Disarm","Metallicize","Ghostly Armor","Feel No Pain","Second Wind","Exhume"],"relics":["Burning Blood","ClockworkSouvenir","Pantograph","Mercury Hourglass","Art of War","Snecko Eye","Du-Vu Doll","The Courier"],"potions_floor_usage":[11,13,16,18,21,25,25],"damage_taken":[{"damage":9,"enemies":"Small Slimes","floor":1,"turns":5},{"damage":4,"enemies":"2 Louse","floor":3,"turns":3},{"damage":1,"enemies":"Cultist","floor":4,"turns":3},{"damage":30,"enemies":"Lagavulin","floor":10,"turns":6},{"damage":0,"enemies":"Gremlin Gang","floor":11,"turns":1},{"damage":10,"enemies":"3 Sentries","floor":13,"turns":4},{"damage":12,"enemies":"Lots of Slimes","floor":14,"turns":3},{"damage":42,"enemies":"Hexaghost","floor":16,"turns":8},{"damage":19,"enemies":"Spheric Guardian","floor":18,"turns":4},{"damage":44,"enemies":"3 Byrds","floor":19,"turns":4},{"damage":4,"enemies":"Snake Plant","floor":21,"turns":4},{"damage":18,"enemies":"Shelled Parasite and Fungi","floor":22,"turns":4},{"damage":5,"enemies":"Gremlin Leader","floor":24,"turns":5},{"damage":5,"enemies":"3 Cultists","floor":25,"turns":4},{"damage":29,"enemies":"Snecko","floor":27,"turns":6},{"damage":1,"enemies":"Snake Plant","floor":28,"turns":4},{"damage":27,"enemies":"Sentry and Sphere","floor":29,"turns":3}],"seed_played":"-5197617944558419494","potions_obtained":[{"floor":1,"key":"Dexterity Potion"},{"floor":8,"key":"SmokeBomb"},{"floor":10,"key":"Fire Potion"},{"floor":14,"key":"SteroidPotion"},{"floor":16,"key":"SkillPotion"},{"floor":19,"key":"FearPotion"},{"floor":22,"key":"Explosive Potion"},{"floor":24,"key":"Energy Potion"}],"is_trial":false,"path_per_floor":["M","?","M","M","?","R","$","?","T","E","M","R","E","M","R","B",null,"M","M","$","M","M","R","E","M","T","M","M","M"],"character_chosen":"IRONCLAD","items_purchased":["ClockworkSouvenir","Battle Trance","Ghostly Armor"],"campfire_rested":1,"item_purchase_floors":[7,7,20],"current_hp_per_floor":[72,65,67,72,72,72,72,72,72,48,54,54,50,44,44,33,70,57,19,19,21,9,33,34,35,35,12,17,0],"gold":230,"neow_bonus":"TEN_PERCENT_HP_BONUS","is_prod":false,"is_daily":false,"chose_seed":false,"campfire_upgraded":3,"win_rate":0,"timestamp":1553185328,"path_taken":["M","?","M","M","?","R","$","?","T","E","M","R","E","M","R","BOSS","M","M","$","?","?","R","E","M","T","M","?","?"],"build_version":"2019-03-15","purchased_purges":1,"victory":false,"max_hp_per_floor":[82,82,82,82,82,82,82,82,82,82,82,82,82,82,82,82,82,82,82,82,82,82,82,82,82,82,82,82,82],"card_choices":[{"not_picked":["Fire Breathing","Iron Wave"],"picked":"Sever Soul","floor":1},{"not_picked":["Clash","Metallicize"],"picked":"Rampage","floor":3},{"not_picked":["Heavy Blade","Flex"],"picked":"Uppercut","floor":4},{"not_picked":["Havoc","Limit Break"],"picked":"Headbutt","floor":10},{"not_picked":["Wild Strike","Reckless Charge"],"picked":"Shrug It Off","floor":13},{"not_picked":["Sword Boomerang","Pommel Strike"],"picked":"True Grit","floor":14},{"not_picked":["Impervious","Dark Embrace"],"picked":"Juggernaut","floor":16},{"not_picked":["Sword Boomerang","True Grit+1"],"picked":"Disarm","floor":18},{"not_picked":["Battle Trance","Rage"],"picked":"Metallicize","floor":19},{"not_picked":["Whirlwind+1","Iron Wave","True Grit"],"picked":"SKIP","floor":21},{"not_picked":["Clothesline","Headbutt"],"picked":"Feel No Pain","floor":22},{"not_picked":["Iron Wave","Pommel Strike","Seeing Red"],"picked":"SKIP","floor":24},{"not_picked":["Reckless Charge","Intimidate"],"picked":"Second Wind","floor":25},{"not_picked":["Cleave","Uppercut"],"picked":"Exhume","floor":27},{"not_picked":["Thunderclap","Heavy Blade","Clash"],"picked":"SKIP","floor":28}],"player_experience":367255,"relics_obtained":[{"floor":9,"key":"Pantograph"},{"floor":10,"key":"Mercury Hourglass"},{"floor":13,"key":"Art of War"},{"floor":24,"key":"Du-Vu Doll"},{"floor":26,"key":"The Courier"}],"event_choices":[{"cards_removed":["Strike_R"],"damage_healed":0,"gold_gain":0,"player_choice":"Card Removal","damage_taken":7,"max_hp_gain":0,"max_hp_loss":0,"event_name":"Golden Wing","floor":2,"gold_loss":0},{"damage_healed":0,"gold_gain":150,"player_choice":"AGREE","damage_taken":0,"max_hp_gain":0,"max_hp_loss":0,"event_name":"Liars Game","floor":5,"gold_loss":0,"cards_obtained":["Doubt"]},{"damage_healed":0,"gold_gain":0,"player_choice":"Got Potions","damage_taken":0,"max_hp_gain":0,"max_hp_loss":0,"event_name":"Lab","floor":8,"gold_loss":0}],"is_beta":true,"boss_relics":[{"not_picked":["Calling Bell","Eternal Feather"],"picked":"Snecko Eye"}],"items_purged_floors":[20],"is_endless":false,"potions_floor_spawned":[1,10,11,14,16,19,22,24],"killed_by":"Sentry and Sphere","ascension_level":20}