{"gold_per_floor":[112,112,112,132,148,148,177,189,215,227,227],"floor_reached":11,"playtime":699,"items_purged":[],"score":113,"play_id":"cf873c64-552c-48a3-8b43-59c0070dd5f2","local_time":"20190103015228","is_ascension_mode":true,"campfire_choices":[{"data":"Catalyst","floor":6,"key":"SMITH"}],"neow_cost":"TEN_PERCENT_HP_LOSS","seed_source_timestamp":961617831835416,"circlet_count":0,"master_deck":["AscendersBane","Defend_G","Defend_G","Defend_G","Defend_G","Strike_G","Strike_G","Strike_G","Strike_G","Survivor","Neutralize","Acrobatics","Concentrate","Cloak And Dagger+1","Catalyst+1","Backflip","Distraction"],"relics":["Ring of the Snake","Pen Nib","Dream Catcher"],"potions_floor_usage":[7,8],"damage_taken":[{"damage":0,"enemies":"Small Slimes","floor":1,"turns":5},{"damage":0,"enemies":"Cultist","floor":4,"turns":4},{"damage":1,"enemies":"2 Louse","floor":5,"turns":3},{"damage":35,"enemies":"3 Sentries","floor":7,"turns":11},{"damage":12,"enemies":"Gremlin Gang","floor":8,"turns":7},{"damage":1,"enemies":"3 Louse","floor":10,"turns":2},{"damage":15,"enemies":"Lagavulin","floor":11,"turns":2}],"seed_played":"189633316481055625","potions_obtained":[{"floor":1,"key":"Strength Potion"},{"floor":5,"key":"SpeedPotion"},{"floor":10,"key":"Ancient Potion"}],"is_trial":false,"path_per_floor":["M","?","?","M","M","R","E","M","T","M","E"],"character_chosen":"THE_SILENT","items_purchased":[],"campfire_rested":0,"item_purchase_floors":[],"current_hp_per_floor":[63,63,63,63,62,62,27,15,15,14,0],"gold":227,"neow_bonus":"TRANSFORM_TWO_CARDS","is_prod":false,"is_daily":false,"chose_seed":false,"campfire_upgraded":1,"win_rate":0,"timestamp":1546498348,"path_taken":["M","?","?","M","M","R","E","M","T","?","E"],"build_version":"2018-12-20","purchased_purges":0,"victory":false,"max_hp_per_floor":[63,63,63,63,63,63,63,63,63,63,63],"card_choices":[{"not_picked":["Eviscerate","Expertise"],"picked":"Cloak And Dagger","floor":1},{"not_picked":["Flying Knee","Outmaneuver"],"picked":"Catalyst","floor":4},{"not_picked":["Outmaneuver","PiercingWail","Flying Knee"],"picked":"SKIP","floor":5},{"not_picked":["Blade Dance","Quick Slash"],"picked":"Backflip","floor":7},{"not_picked":["Caltrops","Quick Slash"],"picked":"Distraction","floor":8},{"not_picked":["Endless Agony","Slice","Tactician"],"picked":"SKIP","floor":10}],"player_experience":239246,"relics_obtained":[{"floor":7,"key":"Pen Nib"},{"floor":9,"key":"Dream Catcher"}],"event_choices":[{"damage_healed":0,"gold_gain":0,"player_choice":"Grow","damage_taken":0,"max_hp_gain":0,"max_hp_loss":0,"event_name":"Living Wall","floor":2,"gold_loss":0,"cards_upgraded":["Cloak And Dagger"]},{"damage_healed":0,"gold_gain":0,"player_choice":"Bought 0 Potions","damage_taken":0,"max_hp_gain":0,"max_hp_loss":0,"event_name":"The Woman in Blue","floor":3,"gold_loss":0}],"is_beta":false,"boss_relics":[],"items_purged_floors":[],"is_endless":false,"potions_floor_spawned":[1,5,10],"killed_by":"Lagavulin","ascension_level":10}