{"gold_per_floor":[362,32,307,326,54,80,90,90,115,126,159,159,178,178,178,252,252,266,282,62,81,81,81,81,81,81,81,81,107,118,146,146,146],"floor_reached":33,"playtime":1894,"items_purged":["Strike_B","Regret","Strike_B"],"score":571,"play_id":"98a8097d-9dad-40a8-bdd1-5777e07366aa","local_time":"20181108234219","is_ascension_mode":true,"campfire_choices":[{"floor":8.0,"key":"REST"},{"floor":12.0,"key":"REST"},{"data":"Fission","floor":15.0,"key":"SMITH"},{"data":"Coolheaded","floor":23.0,"key":"SMITH"},{"data":"Chill","floor":25.0,"key":"SMITH"},{"data":"Chaos","floor":32,"key":"SMITH"}],"neow_cost":"PERCENT_DAMAGE","seed_source_timestamp":0,"circlet_count":0,"master_deck":["AscendersBane","Strike_B+1","Strike_B+1","Defend_B+1","Defend_B+1","Defend_B+1","Defend_B+1","Zap","Dualcast+1","Genetic Algorithm","Apotheosis+1","Ball Lightning","Hologram","Cold Snap","Streamline","FTL","Fission+1","Conserve Battery","Thunder Strike","Gash","Hologram","Chill+1","Sweeping Beam","Coolheaded+1","Chaos+1","Ghostly","Ghostly","Ghostly","Fusion"],"special_seed":0,"relics":["Cracked Core","Bag of Preparation","War Paint","Oddly Smooth Stone","Juzu Bracelet","Orrery","Kunai","DataDisk","Matryoshka"],"potions_floor_usage":[33,33],"damage_taken":[{"damage":5.0,"enemies":"2 Louse","floor":1.0,"turns":3.0},{"damage":6.0,"enemies":"Cultist","floor":4.0,"turns":4.0},{"damage":12.0,"enemies":"Lagavulin","floor":6.0,"turns":7.0},{"damage":0.0,"enemies":"Jaw Worm","floor":7.0,"turns":2.0},{"damage":0.0,"enemies":"Exordium Wildlife","floor":10.0,"turns":2.0},{"damage":30.0,"enemies":"Gremlin Nob","floor":11.0,"turns":4.0},{"damage":0.0,"enemies":"Looter","floor":13.0,"turns":2.0},{"damage":17.0,"enemies":"Slime Boss","floor":16.0,"turns":8.0},{"damage":6.0,"enemies":"3 Byrds","floor":18.0,"turns":5.0},{"damage":0.0,"enemies":"Chosen","floor":19.0,"turns":3.0},{"damage":2.0,"enemies":"Centurion and Healer","floor":21.0,"turns":6.0},{"damage":2.0,"enemies":"Gremlin Leader","floor":28.0,"turns":6.0},{"damage":2,"enemies":"Shelled Parasite and Fungi","floor":30,"turns":5},{"damage":5,"enemies":"Slavers","floor":31,"turns":7},{"damage":44,"enemies":"Collector","floor":33,"turns":7}],"seed_played":"-5402325586242649466","potions_obtained":[{"floor":1.0,"key":"SmokeBomb"},{"floor":10.0,"key":"Energy Potion"},{"floor":13.0,"key":"Strength Potion"},{"floor":18.0,"key":"PowerPotion"},{"floor":31,"key":"FocusPotion"}],"is_trial":false,"path_per_floor":["M","$","?","M","$","E","M","R","T","M","E","R","M","?","R","B",null,"M","M","$","M","?","R","?","R","T","?","E","E","T","M","E","R","B"],"character_chosen":"DEFECT","items_purchased":["Apotheosis","Ball Lightning","Bag of Preparation","Coolheaded","Chaos"],"campfire_rested":2,"item_purchase_floors":[2,2,5,20,20],"current_hp_per_floor":[41,41,41,35,35,23,23,44,44,44,14,35,35,35,35,18,58,52,52,52,50,35,35,28,28,28,28,26,26,24,19,19,0],"gold":146,"neow_bonus":"TWO_FIFTY_GOLD","is_prod":false,"is_daily":false,"chose_seed":false,"campfire_upgraded":4,"win_rate":0,"timestamp":1541749339,"path_taken":["M","$","?","M","$","E","M","R","T","?","E","R","M","?","R","BOSS","M","M","$","M","?","R","?","R","T","?","E","?","M","E","R","BOSS"],"build_version":"2018-11-08","purchased_purges":3,"victory":false,"max_hp_per_floor":[71,71,71,71,71,71,71,71,71,71,71,71,71,71,71,71,71,71,71,71,71,35,35,40,40,40,40,40,40,40,40,40,40],"card_choices":[{"not_picked":["Melter","Turbo"],"picked":"Genetic Algorithm","floor":1.0},{"not_picked":["Beam Cell","Static Discharge"],"picked":"Hologram","floor":4.0},{"not_picked":["Darkness","Redo"],"picked":"Cold Snap","floor":6.0},{"not_picked":["Skim","Redo"],"picked":"Streamline","floor":7.0},{"not_picked":["Hologram","Barrage"],"picked":"FTL","floor":10.0},{"not_picked":["Genetic Algorithm","Loop"],"picked":"Fission","floor":11.0},{"not_picked":["Aggregate","Sunder"],"picked":"Conserve Battery","floor":13.0},{"not_picked":["Multi-Cast","Rainbow"],"picked":"Thunder Strike","floor":16.0},{"not_picked":["Amplify","Coolheaded"],"picked":"Gash","floor":17.0},{"not_picked":["Streamline","Rebound"],"picked":"Hologram","floor":17.0},{"not_picked":["Ball Lightning","Hologram"],"picked":"Chill","floor":17.0},{"not_picked":["Barrage","Stack","Conserve Battery+1"],"picked":"SKIP","floor":18.0},{"not_picked":["Loop","Gash"],"picked":"Sweeping Beam","floor":19.0},{"not_picked":["Streamline","Leap","Undo"],"picked":"SKIP","floor":21.0},{"not_picked":["Conserve Battery","Melter","Cold Snap"],"picked":"SKIP","floor":30},{"not_picked":["Rainbow","Rebound"],"picked":"Fusion","floor":31}],"player_experience":1034322,"relics_obtained":[{"floor":6.0,"key":"War Paint"},{"floor":9.0,"key":"Oddly Smooth Stone"},{"floor":11.0,"key":"Juzu Bracelet"},{"floor":26.0,"key":"Kunai"},{"floor":29,"key":"DataDisk"},{"floor":31,"key":"Matryoshka"}],"event_choices":[{"damage_healed":0.0,"max_hp_gain":0.0,"max_hp_loss":0.0,"gold_gain":275.0,"event_name":"Golden Shrine","player_choice":"Desecrate","floor":3.0,"gold_loss":0.0,"damage_taken":0.0,"cards_obtained":["Regret"]},{"damage_healed":0.0,"max_hp_gain":0.0,"max_hp_loss":0.0,"gold_gain":0.0,"event_name":"Shining Light","player_choice":"Ignored","floor":14.0,"gold_loss":0.0,"damage_taken":0.0},{"damage_healed":0.0,"max_hp_gain":0.0,"max_hp_loss":36.0,"gold_gain":0.0,"event_name":"Ghosts","player_choice":"Became a Ghost","floor":22.0,"gold_loss":0.0,"damage_taken":0.0,"cards_obtained":["Ghostly","Ghostly","Ghostly"]},{"damage_healed":0.0,"max_hp_gain":5.0,"max_hp_loss":0.0,"gold_gain":0.0,"event_name":"Forgotten Altar","player_choice":"Shed Blood","floor":24.0,"gold_loss":0.0,"damage_taken":12.0},{"damage_healed":0.0,"max_hp_gain":0.0,"max_hp_loss":0.0,"gold_gain":0.0,"event_name":"Back to Basics","player_choice":"Simplicity","floor":27.0,"gold_loss":0.0,"damage_taken":0.0,"cards_upgraded":["Strike_B","Strike_B","Defend_B","Defend_B","Defend_B","Defend_B"]}],"is_beta":true,"boss_relics":[{"not_picked":["Coffee Dripper","White Beast Statue"],"picked":"Orrery"}],"items_purged_floors":[2,5,20],"is_endless":false,"potions_floor_spawned":[1,10,13,18,31],"killed_by":"Collector","ascension_level":19}