{"gold_per_floor":[119,134,134,59,75,103,24,24,24,37,49,49,49,77,77,77],"floor_reached":16,"playtime":1099,"items_purged":[],"score":220,"play_id":"005a2039-f119-4a53-986f-1fbe19aa7242","local_time":"20190107003113","is_ascension_mode":true,"campfire_choices":[{"data":"Glass Knife","floor":8,"key":"SMITH"},{"data":"Setup","floor":12,"key":"SMITH"},{"data":"Adrenaline","floor":15,"key":"SMITH"}],"neow_cost":"NONE","seed_source_timestamp":6044133432313900,"circlet_count":0,"master_deck":["AscendersBane","Defend_G","Defend_G","Defend_G","Defend_G","Defend_G","Strike_G","Strike_G","Strike_G","Survivor","Neutralize","Flying Knee","Choke","PiercingWail","Glass Knife+1","Slice","Setup+1","Leg Sweep","Blade Dance","Adrenaline+1"],"relics":["Ring of the Snake","Shovel","Bottled Lightning","Smiling Mask"],"potions_floor_usage":[6,6,14],"damage_taken":[{"damage":4,"enemies":"2 Louse","floor":1,"turns":3},{"damage":0,"enemies":"Small Slimes","floor":2,"turns":2},{"damage":0,"enemies":"Jaw Worm","floor":5,"turns":4},{"damage":12,"enemies":"Lagavulin","floor":6,"turns":4},{"damage":0,"enemies":"3 Louse","floor":10,"turns":2},{"damage":13,"enemies":"Lots of Slimes","floor":11,"turns":4},{"damage":10,"enemies":"3 Sentries","floor":14,"turns":6},{"damage":23,"enemies":"Hexaghost","floor":16,"turns":11}],"seed_played":"-1628379351567665366","potions_obtained":[{"floor":1,"key":"FearPotion"},{"floor":2,"key":"Strength Potion"},{"floor":5,"key":"PowerPotion"},{"floor":11,"key":"PowerPotion"}],"is_trial":false,"path_per_floor":["M","M","?","?","M","E","$","R","T","M","M","R","$","E","R","B"],"character_chosen":"THE_SILENT","items_purchased":["Leg Sweep"],"campfire_rested":0,"item_purchase_floors":[7],"current_hp_per_floor":[55,55,55,55,55,43,43,43,43,43,30,30,30,20,20,0],"gold":77,"neow_bonus":"THREE_CARDS","is_prod":false,"is_daily":false,"chose_seed":false,"campfire_upgraded":3,"win_rate":0,"timestamp":1546849873,"path_taken":["M","M","?","?","M","E","?","R","T","M","M","R","$","E","R","BOSS"],"build_version":"2019-01-03v4","purchased_purges":0,"victory":false,"max_hp_per_floor":[66,66,66,66,66,66,66,66,66,66,66,66,66,66,66,66],"card_choices":[{"not_picked":["Quick Slash","Underhanded Strike"],"picked":"Flying Knee","floor":0},{"not_picked":["Sucker Punch","Slice"],"picked":"Choke","floor":1},{"not_picked":["Underhanded Strike","Quick Slash"],"picked":"PiercingWail","floor":2},{"not_picked":["Riddle With Holes","Sucker Punch"],"picked":"Slice","floor":5},{"not_picked":["Acrobatics","Choke"],"picked":"Setup","floor":6},{"not_picked":["Underhanded Strike","Quick Slash"],"picked":"Blade Dance","floor":10},{"not_picked":["Dagger Throw","Setup","Heel Hook"],"picked":"SKIP","floor":11},{"not_picked":["Quick Slash","Accuracy"],"picked":"Adrenaline","floor":14}],"player_experience":3192660,"relics_obtained":[{"floor":6,"key":"Shovel"},{"floor":9,"key":"Bottled Lightning"},{"floor":14,"key":"Smiling Mask"}],"event_choices":[{"damage_healed":0,"gold_gain":0,"cards_transformed":["Strike_G"],"player_choice":"Change","damage_taken":0,"max_hp_gain":0,"max_hp_loss":0,"event_name":"Living Wall","floor":3,"gold_loss":0,"cards_obtained":["Glass Knife"]},{"cards_removed":["Strike_G"],"damage_healed":0,"gold_gain":0,"player_choice":"Card Removal","damage_taken":0,"max_hp_gain":0,"max_hp_loss":0,"event_name":"The Cleric","floor":4,"gold_loss":75}],"is_beta":true,"boss_relics":[],"items_purged_floors":[],"is_endless":false,"potions_floor_spawned":[1,2,5,11],"killed_by":"Hexaghost","ascension_level":20}