{"gold_per_floor":[114,114,114,3,16,16,44,44,68,82,116,128,128,138,138,138],"floor_reached":16,"playtime":611,"items_purged":["Regret"],"score":193,"play_id":"557a7c7a-e1b1-48e4-9267-f586050b945f","local_time":"20190812224801","is_ascension_mode":true,"campfire_choices":[{"data":"Zap","floor":6,"key":"SMITH"},{"floor":13,"key":"REST"},{"data":"Reinforced Body","floor":15,"key":"SMITH"}],"neow_cost":"NONE","seed_source_timestamp":166026735450717,"circlet_count":0,"master_deck":["AscendersBane","Strike_B","Strike_B","Strike_B","Defend_B","Defend_B+1","Defend_B","Defend_B","Zap+1","Dualcast+1","Go for the Eyes","Capacitor","Gash","Barrage","Machine Learning","Reinforced Body+1","Storm","Rebound"],"relics":["Cracked Core","Ancient Tea Set","Anchor","Kunai","War Paint","Gremlin Horn"],"potions_floor_usage":[7,7,16],"damage_taken":[{"damage":2,"enemies":"Jaw Worm","floor":1,"turns":4},{"damage":0,"enemies":"2 Louse","floor":5,"turns":2},{"damage":17,"enemies":"Gremlin Nob","floor":7,"turns":4},{"damage":0,"enemies":"Small Slimes","floor":10,"turns":3},{"damage":16,"enemies":"3 Sentries","floor":11,"turns":7},{"damage":4,"enemies":"Red Slaver","floor":12,"turns":3},{"damage":9,"enemies":"Blue Slaver","floor":14,"turns":4},{"damage":21,"enemies":"Slime Boss","floor":16,"turns":8}],"seed_played":"-5235541515015849690","potions_obtained":[{"floor":1,"key":"Poison Potion"},{"floor":5,"key":"Swift Potion"},{"floor":14,"key":"Weak Potion"}],"is_trial":false,"path_per_floor":["M","?","?","$","M","R","E","?","T","M","E","M","R","M","R","B"],"character_chosen":"DEFECT","items_purchased":["Capacitor"],"campfire_rested":1,"item_purchase_floors":[4],"current_hp_per_floor":[62,55,55,55,55,55,38,28,28,28,12,8,29,20,20,0],"gold":138,"neow_bonus":"RANDOM_COMMON_RELIC","is_prod":false,"is_daily":false,"chose_seed":false,"campfire_upgraded":2,"win_rate":0,"timestamp":1565664481,"path_taken":["M","?","?","$","M","R","E","?","T","M","E","M","R","M","R","BOSS"],"build_version":"2019-07-17","purchased_purges":1,"victory":false,"max_hp_per_floor":[71,71,71,71,71,71,71,71,71,71,71,71,71,71,71,71],"card_choices":[{"not_picked":["Steam Power","Self Repair"],"picked":"Go for the Eyes","floor":1},{"not_picked":["Hologram","Stack"],"picked":"Gash","floor":5},{"not_picked":["Scrape","Chill"],"picked":"Barrage","floor":7},{"not_picked":["Stack","Chill"],"picked":"Machine Learning","floor":10},{"not_picked":["Rip and Tear","Aggregate"],"picked":"Reinforced Body","floor":11},{"not_picked":["Melter","Beam Cell"],"picked":"Storm","floor":12},{"not_picked":["Aggregate","Steam"],"picked":"Rebound","floor":14}],"player_experience":717401,"relics_obtained":[{"floor":7,"key":"Kunai"},{"floor":9,"key":"War Paint"},{"floor":11,"key":"Gremlin Horn"}],"event_choices":[{"cards_removed":["Strike_B"],"damage_healed":0,"gold_gain":0,"player_choice":"Card Removal","damage_taken":7,"max_hp_gain":0,"max_hp_loss":0,"event_name":"Golden Wing","floor":2,"gold_loss":0},{"damage_healed":0,"gold_gain":0,"player_choice":"Box","damage_taken":0,"relics_obtained":["Anchor"],"max_hp_gain":0,"max_hp_loss":0,"event_name":"Big Fish","floor":3,"gold_loss":0,"cards_obtained":["Regret"]},{"damage_healed":0,"gold_gain":0,"player_choice":"Damaged","damage_taken":10,"max_hp_gain":0,"max_hp_loss":0,"event_name":"Wheel of Change","floor":8,"gold_loss":0}],"is_beta":false,"boss_relics":[],"items_purged_floors":[4],"is_endless":false,"potions_floor_spawned":[1,5,14],"killed_by":"Slime Boss","ascension_level":15}