{"gold_per_floor":[115,115,140,140,154,194,215,229,253,253,241,262,262,298,298,298],"floor_reached":16,"playtime":1347,"items_purged":[],"score":131,"play_id":"dad37e30-9f16-400f-8e93-b29ec13f070b","local_time":"20190313232746","is_ascension_mode":true,"campfire_choices":[{"floor":10,"key":"REST"},{"data":"Neutralize","floor":13,"key":"SMITH"},{"floor":15,"key":"REST"}],"neow_cost":"NONE","seed_source_timestamp":331734143119160,"circlet_count":0,"master_deck":["Defend_G","Defend_G","Defend_G+1","Defend_G","Defend_G","Strike_G","Strike_G","Strike_G","Strike_G","Strike_G","Survivor+1","Neutralize+1","Footwork","Blur","Dagger Throw","Cloak And Dagger","PiercingWail","Backstab","Deflect","PiercingWail","Escape Plan"],"relics":["Lizard Tail","Golden Idol","War Paint","Blood Vial","Regal Pillow"],"potions_floor_usage":[5,7,11,16],"damage_taken":[{"damage":14,"enemies":"Jaw Worm","floor":1,"turns":6},{"damage":0,"enemies":"2 Louse","floor":3,"turns":5},{"damage":0,"enemies":"Cultist","floor":5,"turns":3},{"damage":21,"enemies":"3 Sentries","floor":6,"turns":14},{"damage":1,"enemies":"2 Fungi Beasts","floor":7,"turns":5},{"damage":0,"enemies":"Red Slaver","floor":8,"turns":5},{"damage":1,"enemies":"Exordium Thugs","floor":11,"turns":4},{"damage":5,"enemies":"Looter","floor":12,"turns":3},{"damage":33,"enemies":"Gremlin Nob","floor":14,"turns":6},{"damage":72,"enemies":"Slime Boss","floor":16,"turns":26}],"seed_played":"2440207286082812678","potions_obtained":[{"floor":1,"key":"Fire Potion"},{"floor":3,"key":"SpeedPotion"},{"floor":8,"key":"EssenceOfSteel"},{"floor":14,"key":"Swift Potion"}],"is_trial":false,"path_per_floor":["M","?","M","?","M","E","M","M","T","R","M","M","R","E","R","B"],"character_chosen":"THE_SILENT","items_purchased":[],"campfire_rested":2,"item_purchase_floors":[],"current_hp_per_floor":[56,39,39,32,32,11,10,10,10,31,32,29,29,35,70,0],"gold":298,"neow_bonus":"BOSS_RELIC","is_prod":false,"is_daily":false,"chose_seed":false,"campfire_upgraded":1,"win_rate":0,"timestamp":1552516066,"path_taken":["M","?","M","?","M","E","M","M","T","R","M","M","R","E","R","BOSS"],"build_version":"2019-02-06","purchased_purges":0,"victory":false,"max_hp_per_floor":[70,70,70,70,70,70,70,70,70,70,70,70,70,70,70,70],"card_choices":[{"not_picked":["Predator","Sucker Punch"],"picked":"Footwork","floor":1},{"not_picked":["Outmaneuver","Poisoned Stab"],"picked":"Blur","floor":3},{"not_picked":["Masterful Stab","Setup"],"picked":"Dagger Throw","floor":5},{"not_picked":["Choke","Bane"],"picked":"Cloak And Dagger","floor":6},{"not_picked":["Concentrate","Cloak And Dagger"],"picked":"PiercingWail","floor":7},{"not_picked":["Quick Slash","Poisoned Stab"],"picked":"Backstab","floor":8},{"not_picked":["Poisoned Stab","Skewer"],"picked":"Deflect","floor":11},{"not_picked":["Slice","Expertise"],"picked":"PiercingWail","floor":12},{"not_picked":["Sucker Punch","Slice"],"picked":"Escape Plan","floor":14}],"player_experience":260017,"relics_obtained":[{"floor":6,"key":"War Paint"},{"floor":9,"key":"Blood Vial"},{"floor":14,"key":"Regal Pillow"}],"event_choices":[{"damage_healed":0,"gold_gain":0,"player_choice":"Take Damage","damage_taken":17,"relics_obtained":["Golden Idol"],"max_hp_gain":0,"max_hp_loss":0,"event_name":"Golden Idol","floor":2,"gold_loss":0},{"damage_healed":0,"gold_gain":0,"player_choice":"Damaged","damage_taken":7,"max_hp_gain":0,"max_hp_loss":0,"event_name":"Wheel of Change","floor":4,"gold_loss":0}],"is_beta":true,"boss_relics":[],"items_purged_floors":[],"is_endless":false,"potions_floor_spawned":[1,3,8,14],"killed_by":"Slime Boss","ascension_level":3}