{"gold_per_floor":[109,124,35,52,62,96,96,107,107,107,120,135,135,160,160,238,238,248,268,268,193,203,203],"floor_reached":23,"playtime":1424,"items_purged":["Bite"],"score":435,"play_id":"1ba0a1b0-cd19-45c2-bd1f-8251d165731b","local_time":"20190605020103","is_ascension_mode":true,"campfire_choices":[{"data":"Uppercut","floor":7,"key":"SMITH"},{"data":"Whirlwind","floor":10,"key":"SMITH"},{"data":"Demon Form","floor":15,"key":"SMITH"}],"neow_cost":"NONE","seed_source_timestamp":3465189139457001,"circlet_count":0,"master_deck":["AscendersBane","Defend_R","Defend_R","Defend_R","Defend_R","Bash","Uppercut+1","Thunderclap","Metallicize","Battle Trance","Pommel Strike","Shrug It Off","Whirlwind+1","Demon Form+1","Headbutt","Evolve","Feed","True Grit","Armaments","Bite","Bite","Bite","Bite"],"relics":["Burning Blood","Bag of Marbles","Singing Bowl","Bottled Lightning","Runic Pyramid"],"potions_floor_usage":[6,19,23],"damage_taken":[{"damage":2,"enemies":"Cultist","floor":1,"turns":4},{"damage":6,"enemies":"Small Slimes","floor":2,"turns":4},{"damage":3,"enemies":"Jaw Worm","floor":4,"turns":4},{"damage":7,"enemies":"2 Fungi Beasts","floor":5,"turns":4},{"damage":30,"enemies":"Lagavulin","floor":6,"turns":7},{"damage":0,"enemies":"Gremlin Gang","floor":8,"turns":1},{"damage":0,"enemies":"3 Louse","floor":11,"turns":2},{"damage":0,"enemies":"2 Fungi Beasts","floor":12,"turns":2},{"damage":32,"enemies":"3 Sentries","floor":14,"turns":4},{"damage":25,"enemies":"Slime Boss","floor":16,"turns":9},{"damage":29,"enemies":"Spheric Guardian","floor":18,"turns":5},{"damage":31,"enemies":"Shell Parasite","floor":19,"turns":7},{"damage":47,"enemies":"Centurion and Healer","floor":22,"turns":19},{"damage":74,"enemies":"Gremlin Leader","floor":23,"turns":4}],"seed_played":"5047799861163703080","potions_obtained":[{"floor":2,"key":"Swift Potion"},{"floor":4,"key":"FearPotion"},{"floor":5,"key":"PowerPotion"},{"floor":11,"key":"PowerPotion"},{"floor":13,"key":"BloodPotion"},{"floor":19,"key":"SpeedPotion"}],"is_trial":false,"path_per_floor":["M","M","$","M","M","E","R","M","T","R","M","M","?","E","R","B",null,"M","M","?","$","M","E"],"character_chosen":"IRONCLAD","items_purchased":["Battle Trance"],"campfire_rested":0,"item_purchase_floors":[3],"current_hp_per_floor":[72,72,72,75,74,50,50,56,56,56,62,68,68,44,44,25,64,44,42,42,42,64,0],"gold":203,"neow_bonus":"TRANSFORM_CARD","is_prod":false,"is_daily":false,"chose_seed":false,"campfire_upgraded":3,"win_rate":0,"timestamp":1559725263,"path_taken":["M","M","?","M","M","E","R","?","T","R","M","M","?","E","R","BOSS","M","?","?","$","M","E"],"build_version":"2019-06-02","purchased_purges":1,"victory":false,"max_hp_per_floor":[75,75,75,75,75,75,75,75,75,75,75,75,75,77,77,77,77,80,83,58,58,64,64],"card_choices":[{"not_picked":["Havoc","Rage"],"picked":"Thunderclap","floor":1},{"not_picked":["Shrug It Off","Sever Soul"],"picked":"Metallicize","floor":2},{"not_picked":["Sever Soul","Iron Wave"],"picked":"Pommel Strike","floor":4},{"not_picked":["Pommel Strike","Rage"],"picked":"Shrug It Off","floor":5},{"not_picked":["Thunderclap","Feel No Pain"],"picked":"Whirlwind","floor":6},{"not_picked":["Entrench","Flex"],"picked":"Demon Form","floor":8},{"not_picked":["Flex","Fire Breathing"],"picked":"Headbutt","floor":11},{"not_picked":["Flex","Wild Strike"],"picked":"Evolve","floor":12},{"not_picked":["Hemokinesis","Clash","Cleave"],"picked":"Singing Bowl","floor":14},{"not_picked":["Demon Form","Exhume"],"picked":"Feed","floor":16},{"not_picked":["Headbutt","Armaments"],"picked":"True Grit","floor":18},{"not_picked":["Heavy Blade","Flame Barrier"],"picked":"Armaments","floor":19},{"not_picked":["Second Wind","Flex","Warcry"],"picked":"Singing Bowl","floor":22}],"player_experience":1294528,"relics_obtained":[{"floor":6,"key":"Bag of Marbles"},{"floor":9,"key":"Singing Bowl"},{"floor":14,"key":"Bottled Lightning"}],"event_choices":[{"damage_healed":0,"gold_gain":0,"player_choice":"Got Potions","damage_taken":0,"max_hp_gain":0,"max_hp_loss":0,"event_name":"Lab","floor":13,"gold_loss":0},{"damage_healed":0,"gold_gain":0,"player_choice":"Became a vampire","damage_taken":0,"max_hp_gain":0,"max_hp_loss":25,"event_name":"Vampires","floor":20,"gold_loss":0,"cards_obtained":["Bite","Bite","Bite","Bite","Bite"]}],"is_beta":true,"boss_relics":[{"not_picked":["Busted Crown","Runic Dome"],"picked":"Runic Pyramid"}],"items_purged_floors":[21],"is_endless":false,"potions_floor_spawned":[2,4,5,11,16,19],"killed_by":"Gremlin Leader","ascension_level":20}