{"gold_per_floor":[111,128,148,158,158,81,81,110,110,124,124,299,299,333,333,433,433,447,461,473,473],"floor_reached":21,"playtime":1940,"items_purged":[],"score":181,"play_id":"c7d42506-0c55-4e02-9269-e6d2260af093","local_time":"20181024151204","is_ascension_mode":false,"campfire_choices":[{"data":"Capacitor","floor":7,"key":"SMITH"},{"floor":11,"key":"REST"},{"floor":13,"key":"REST"},{"floor":15,"key":"REST"}],"neow_cost":"NONE","seed_source_timestamp":340050956326252,"circlet_count":0,"master_deck":["Strike_B","Strike_B","Strike_B","Strike_B","Defend_B","Defend_B","Defend_B+1","Defend_B","Zap","Dualcast","Hologram","Sweeping Beam","Go for the Eyes+1","Doom and Gloom","Capacitor+1","Fission","Beam Cell","Storm","Doubt","Ball Lightning","Hello World","Chaos+1","Thunder Strike","Ball Lightning","Melter","FTL","Self Repair","Hello World","Compile Driver","Coolheaded+1","Stack+1"],"relics":["Cracked Core","Dream Catcher","Bottled Tornado","Question Card","Toxic Egg 2","Orrery"],"potions_floor_usage":[8],"damage_taken":[{"damage":1,"enemies":"Jaw Worm","floor":1,"turns":4},{"damage":0,"enemies":"2 Louse","floor":2,"turns":3},{"damage":1,"enemies":"Cultist","floor":3,"turns":4},{"damage":11,"enemies":"Large Slime","floor":4,"turns":6},{"damage":27,"enemies":"3 Sentries","floor":8,"turns":5},{"damage":10,"enemies":"Looter","floor":10,"turns":4},{"damage":34,"enemies":"Gremlin Nob","floor":14,"turns":5},{"damage":23,"enemies":"Hexaghost","floor":16,"turns":9},{"damage":27,"enemies":"2 Thieves","floor":18,"turns":4},{"damage":26,"enemies":"Spheric Guardian","floor":19,"turns":4},{"damage":15,"enemies":"Centurion and Healer","floor":20,"turns":5},{"damage":21,"enemies":"Shelled Parasite and Fungi","floor":21,"turns":4}],"seed_played":"-8097867269918196279","potions_obtained":[{"floor":3,"key":"SkillPotion"},{"floor":8,"key":"Energy Potion"},{"floor":16,"key":"Dexterity Potion"},{"floor":18,"key":"Energy Potion"}],"is_trial":false,"path_per_floor":["M","M","M","M","?","$","R","E","T","M","R","?","R","?","R","B",null,"M","M","M"],"character_chosen":"DEFECT","items_purchased":["Capacitor"],"campfire_rested":3,"item_purchase_floors":[6],"current_hp_per_floor":[74,74,73,62,47,47,47,20,20,10,32,32,54,20,42,19,75,48,29,21,0],"gold":473,"neow_bonus":"RANDOM_COMMON_RELIC","is_prod":false,"is_daily":false,"chose_seed":false,"campfire_upgraded":1,"win_rate":0.0,"timestamp":1540408324,"path_taken":["M","M","M","M","?","?","R","E","T","M","R","?","R","?","R","BOSS","M","M","M","M"],"build_version":"2018-10-18","purchased_purges":0,"victory":false,"max_hp_per_floor":[75,75,75,75,75,75,75,75,75,75,75,75,75,75,75,75,75,75,75,75,75],"card_choices":[{"not_picked":["Stack","Steam"],"picked":"Hologram","floor":1},{"not_picked":["BootSequence","Redo"],"picked":"Sweeping Beam","floor":2},{"not_picked":["Stack","Buffer"],"picked":"Go for the Eyes","floor":3},{"not_picked":["Chaos","Aggregate"],"picked":"Doom and Gloom","floor":4},{"not_picked":["Hologram","Blizzard"],"picked":"Fission","floor":8},{"not_picked":["Streamline","Go for the Eyes","Stack"],"picked":"Beam Cell","floor":10},{"not_picked":["Streamline","Ball Lightning","Capacitor"],"picked":"Storm","floor":11},{"not_picked":["Stack","BootSequence","Conserve Battery"],"picked":"Ball Lightning","floor":13},{"not_picked":["Conserve Battery","Go for the Eyes","Ball Lightning"],"picked":"Hello World","floor":14},{"not_picked":["Tempest+1","Storm","Skim+1"],"picked":"Chaos+1","floor":15},{"not_picked":["Echo Form","Buffer","Rainbow+1"],"picked":"Thunder Strike","floor":16},{"not_picked":["Stack+1","Streamline","Hologram+1"],"picked":"Ball Lightning","floor":17},{"not_picked":["Reprogram+1","Steam+1","Leap+1"],"picked":"Melter","floor":17},{"not_picked":["Reinforced Body+1","Coolheaded+1","Double Energy+1"],"picked":"FTL","floor":17},{"not_picked":["Rebound","Coolheaded+1","Biased Cognition"],"picked":"Self Repair","floor":17},{"not_picked":["Sweeping Beam","Fusion+1","Conserve Battery+1"],"picked":"Hello World","floor":17},{"not_picked":["Sweeping Beam","Aggregate+1","Barrage"],"picked":"Compile Driver","floor":18},{"not_picked":["Streamline","Sweeping Beam","Compile Driver"],"picked":"Coolheaded+1","floor":19},{"not_picked":["BootSequence+1","Streamline","Gash+1"],"picked":"Stack+1","floor":20}],"player_experience":12254,"relics_obtained":[{"floor":8,"key":"Bottled Tornado"},{"floor":9,"key":"Question Card"},{"floor":14,"key":"Toxic Egg 2"}],"event_choices":[{"damage_healed":0,"gold_gain":0,"player_choice":"Entered Light","damage_taken":15,"max_hp_gain":0,"max_hp_loss":0,"event_name":"Shining Light","floor":5,"gold_loss":0,"cards_upgraded":["Defend_B","Go for the Eyes"]},{"damage_healed":0,"gold_gain":175,"player_choice":"AGREE","damage_taken":0,"max_hp_gain":0,"max_hp_loss":0,"event_name":"Liars Game","floor":12,"gold_loss":0,"cards_obtained":["Doubt"]},{"damage_healed":0,"gold_gain":30,"player_choice":"Searched \u00272\u0027 times","damage_taken":0,"max_hp_gain":0,"max_hp_loss":0,"event_name":"Dead Adventurer","floor":14,"gold_loss":0}],"is_beta":false,"boss_relics":[{"not_picked":["Philosopher\u0027s Stone","Empty Cage"],"picked":"Orrery"}],"items_purged_floors":[],"is_endless":false,"potions_floor_spawned":[3,8,16,18,19],"killed_by":"Shelled Parasite and Fungi","ascension_level":0}