{"gold_per_floor":[110,110,110,110,122,150,150,209,233,243,276,276,286,301,301,301],"floor_reached":16,"playtime":497,"items_purged":[],"score":290,"play_id":"1cc68e1d-8967-4661-bc10-6b055b9c679d","local_time":"20190607231824","is_ascension_mode":true,"campfire_choices":[{"data":"Bash","floor":7,"key":"SMITH"},{"data":"Heavy Blade","floor":12,"key":"SMITH"},{"floor":15,"key":"REST"}],"neow_cost":"NONE","seed_source_timestamp":3715558155894224,"circlet_count":0,"master_deck":["AscendersBane","Strike_R","Strike_R","Strike_R","Defend_R","Defend_R","Defend_R","Defend_R","Bash+1","Hemokinesis","Heavy Blade+1","Spot Weakness+1","Rupture","Armaments+1","Ghostly Armor+1","True Grit+1","Juggernaut"],"relics":["Burning Blood","NeowsBlessing","Vajra","Toxic Egg 2","Tiny Chest","Bag of Marbles","Bag of Preparation"],"potions_floor_usage":[8],"damage_taken":[{"damage":0,"enemies":"2 Louse","floor":1,"turns":1},{"damage":0,"enemies":"Small Slimes","floor":5,"turns":1},{"damage":0,"enemies":"Lagavulin","floor":6,"turns":1},{"damage":32,"enemies":"3 Sentries","floor":8,"turns":5},{"damage":0,"enemies":"Cultist","floor":10,"turns":2},{"damage":30,"enemies":"Lagavulin","floor":11,"turns":5},{"damage":6,"enemies":"Gremlin Gang","floor":13,"turns":4},{"damage":19,"enemies":"Exordium Wildlife","floor":14,"turns":5},{"damage":39,"enemies":"Hexaghost","floor":16,"turns":8}],"seed_played":"3302054020319148402","potions_obtained":[{"floor":5,"key":"Dexterity Potion"},{"floor":6,"key":"PowerPotion"},{"floor":13,"key":"LiquidBronze"}],"is_trial":false,"path_per_floor":["M","?","?","?","M","E","R","E","T","M","E","R","M","M","R","B"],"character_chosen":"IRONCLAD","items_purchased":[],"campfire_rested":1,"item_purchase_floors":[],"current_hp_per_floor":[74,67,56,56,62,68,68,42,42,48,24,24,24,11,33,0],"gold":301,"neow_bonus":"THREE_ENEMY_KILL","is_prod":false,"is_daily":false,"chose_seed":false,"campfire_upgraded":2,"win_rate":0,"timestamp":1559974704,"path_taken":["M","?","?","?","M","E","R","E","T","?","E","R","?","?","R","BOSS"],"build_version":"2019-06-05","purchased_purges":0,"victory":false,"max_hp_per_floor":[75,75,75,75,75,75,75,75,75,75,75,75,75,75,75,75],"card_choices":[{"not_picked":["Flex","Fire Breathing"],"picked":"Hemokinesis","floor":1},{"not_picked":["Body Slam","Headbutt"],"picked":"Heavy Blade","floor":5},{"not_picked":["Combust","Shrug It Off"],"picked":"Spot Weakness","floor":6},{"not_picked":["Clothesline","Twin Strike"],"picked":"Rupture","floor":8},{"not_picked":["Cleave","Pommel Strike"],"picked":"Armaments+1","floor":10},{"not_picked":["Second Wind+1","Rupture"],"picked":"Ghostly Armor+1","floor":11},{"not_picked":["Iron Wave","Wild Strike"],"picked":"True Grit+1","floor":13},{"not_picked":["Pommel Strike","Hemokinesis"],"picked":"Juggernaut","floor":14}],"player_experience":1326159,"relics_obtained":[{"floor":6,"key":"Toxic Egg 2"},{"floor":8,"key":"Tiny Chest"},{"floor":9,"key":"Bag of Marbles"},{"floor":11,"key":"Bag of Preparation"}],"event_choices":[{"cards_removed":["Strike_R"],"damage_healed":0,"gold_gain":0,"player_choice":"Card Removal","damage_taken":7,"max_hp_gain":0,"max_hp_loss":0,"event_name":"Golden Wing","floor":2,"gold_loss":0},{"damage_healed":0,"gold_gain":0,"player_choice":"Success","damage_taken":11,"relics_obtained":["Vajra"],"max_hp_gain":0,"max_hp_loss":0,"event_name":"Scrap Ooze","floor":3,"gold_loss":0},{"cards_removed":["Strike_R"],"damage_healed":0,"gold_gain":0,"player_choice":"Offered Basic","damage_taken":0,"max_hp_gain":0,"max_hp_loss":0,"event_name":"Bonfire Elementals","floor":4,"gold_loss":0}],"is_beta":true,"boss_relics":[],"items_purged_floors":[],"is_endless":false,"potions_floor_spawned":[5,6,13],"killed_by":"Hexaghost","ascension_level":20}