{"gold_per_floor":[118,134,151,168,183,183,213,213,262,292,307,287,287,319,331,446,458,488,520,546,21,34,69,69,69,93,125,125,139,157,57,57,162,162,179,54,54,73,73,73,92,92],"floor_reached":42,"playtime":3631,"items_purged":["Strike_R","Strike_R","Strike_R"],"score":506,"play_id":"d683c751-4965-4a03-b618-3009a1c2dce1","local_time":"20181108192258","is_ascension_mode":true,"campfire_choices":[{"data":"True Grit","floor":6,"key":"SMITH"},{"data":"Metallicize","floor":8,"key":"SMITH"},{"floor":13,"key":"REST"},{"data":"Shrug It Off","floor":15,"key":"SMITH"},{"floor":28,"key":"REST"},{"floor":32,"key":"REST"},{"floor":40,"key":"REST"}],"neow_cost":"NONE","seed_source_timestamp":557146427657702,"circlet_count":0,"master_deck":["Strike_R","Defend_R","Defend_R","Defend_R","Defend_R","Bash","True Grit+1","Sword Boomerang","Metallicize+1","Inflame","Battle Trance","Dual Wield","Dropkick","Iron Wave","Shrug It Off+1","Fiend Fire","Armaments","Rampage+1","Feel No Pain","Dark Shackles","Disarm","Pommel Strike+1","Limit Break","RitualDagger","J.A.X.","True Grit","Armaments+1","Spot Weakness","Demon Form+1","Armaments+1","Metallicize+1"],"relics":["Burning Blood","Oddly Smooth Stone","Blood Vial","Meat on the Bone","MawBank","Sozu","Frozen Egg 2","Omamori","PreservedInsect","Mummified Hand","Philosopher\u0027s Stone"],"potions_floor_usage":[7,10,10,14,14,16,22],"damage_taken":[{"damage":6,"enemies":"Cultist","floor":1,"turns":4},{"damage":3,"enemies":"2 Louse","floor":2,"turns":4},{"damage":9,"enemies":"Jaw Worm","floor":3,"turns":5},{"damage":7,"enemies":"Exordium Wildlife","floor":4,"turns":5},{"damage":13,"enemies":"3 Louse","floor":5,"turns":4},{"damage":15,"enemies":"Gremlin Nob","floor":7,"turns":4},{"damage":4,"enemies":"Lagavulin","floor":10,"turns":8},{"damage":6,"enemies":"Looter","floor":11,"turns":4},{"damage":20,"enemies":"3 Sentries","floor":14,"turns":11},{"damage":38,"enemies":"The Guardian","floor":16,"turns":11},{"damage":12,"enemies":"Shell Parasite","floor":18,"turns":6},{"damage":25,"enemies":"Spheric Guardian","floor":19,"turns":5},{"damage":27,"enemies":"Centurion and Healer","floor":20,"turns":8},{"damage":4,"enemies":"Snecko","floor":22,"turns":6},{"damage":8,"enemies":"Book of Stabbing","floor":23,"turns":8},{"damage":38,"enemies":"Gremlin Leader","floor":27,"turns":9},{"damage":7,"enemies":"Cultist and Chosen","floor":29,"turns":8},{"damage":17,"enemies":"Snake Plant","floor":30,"turns":3},{"damage":24,"enemies":"Champ","floor":33,"turns":10},{"damage":14,"enemies":"Orb Walker","floor":35,"turns":2},{"damage":45,"enemies":"3 Darklings","floor":38,"turns":7},{"damage":57,"enemies":"Jaw Worm Horde","floor":41,"turns":7},{"damage":50,"enemies":"Sphere and 2 Shapes","floor":42,"turns":3}],"seed_played":"8635821397688637422","potions_obtained":[{"floor":3,"key":"SneckoOil"},{"floor":4,"key":"EssenceOfSteel"},{"floor":7,"key":"EssenceOfSteel"},{"floor":10,"key":"Ancient Potion"},{"floor":11,"key":"Poison Potion"},{"floor":12,"key":"SteroidPotion"},{"floor":16,"key":"Energy Potion"}],"is_trial":false,"path_per_floor":["M","M","M","M","M","R","E","R","T","E","M","?","R","E","R","B",null,"M","M","M","$","M","E","?","?","T","E","R","M","M","$","R","B",null,"M","$","?","M","?","R","M","M"],"character_chosen":"IRONCLAD","items_purchased":["Feel No Pain","Frozen Egg 2","Dark Shackles","Disarm"],"campfire_rested":4,"item_purchase_floors":[21,21,21,21],"current_hp_per_floor":[88,88,85,84,77,77,68,68,68,72,74,74,88,74,74,56,88,82,65,58,58,62,62,56,56,56,38,64,65,56,56,82,66,88,80,80,80,55,55,81,44,0],"gold":92,"neow_bonus":"TEN_PERCENT_HP_BONUS","is_prod":false,"is_daily":false,"chose_seed":false,"campfire_upgraded":3,"win_rate":0,"timestamp":1541701378,"path_taken":["M","M","M","M","?","R","E","R","T","E","M","?","R","E","R","BOSS","M","M","M","$","M","E","?","?","T","E","R","?","M","$","R","BOSS","M","$","?","M","?","R","?","M"],"build_version":"2018-11-07","purchased_purges":3,"victory":false,"max_hp_per_floor":[88,88,88,88,88,88,88,88,88,88,88,88,88,88,88,88,88,88,88,88,88,88,88,88,88,88,88,88,88,88,88,88,88,88,88,88,88,88,88,88,88,88],"card_choices":[{"not_picked":["Shrug It Off","Thunderclap"],"picked":"True Grit","floor":1},{"not_picked":["Warcry","Perfected Strike"],"picked":"Sword Boomerang","floor":2},{"not_picked":["Iron Wave","Flex"],"picked":"Metallicize","floor":3},{"not_picked":["Clash","Evolve"],"picked":"Inflame","floor":4},{"not_picked":["Body Slam","Iron Wave"],"picked":"Battle Trance","floor":5},{"not_picked":["Warcry","Burning Pact"],"picked":"Dual Wield","floor":7},{"not_picked":["Berserk","Fire Breathing"],"picked":"Dropkick","floor":10},{"not_picked":["Pommel Strike","Carnage"],"picked":"Iron Wave","floor":11},{"not_picked":["Whirlwind","Headbutt"],"picked":"Shrug It Off","floor":14},{"not_picked":["Brutality","Offering"],"picked":"Fiend Fire","floor":16},{"not_picked":["Pommel Strike+1","Twin Strike"],"picked":"Armaments","floor":18},{"not_picked":["Cleave","Perfected Strike","Warcry"],"picked":"SKIP","floor":19},{"not_picked":["Cleave","Perfected Strike"],"picked":"Rampage+1","floor":20},{"not_picked":["Anger","Perfected Strike+1"],"picked":"Pommel Strike+1","floor":22},{"not_picked":["Iron Wave","Seeing Red"],"picked":"Limit Break","floor":23},{"not_picked":["Pommel Strike","Sword Boomerang"],"picked":"True Grit","floor":27},{"not_picked":["Pommel Strike","Anger"],"picked":"Armaments+1","floor":29},{"not_picked":["Evolve+1","Dual Wield"],"picked":"Spot Weakness","floor":30},{"not_picked":["Berserk+1","Brutality+1"],"picked":"Demon Form+1","floor":33},{"not_picked":["Pommel Strike","Perfected Strike+1"],"picked":"Armaments+1","floor":35},{"not_picked":["Iron Wave","True Grit+1"],"picked":"Metallicize+1","floor":38},{"not_picked":["Pommel Strike","Armaments","Body Slam"],"picked":"SKIP","floor":41}],"player_experience":36699,"relics_obtained":[{"floor":7,"key":"Oddly Smooth Stone"},{"floor":9,"key":"Blood Vial"},{"floor":10,"key":"Meat on the Bone"},{"floor":14,"key":"MawBank"},{"floor":23,"key":"Omamori"},{"floor":26,"key":"PreservedInsect"},{"floor":27,"key":"Mummified Hand"}],"event_choices":[{"damage_healed":0,"gold_gain":0,"player_choice":"Bought 1 Potion","damage_taken":0,"max_hp_gain":0,"max_hp_loss":0,"event_name":"The Woman in Blue","floor":12,"gold_loss":0},{"damage_healed":0,"gold_gain":0,"player_choice":"Joined the Cult","damage_taken":6,"max_hp_gain":0,"max_hp_loss":0,"event_name":"Nest","floor":24,"gold_loss":0,"cards_obtained":["RitualDagger"]},{"damage_healed":0,"gold_gain":0,"player_choice":"Obtain J.A.X.","damage_taken":0,"max_hp_gain":0,"max_hp_loss":0,"event_name":"Drug Dealer","floor":25,"gold_loss":0,"cards_obtained":["J.A.X."]},{"damage_healed":0,"gold_gain":0,"player_choice":"Ignored","damage_taken":0,"max_hp_gain":0,"max_hp_loss":0,"event_name":"Mysterious Sphere","floor":37,"gold_loss":0},{"cards_removed":["Strike_R"],"damage_healed":0,"gold_gain":0,"player_choice":"Removed Attack","damage_taken":0,"max_hp_gain":0,"max_hp_loss":0,"event_name":"Falling","floor":39,"gold_loss":0}],"is_beta":true,"boss_relics":[{"not_picked":["White Beast Statue","Orrery"],"picked":"Sozu"},{"not_picked":["Coffee Dripper","Runic Dome"],"picked":"Philosopher\u0027s Stone"}],"items_purged_floors":[21,31,36],"is_endless":false,"potions_floor_spawned":[3,4,7,10,11,16,18,29,30,33,38],"killed_by":"Sphere and 2 Shapes","ascension_level":2}