{"gold_per_floor":[112,19,29,104,119,119,153,153,226,242,254,254,219,233,233,305,305,315,315,315,44,44,44,0,17,17,34,47,47,66,79,79,157,157,172,172,172,189,189,189,215,215,215,215,231,92,92,102,102,102],"floor_reached":51,"playtime":2853,"items_purged":["Writhe"],"score":1122,"play_id":"e2a8faf8-ac1e-42da-953a-eb65ea83c347","local_time":"20190812233914","is_ascension_mode":true,"campfire_choices":[{"data":"Discovery","floor":6.0,"key":"SMITH"},{"data":"Streamline","floor":8.0,"key":"SMITH"},{"data":"Defragment","floor":12.0,"key":"SMITH"},{"floor":15.0,"key":"REST"},{"data":"Buffer","floor":23.0,"key":"SMITH"},{"data":"Darkness","floor":29.0,"key":"SMITH"},{"data":"Coolheaded","floor":32.0,"key":"SMITH"},{"data":"Chill","floor":40,"key":"SMITH"},{"data":"Skim","floor":42,"key":"SMITH"},{"data":"Undo","floor":44,"key":"SMITH"},{"data":"Creative AI","floor":47,"key":"SMITH"},{"data":"Fusion","floor":49,"key":"SMITH"}],"neow_cost":"NONE","seed_source_timestamp":166661392018488,"circlet_count":0,"master_deck":["AscendersBane","Strike_B+1","Strike_B+1","Strike_B+1","Defend_B+1","Defend_B+1","Defend_B+1","Defend_B+1","Zap+1","Dualcast","Meteor Strike","Streamline+1","Discovery+1","Defragment+1","Chill+1","Amplify+1","Coolheaded+1","Undo+1","Sweeping Beam+1","Buffer+1","Fusion+1","Cold Snap+1","Go for the Eyes+1","Darkness+1","Leap+1","Meteor Strike+1","Glacier+1","Skim+1","Compile Driver+1","Defragment+1","Creative AI+1"],"special_seed":0,"relics":["Cracked Core","Happy Flower","Molten Egg 2","Coffee Dripper","Question Card","Runic Capacitor","Letter Opener","Sozu","War Paint","Darkstone Periapt"],"potions_floor_usage":[41],"damage_taken":[{"damage":7.0,"enemies":"Jaw Worm","floor":1.0,"turns":3.0},{"damage":0.0,"enemies":"2 Louse","floor":3.0,"turns":2.0},{"damage":2.0,"enemies":"Small Slimes","floor":5.0,"turns":3.0},{"damage":26.0,"enemies":"Lagavulin","floor":7.0,"turns":6.0},{"damage":6.0,"enemies":"Blue Slaver","floor":10.0,"turns":3.0},{"damage":0.0,"enemies":"Large Slime","floor":11.0,"turns":4.0},{"damage":1.0,"enemies":"Exordium Wildlife","floor":14.0,"turns":3.0},{"damage":26.0,"enemies":"Hexaghost","floor":16.0,"turns":11.0},{"damage":17.0,"enemies":"Shell Parasite","floor":18.0,"turns":6.0},{"damage":14.0,"enemies":"3 Byrds","floor":25.0,"turns":6.0},{"damage":2.0,"enemies":"Snecko","floor":27.0,"turns":5.0},{"damage":0.0,"enemies":"Sentry and Sphere","floor":28.0,"turns":5.0},{"damage":12.0,"enemies":"Snake Plant","floor":30.0,"turns":5.0},{"damage":0.0,"enemies":"3 Cultists","floor":31.0,"turns":6.0},{"damage":9.0,"enemies":"Automaton","floor":33.0,"turns":12.0},{"damage":0.0,"enemies":"3 Darklings","floor":35.0,"turns":4.0},{"damage":0,"enemies":"3 Shapes","floor":38,"turns":7},{"damage":24,"enemies":"Reptomancer","floor":41,"turns":7},{"damage":0,"enemies":"3 Darklings","floor":45,"turns":6},{"damage":0,"enemies":"Maw","floor":48,"turns":6},{"damage":14,"enemies":"Donu and Deca","floor":50,"turns":8}],"seed_played":"4972946501934534898","potions_obtained":[{"floor":5.0,"key":"SpeedPotion"},{"floor":7.0,"key":"FairyPotion"},{"floor":14.0,"key":"AttackPotion"},{"floor":25.0,"key":"Swift Potion"},{"floor":30.0,"key":"Regen Potion"}],"is_trial":false,"path_per_floor":["M","$","M","?","M","R","E","R","T","M","M","R","?","M","R","B",null,"M","?","?","$","?","R","?","M","T","M","M","R","M","M","R","B",null,"M","?","?","M","$","R","E","R","T","R","M","$","R","M","R","B",null],"character_chosen":"DEFECT","items_purchased":["Discovery","Runic Capacitor","Creative AI"],"campfire_rested":1,"item_purchase_floors":[2,21,46],"current_hp_per_floor":[57,57,57,46,44,44,18,18,18,12,12,12,29,28,49,23,59,42,42,42,42,56,56,56,42,42,40,40,40,28,28,28,19,58,58,58,58,58,58,58,48,48,48,48,48,48,48,48,48,34],"gold":102,"neow_bonus":"ONE_RANDOM_RARE_CARD","is_prod":false,"is_daily":false,"chose_seed":false,"campfire_upgraded":11,"win_rate":0,"timestamp":1565667554,"path_taken":["M","$","M","?","M","R","E","R","T","M","M","R","?","M","R","BOSS","M","?","?","$","?","R","?","M","T","M","?","R","M","M","R","BOSS","M","?","?","M","$","R","E","R","T","R","M","$","R","?","R","BOSS"],"build_version":"2019-07-17","purchased_purges":1,"victory":true,"max_hp_per_floor":[71,71,71,71,71,71,71,71,71,71,71,71,71,71,71,71,71,71,71,71,71,71,71,71,71,71,71,71,71,71,71,71,71,71,71,71,71,71,71,71,71,71,71,71,71,71,71,71,71,71],"card_choices":[{"not_picked":["Sweeping Beam","Barrage"],"picked":"Streamline","floor":1.0},{"not_picked":["Doom and Gloom","Sweeping Beam"],"picked":"Defragment","floor":3.0},{"not_picked":["Rip and Tear","Steam"],"picked":"Chill","floor":5.0},{"not_picked":["Redo","Rebound"],"picked":"Amplify","floor":7.0},{"not_picked":["Go for the Eyes+1","Scrape+1"],"picked":"Coolheaded","floor":10.0},{"not_picked":["Gash+1","Steam"],"picked":"Undo","floor":11.0},{"not_picked":["Melter+1","Go for the Eyes+1"],"picked":"Sweeping Beam+1","floor":14.0},{"not_picked":["Thunder Strike+1","Multi-Cast"],"picked":"Buffer","floor":16.0},{"not_picked":["Go for the Eyes+1","Streamline+1"],"picked":"Fusion","floor":18.0},{"not_picked":["Hologram","Fusion","Steam"],"picked":"Cold Snap+1","floor":25.0},{"not_picked":["Redo","Leap+1","Turbo"],"picked":"Go for the Eyes+1","floor":27.0},{"not_picked":["Storm","Hyperbeam+1","Stack"],"picked":"Darkness","floor":28.0},{"not_picked":["Chill","Beam Cell+1","Genetic Algorithm"],"picked":"Leap+1","floor":30.0},{"not_picked":["Leap","Streamline+1","Hello World","Ball Lightning+1"],"picked":"SKIP","floor":31.0},{"not_picked":["Reboot","Thunder Strike+1","Hyperbeam+1"],"picked":"Meteor Strike+1","floor":33.0},{"not_picked":["Storm","Go for the Eyes+1","Turbo+1"],"picked":"Glacier+1","floor":35.0},{"not_picked":["Stack+1","Barrage+1","Cold Snap+1"],"picked":"Skim","floor":38},{"not_picked":["Leap","Darkness","Doom and Gloom+1"],"picked":"Compile Driver+1","floor":41},{"not_picked":["Sweeping Beam+1","Coolheaded","Go for the Eyes+1"],"picked":"Defragment+1","floor":45},{"not_picked":["Sweeping Beam+1","Redo+1","Cold Snap+1","Blizzard+1"],"picked":"SKIP","floor":48}],"player_experience":718012,"relics_obtained":[{"floor":7.0,"key":"Happy Flower"},{"floor":9.0,"key":"Molten Egg 2"},{"floor":26.0,"key":"Letter Opener"},{"floor":41,"key":"War Paint"},{"floor":43,"key":"Darkstone Periapt"}],"event_choices":[{"damage_healed":0.0,"max_hp_gain":0.0,"max_hp_loss":0.0,"gold_gain":75.0,"event_name":"World of Goop","player_choice":"Gather Gold","floor":4.0,"gold_loss":0.0,"damage_taken":11.0},{"damage_healed":17.0,"max_hp_gain":0.0,"max_hp_loss":0.0,"gold_gain":0.0,"event_name":"The Cleric","player_choice":"Healed","floor":13.0,"gold_loss":35.0,"damage_taken":0.0},{"damage_healed":0.0,"max_hp_gain":0.0,"max_hp_loss":0.0,"gold_gain":0.0,"event_name":"Back to Basics","player_choice":"Simplicity","floor":19.0,"gold_loss":0.0,"damage_taken":0.0,"cards_upgraded":["Strike_B","Strike_B","Strike_B","Strike_B","Defend_B","Defend_B","Defend_B","Defend_B"]},{"damage_healed":0.0,"max_hp_gain":0.0,"max_hp_loss":0.0,"gold_gain":0.0,"event_name":"The Mausoleum","player_choice":"Opened","floor":20.0,"gold_loss":0.0,"damage_taken":0.0,"relics_obtained":["Question Card"],"cards_obtained":["Writhe"]},{"damage_healed":14.0,"max_hp_gain":0.0,"max_hp_loss":0.0,"gold_gain":0.0,"event_name":"The Library","player_choice":"Heal","floor":22.0,"gold_loss":0.0,"damage_taken":0.0},{"damage_healed":0.0,"max_hp_gain":0.0,"max_hp_loss":0.0,"gold_gain":0.0,"event_name":"Masked Bandits","player_choice":"Paid Fearfully","floor":24.0,"gold_loss":44.0,"damage_taken":0.0},{"damage_healed":0,"gold_gain":0,"player_choice":"Ignored","damage_taken":0,"max_hp_gain":0,"max_hp_loss":0,"event_name":"Mysterious Sphere","floor":36,"gold_loss":0},{"cards_removed":["Strike_B"],"damage_healed":0,"gold_gain":0,"player_choice":"Removed Attack","damage_taken":0,"max_hp_gain":0,"max_hp_loss":0,"event_name":"Falling","floor":37,"gold_loss":0}],"is_beta":false,"boss_relics":[{"not_picked":["Runic Pyramid","Black Star"],"picked":"Coffee Dripper"},{"not_picked":["Calling Bell","Fusion Hammer"],"picked":"Sozu"}],"items_purged_floors":[21],"is_endless":false,"potions_floor_spawned":[5,7,10,14,25,30,33,35,41],"ascension_level":15}