{"gold_per_floor":[109,124,124,136,136,166,166,200,200,228,239,239,66,66,66,66],"floor_reached":16,"playtime":521,"items_purged":[],"score":236,"play_id":"878b6ef4-67f4-4e2b-8151-d5b196c423fa","local_time":"20181114210451","is_ascension_mode":true,"campfire_choices":[{"data":"Barricade","floor":7,"key":"SMITH"},{"floor":12,"key":"REST"},{"data":"Bash","floor":15,"key":"SMITH"}],"neow_cost":"NONE","seed_source_timestamp":4733955739342384,"circlet_count":0,"master_deck":["AscendersBane","Strike_R","Strike_R","Strike_R","Strike_R","Defend_R","Defend_R","Defend_R","Defend_R","Bash+1","Dramatic Entrance","Iron Wave","Whirlwind+1","Barricade+1","Spot Weakness","Iron Wave"],"relics":["Burning Blood","Orichalcum","Question Card","Magic Flower","Potion Belt","Art of War","Pen Nib"],"potions_floor_usage":[6,8,10,11,16],"damage_taken":[{"damage":7,"enemies":"Jaw Worm","floor":1,"turns":2},{"damage":1,"enemies":"2 Louse","floor":2,"turns":2},{"damage":5,"enemies":"Small Slimes","floor":4,"turns":3},{"damage":2,"enemies":"Gremlin Nob","floor":6,"turns":3},{"damage":5,"enemies":"3 Sentries","floor":8,"turns":4},{"damage":28,"enemies":"Lagavulin","floor":10,"turns":8},{"damage":9,"enemies":"3 Louse","floor":11,"turns":2},{"damage":34,"enemies":"The Guardian","floor":16,"turns":5}],"seed_played":"-6596349434917703222","potions_obtained":[{"floor":2,"key":"Strength Potion"},{"floor":6,"key":"AttackPotion"},{"floor":8,"key":"Dexterity Potion"},{"floor":10,"key":"EssenceOfSteel"},{"floor":11,"key":"SkillPotion"}],"is_trial":false,"path_per_floor":["M","M","?","M","?","E","R","E","T","E","M","R","$","?","R","B"],"character_chosen":"IRONCLAD","items_purchased":["Pen Nib"],"campfire_rested":1,"item_purchase_floors":[13],"current_hp_per_floor":[67,72,72,73,28,32,32,33,33,14,14,36,36,29,29,0],"gold":66,"neow_bonus":"RANDOM_COLORLESS","is_prod":false,"is_daily":false,"chose_seed":false,"campfire_upgraded":2,"win_rate":0,"timestamp":1542258291,"path_taken":["M","M","?","M","?","E","R","E","T","E","M","R","$","?","R","BOSS"],"build_version":"2018-11-13","purchased_purges":0,"victory":false,"max_hp_per_floor":[75,75,75,75,75,75,75,75,75,75,75,75,75,75,75,75],"card_choices":[{"not_picked":["Cleave","Rupture"],"picked":"Iron Wave","floor":1},{"not_picked":["Clothesline","Warcry"],"picked":"Whirlwind","floor":2},{"not_picked":["Wild Strike","Corruption","Cleave"],"picked":"SKIP","floor":4},{"not_picked":["Blood for Blood","Whirlwind"],"picked":"Barricade","floor":6},{"not_picked":["Heavy Blade","Flex","Exhume"],"picked":"Spot Weakness","floor":8},{"not_picked":["Pommel Strike","Twin Strike","Spot Weakness"],"picked":"Iron Wave","floor":10},{"not_picked":["Sword Boomerang","Evolve","Sentinel","Twin Strike"],"picked":"SKIP","floor":11}],"player_experience":1086581,"relics_obtained":[{"floor":6,"key":"Question Card"},{"floor":8,"key":"Magic Flower"},{"floor":9,"key":"Potion Belt"},{"floor":10,"key":"Art of War"}],"event_choices":[{"damage_healed":0,"gold_gain":0,"player_choice":"Grow","damage_taken":0,"max_hp_gain":0,"max_hp_loss":0,"event_name":"Living Wall","floor":3,"gold_loss":0,"cards_upgraded":["Whirlwind"]},{"damage_healed":0,"gold_gain":0,"player_choice":"Success","damage_taken":45,"relics_obtained":["Orichalcum"],"max_hp_gain":0,"max_hp_loss":0,"event_name":"Scrap Ooze","floor":5,"gold_loss":0},{"cards_removed":["Strike_R"],"damage_healed":0,"gold_gain":0,"player_choice":"Card Removal","damage_taken":7,"max_hp_gain":0,"max_hp_loss":0,"event_name":"Golden Wing","floor":14,"gold_loss":0}],"is_beta":true,"boss_relics":[],"items_purged_floors":[],"is_endless":false,"potions_floor_spawned":[2,6,8,10,11],"killed_by":"The Guardian","ascension_level":20}