{"gold_per_floor":[144,189,189,234,279,369,394,394,469,246,336,388,433,478,478,785,785,830,755,680,680,770,770,860,912,937,361,451,496,541,541,541,848,848,900,1200,675,720,700,700,790,790,790,835,880,430,475,565,565,565],"floor_reached":51,"playtime":3166,"items_purged":["Quick Slash","Backflip","Accuracy","Blade Dance"],"score":1082,"play_id":"3560eaf2-e497-4c6f-b163-742fa7f383ca","local_time":"20190918030310","daily_mods":["SealedDeck","Purple Cards","Midas"],"is_ascension_mode":false,"campfire_choices":[{"floor":8,"key":"REST"},{"floor":15,"key":"REST"},{"floor":23,"key":"REST"},{"floor":32,"key":"REST"},{"floor":40,"key":"REST"},{"floor":42,"key":"REST"},{"floor":49,"key":"REST"}],"neow_cost":"","seed_source_timestamp":0,"circlet_count":0,"master_deck":["Skewer","Underhanded Strike+1","Underhanded Strike","Tactician","Acrobatics","Cloak And Dagger","Well Laid Plans","Footwork","Adrenaline","Grand Finale+1","Backflip+1","Panache","Burst","Acrobatics+1"],"special_seed":18156,"relics":["Ring of the Serpent","Toy Ornithopter","CeramicFish","Dodecahedron","Oddly Smooth Stone","Regal Pillow","Fusion Hammer","Red Mask","Calipers","Akabeko","Pen Nib","Whetstone","Vajra","Paper Crane","CaptainsWheel","Pear","TwistedFunnel","Sundial","Snake Skull","Omamori","OrangePellets","Bag of Marbles"],"potions_floor_usage":[6,6,28],"damage_taken":[{"damage":0,"enemies":"Small Slimes","floor":1,"turns":1},{"damage":0,"enemies":"Jaw Worm","floor":2,"turns":1},{"damage":0,"enemies":"2 Louse","floor":4,"turns":1},{"damage":1,"enemies":"Blue Slaver","floor":5,"turns":2},{"damage":0,"enemies":"Lagavulin","floor":6,"turns":2},{"damage":0,"enemies":"3 Sentries","floor":11,"turns":3},{"damage":0,"enemies":"Large Slime","floor":12,"turns":2},{"damage":0,"enemies":"Red Slaver","floor":13,"turns":1},{"damage":3,"enemies":"Looter","floor":14,"turns":2},{"damage":5,"enemies":"The Guardian","floor":16,"turns":7},{"damage":0,"enemies":"Spheric Guardian","floor":18,"turns":2},{"damage":0,"enemies":"Masked Bandits","floor":22,"turns":1},{"damage":0,"enemies":"Gremlin Leader","floor":24,"turns":2},{"damage":0,"enemies":"Chosen","floor":25,"turns":2},{"damage":0,"enemies":"Book of Stabbing","floor":28,"turns":2},{"damage":0,"enemies":"Snecko","floor":29,"turns":1},{"damage":0,"enemies":"Sentry and Sphere","floor":30,"turns":1},{"damage":0,"enemies":"Champ","floor":33,"turns":3},{"damage":0,"enemies":"3 Darklings","floor":35,"turns":2},{"damage":0,"enemies":"Mind Bloom Boss Battle","floor":36,"turns":2},{"damage":0,"enemies":"Orb Walker","floor":38,"turns":2},{"damage":0,"enemies":"Giant Head","floor":41,"turns":1},{"damage":0,"enemies":"Jaw Worm Horde","floor":44,"turns":1},{"damage":0,"enemies":"Writhing Mass","floor":45,"turns":1},{"damage":6,"enemies":"4 Shapes","floor":47,"turns":1},{"damage":0,"enemies":"Reptomancer","floor":48,"turns":1},{"damage":0,"enemies":"Donu and Deca","floor":50,"turns":1}],"seed_played":"-6474452705325325348","potions_obtained":[{"floor":1,"key":"AttackPotion"},{"floor":2,"key":"SteroidPotion"},{"floor":11,"key":"DuplicationPotion"},{"floor":16,"key":"SpeedPotion"},{"floor":22,"key":"Weak Potion"},{"floor":25,"key":"SkillPotion"},{"floor":28,"key":"Weak Potion"},{"floor":33,"key":"PowerPotion"},{"floor":35,"key":"FearPotion"},{"floor":39,"key":"Swift Potion"}],"is_trial":false,"path_per_floor":["M","M","?","M","M","E","T","R","T","$","E","M","M","M","R","B",null,"M","$","?","?","?","R","E","M","T","$","E","M","M","T","R","B",null,"M","?","$","M","?","R","E","R","T","M","M","$","M","E","R","B",null],"character_chosen":"THE_SILENT","items_purchased":["Oddly Smooth Stone","Accuracy","Panache","Pen Nib","Whetstone","Pear","TwistedFunnel","Omamori","OrangePellets"],"campfire_rested":7,"item_purchase_floors":[10,10,27,27,27,37,37,46,46],"current_hp_per_floor":[70,70,70,70,69,69,69,70,70,70,70,70,70,67,70,65,70,70,70,70,57,57,75,75,75,75,75,75,75,75,75,75,75,75,75,75,85,85,85,85,85,85,85,85,85,85,79,79,85,85],"gold":565,"neow_bonus":"","is_prod":false,"is_daily":true,"chose_seed":false,"campfire_upgraded":0,"win_rate":0,"timestamp":1568746990,"path_taken":["M","M","?","M","M","E","?","R","T","$","E","M","M","M","R","BOSS","M","$","?","?","?","R","E","M","T","$","E","M","M","?","R","BOSS","M","?","$","M","?","R","E","R","T","M","M","$","?","E","R","BOSS"],"build_version":"2019-09-17","purchased_purges":4,"victory":true,"max_hp_per_floor":[70,70,70,70,70,70,70,70,70,70,70,70,70,70,70,70,70,70,70,70,75,75,75,75,75,75,75,75,75,75,75,75,75,75,75,75,85,85,85,85,85,85,85,85,85,85,85,85,85,85],"card_choices":[{"not_picked":["Deflect","Bouncing Flask"],"picked":"Footwork","floor":1},{"not_picked":["Bane","Slice","Sucker Punch"],"picked":"SKIP","floor":2},{"not_picked":["Dagger Spray","Heel Hook","Slice"],"picked":"SKIP","floor":4},{"not_picked":["Skewer","Dash","Reflex"],"picked":"SKIP","floor":5},{"not_picked":["PiercingWail","Deflect"],"picked":"Adrenaline","floor":6},{"not_picked":["Deflect","Dagger Spray","Dagger Throw"],"picked":"SKIP","floor":11},{"not_picked":["Dagger Throw","All Out Attack"],"picked":"Backflip","floor":12},{"not_picked":["All Out Attack","Footwork","Skewer"],"picked":"SKIP","floor":13},{"not_picked":["Dagger Throw","Dagger Spray","Deadly Poison"],"picked":"SKIP","floor":14},{"not_picked":["Die Die Die","A Thousand Cuts"],"picked":"Grand Finale","floor":16},{"not_picked":["Quick Slash+1","Deflect","Cloak And Dagger"],"picked":"SKIP","floor":18},{"not_picked":["Dagger Throw","Deadly Poison","Flying Knee"],"picked":"SKIP","floor":24},{"not_picked":["Heel Hook","Dagger Spray"],"picked":"Backflip+1","floor":25},{"not_picked":["Infinite Blades","Dagger Spray","Dash"],"picked":"SKIP","floor":28},{"not_picked":["Reflex","Sucker Punch","Dagger Throw+1"],"picked":"SKIP","floor":29},{"not_picked":["Deflect","Blur","PiercingWail"],"picked":"SKIP","floor":30},{"not_picked":["Tools of the Trade","Die Die Die"],"picked":"Burst","floor":33},{"not_picked":["Backstab+1","Underhanded Strike+1"],"picked":"Acrobatics+1","floor":35},{"not_picked":["Escape Plan","Outmaneuver+1","Prepared"],"picked":"SKIP","floor":38},{"not_picked":["Concentrate","Poisoned Stab","Deadly Poison"],"picked":"SKIP","floor":41},{"not_picked":["Dodge and Roll","Malaise","Choke+1"],"picked":"SKIP","floor":44},{"not_picked":["Cloak And Dagger+1","Bane+1","Slice"],"picked":"SKIP","floor":45},{"not_picked":["Leg Sweep","Footwork+1","Well Laid Plans"],"picked":"SKIP","floor":47},{"not_picked":["Infinite Blades+1","Cloak And Dagger+1","Masterful Stab"],"picked":"SKIP","floor":48}],"player_experience":165768,"relics_obtained":[{"floor":6,"key":"Toy Ornithopter"},{"floor":7,"key":"CeramicFish"},{"floor":9,"key":"Dodecahedron"},{"floor":11,"key":"Regal Pillow"},{"floor":22,"key":"Red Mask"},{"floor":24,"key":"Calipers"},{"floor":26,"key":"Akabeko"},{"floor":28,"key":"Vajra"},{"floor":31,"key":"Paper Crane"},{"floor":36,"key":"CaptainsWheel"},{"floor":41,"key":"Sundial"},{"floor":43,"key":"Snake Skull"},{"floor":48,"key":"Bag of Marbles"}],"event_choices":[{"damage_healed":0,"gold_gain":0,"player_choice":"Leave","damage_taken":0,"max_hp_gain":0,"max_hp_loss":0,"event_name":"The Cleric","floor":3,"gold_loss":0},{"cards_removed":["Dagger Spray"],"damage_healed":0,"gold_gain":0,"player_choice":"Gave Gold","damage_taken":0,"max_hp_gain":0,"max_hp_loss":0,"event_name":"Beggar","floor":20,"gold_loss":75},{"damage_healed":0,"gold_gain":0,"player_choice":"Shed Blood","damage_taken":18,"max_hp_gain":5,"max_hp_loss":0,"event_name":"Forgotten Altar","floor":21,"gold_loss":0},{"damage_healed":0,"gold_gain":0,"player_choice":"Fought Bandits","damage_taken":0,"max_hp_gain":0,"max_hp_loss":0,"event_name":"Masked Bandits","floor":22,"gold_loss":0},{"damage_healed":0,"gold_gain":0,"player_choice":"Fight","damage_taken":0,"max_hp_gain":0,"max_hp_loss":0,"event_name":"MindBloom","floor":36,"gold_loss":0},{"damage_healed":0,"gold_gain":0,"player_choice":"Bought 1 Potion","damage_taken":0,"max_hp_gain":0,"max_hp_loss":0,"event_name":"The Woman in Blue","floor":39,"gold_loss":0}],"is_beta":true,"boss_relics":[{"not_picked":["HoveringKite","SlaversCollar"],"picked":"Fusion Hammer"},{"not_picked":["Snecko Eye","Calling Bell"],"picked":"Ring of the Serpent"}],"items_purged_floors":[19,27,37,46],"is_endless":false,"potions_floor_spawned":[1,2,11,16,22,25,28,33,35,36,38,44],"ascension_level":0}