{"gold_per_floor":[116,126,141,91,15,15,48,48,73,83,83,96,116,141,141,237,237,251,31,29,40,53,53,88,88,115,15,41,57,57,72,72,72],"floor_reached":33,"playtime":3824,"items_purged":["Strike_G","Defend_G"],"score":449,"play_id":"e98cba44-32c0-4a85-a2b3-15b056ccfbd2","local_time":"20190102034540","is_ascension_mode":true,"campfire_choices":[{"data":"Dash","floor":6,"key":"SMITH"},{"floor":8,"key":"REST"},{"floor":15,"key":"REST"},{"floor":23,"key":"REST"},{"floor":25,"key":"REST"},{"floor":30,"key":"REST"},{"data":"Envenom","floor":32,"key":"SMITH"}],"neow_cost":"PERCENT_DAMAGE","seed_source_timestamp":878883306156043,"circlet_count":0,"master_deck":["AscendersBane","Defend_G","Defend_G","Defend_G","Strike_G","Strike_G","Strike_G","Strike_G","Survivor","Neutralize","All Out Attack","Leg Sweep","Backflip","Dash+1","Footwork","Pain","Dagger Spray","Leg Sweep","After Image","Cloak And Dagger","Blur","Skewer","Envenom+1","Backflip+1"],"relics":["Ring of the Snake","Bird Faced Urn","Regal Pillow","Ancient Tea Set","WarpedTongs","Question Card","White Beast Statue","Potion Belt","Bronze Scales","Strawberry","Vajra"],"potions_floor_usage":[16,18,21,21,22,24,24,29,29,31,33,33],"damage_taken":[{"damage":0,"enemies":"2 Louse","floor":1,"turns":4},{"damage":1,"enemies":"Cultist","floor":2,"turns":4},{"damage":1,"enemies":"Jaw Worm","floor":3,"turns":5},{"damage":30,"enemies":"3 Sentries","floor":7,"turns":8},{"damage":0,"enemies":"2 Fungi Beasts","floor":10,"turns":3},{"damage":3,"enemies":"Looter","floor":12,"turns":4},{"damage":11,"enemies":"Blue Slaver","floor":13,"turns":4},{"damage":19,"enemies":"Lagavulin","floor":14,"turns":11},{"damage":24,"enemies":"The Guardian","floor":16,"turns":17},{"damage":9,"enemies":"Spheric Guardian","floor":18,"turns":8},{"damage":32,"enemies":"2 Thieves","floor":20,"turns":5},{"damage":5,"enemies":"Sentry and Sphere","floor":21,"turns":13},{"damage":22,"enemies":"Chosen and Byrds","floor":22,"turns":12},{"damage":47,"enemies":"Slavers","floor":24,"turns":13},{"damage":45,"enemies":"Gremlin Leader","floor":28,"turns":10},{"damage":14,"enemies":"Cultist and Chosen","floor":29,"turns":11},{"damage":13,"enemies":"Snake Plant","floor":31,"turns":5},{"damage":54,"enemies":"Automaton","floor":33,"turns":16}],"seed_played":"8732091809305485116","potions_obtained":[{"floor":7,"key":"Fire Potion"},{"floor":10,"key":"Ancient Potion"},{"floor":12,"key":"SpeedPotion"},{"floor":16,"key":"GhostInAJar"},{"floor":18,"key":"Strength Potion"},{"floor":20,"key":"PowerPotion"},{"floor":21,"key":"AttackPotion"},{"floor":22,"key":"SpeedPotion"},{"floor":24,"key":"Swift Potion"},{"floor":28,"key":"Regen Potion"},{"floor":29,"key":"Swift Potion"},{"floor":31,"key":"Poison Potion"}],"is_trial":false,"path_per_floor":["M","M","M","?","$","R","E","R","T","M","?","M","M","E","R","B",null,"M","$","M","M","M","R","E","R","T","$","E","M","R","M","R","B"],"character_chosen":"THE_SILENT","items_purchased":["Dash","Potion Belt"],"campfire_rested":5,"item_purchase_floors":[5,19],"current_hp_per_floor":[45,44,43,43,43,43,13,49,49,51,51,50,41,24,60,38,62,57,57,29,30,12,48,5,41,48,48,9,16,54,45,45,0],"gold":72,"neow_bonus":"ONE_RARE_RELIC","is_prod":false,"is_daily":false,"chose_seed":false,"campfire_upgraded":2,"win_rate":0,"timestamp":1546418740,"path_taken":["M","M","M","?","$","R","E","R","T","M","?","?","?","E","R","BOSS","M","$","?","?","M","R","E","R","T","$","E","M","R","M","R","BOSS"],"build_version":"2018-12-20","purchased_purges":2,"victory":false,"max_hp_per_floor":[70,70,70,70,70,70,70,70,70,70,70,70,70,70,70,70,70,70,70,70,70,70,70,70,70,77,77,77,77,77,77,77,77],"card_choices":[{"not_picked":["Outmaneuver","Bane"],"picked":"All Out Attack","floor":1},{"not_picked":["Prepared","Eviscerate"],"picked":"Leg Sweep","floor":2},{"not_picked":["Choke","Blade Dance"],"picked":"Backflip","floor":3},{"not_picked":["Blade Dance","All Out Attack"],"picked":"Footwork","floor":7},{"not_picked":["Choke","Expertise","Blade Dance"],"picked":"SKIP","floor":10},{"not_picked":["Dagger Throw","Poisoned Stab"],"picked":"Dagger Spray","floor":12},{"not_picked":["Quick Slash","Catalyst","Blade Dance"],"picked":"SKIP","floor":13},{"not_picked":["Dodge and Roll","Flying Knee"],"picked":"Leg Sweep","floor":14},{"not_picked":["Grand Finale","Malaise","Night Terror"],"picked":"After Image","floor":16},{"not_picked":["Acrobatics","Expertise","Bane"],"picked":"Cloak And Dagger","floor":18},{"not_picked":["Sucker Punch+1","Deflect","Prepared"],"picked":"Blur","floor":20},{"not_picked":["Dash","Leg Sweep+1","Dagger Throw"],"picked":"Skewer","floor":21},{"not_picked":["Poisoned Stab","Deflect","Choke","Dodge and Roll"],"picked":"SKIP","floor":22},{"not_picked":["Concentrate","Slice","Dash"],"picked":"Envenom","floor":24},{"not_picked":["Flying Knee+1","Dagger Throw","Deflect","Acrobatics"],"picked":"SKIP","floor":28},{"not_picked":["Bane+1","Phantasmal Killer","Eviscerate+1"],"picked":"Backflip+1","floor":29},{"not_picked":["Expertise","Blade Dance+1","Bane","Flying Knee+1"],"picked":"SKIP","floor":31}],"player_experience":233432,"relics_obtained":[{"floor":7,"key":"Regal Pillow"},{"floor":9,"key":"Ancient Tea Set"},{"floor":14,"key":"Question Card"},{"floor":24,"key":"Bronze Scales"},{"floor":26,"key":"Strawberry"},{"floor":28,"key":"Vajra"}],"event_choices":[{"cards_removed":["Defend_G"],"damage_healed":0,"gold_gain":0,"player_choice":"Card Removal","damage_taken":0,"max_hp_gain":0,"max_hp_loss":0,"event_name":"The Cleric","floor":4,"gold_loss":50},{"damage_healed":0,"gold_gain":0,"player_choice":"Rummage","damage_taken":0,"relics_obtained":["WarpedTongs"],"max_hp_gain":0,"max_hp_loss":0,"event_name":"Accursed Blacksmith","floor":11,"gold_loss":0,"cards_obtained":["Pain"]}],"is_beta":false,"boss_relics":[{"not_picked":["Ectoplasm","HoveringKite"],"picked":"White Beast Statue"}],"items_purged_floors":[19,27],"is_endless":false,"potions_floor_spawned":[7,10,12,14,16,18,20,21,22,24,28,29,31],"killed_by":"Automaton","ascension_level":10}