{"gold_per_floor":[118,129,147,214,228,228,256,256,279,334,364,364,391,417,417,494,494,510,510,510,521,63,63,98,110,148,171,183,208,246,273,285,369,381,412,439,465,1476,1506,1546,1575,836,918,918,140,152,152,14,14,14],"floor_reached":51,"playtime":3616,"items_purged":["Strike_R+1","Normality","Normality"],"score":1485,"play_id":"50d93ecc-21fa-430b-9fa9-a3405b32b26f","local_time":"20190905170019","is_ascension_mode":true,"campfire_choices":[{"data":"Sword Boomerang","floor":8.0,"key":"SMITH"},{"data":"Inflame","floor":12.0,"key":"SMITH"},{"data":"Anger","floor":15.0,"key":"SMITH"},{"data":"Power Through","floor":23,"key":"SMITH"},{"data":"Heavy Blade","floor":25,"key":"SMITH"},{"floor":32,"key":"REST"},{"data":"Uppercut","floor":44,"key":"SMITH"},{"data":"Iron Wave","floor":49,"key":"SMITH"}],"neow_cost":"NONE","seed_source_timestamp":0,"circlet_count":0,"master_deck":["AscendersBane","Strike_R+1","Defend_R+1","Defend_R+1","Defend_R+1","Defend_R+1","Bash","Cleave","Inflame+1","Uppercut+1","Iron Wave+1","Sword Boomerang+1","Anger+1","Heavy Blade+1","Spot Weakness+1","Impervious+1","Disarm+1","Rage+1","Whirlwind+1","Body Slam+1","Necronomicurse","Power Through+1","Carnage+1","Shrug It Off","Uppercut+1","Immolate","Pummel","Parasite"],"special_seed":0,"relics":["Burning Blood","Vajra","Potion Belt","Juzu Bracelet","Ancient Tea Set","Pear","Question Card","Art of War","Astrolabe","Necronomicon","Bag of Preparation","Medical Kit","MawBank","War Paint","Boot","Anchor","Coffee Dripper","Oddly Smooth Stone","Shuriken","OrangePellets","Blood Vial","Paper Frog","Sundial","Pantograph","Centennial Puzzle"],"potions_floor_usage":[39,40,50,50,50],"damage_taken":[{"damage":4.0,"enemies":"Jaw Worm","floor":1.0,"turns":4.0},{"damage":12.0,"enemies":"2 Louse","floor":2.0,"turns":2.0},{"damage":1.0,"enemies":"Cultist","floor":3.0,"turns":3.0},{"damage":10.0,"enemies":"Blue Slaver","floor":5.0,"turns":4.0},{"damage":19.0,"enemies":"Gremlin Nob","floor":7.0,"turns":4.0},{"damage":25.0,"enemies":"3 Sentries","floor":10.0,"turns":6.0},{"damage":30.0,"enemies":"Lagavulin","floor":11.0,"turns":5.0},{"damage":10.0,"enemies":"3 Sentries","floor":13.0,"turns":4.0},{"damage":16.0,"enemies":"Hexaghost","floor":16.0,"turns":7.0},{"damage":28,"enemies":"Shell Parasite","floor":18,"turns":5},{"damage":0,"enemies":"3 Byrds","floor":21,"turns":4},{"damage":7,"enemies":"Gremlin Leader","floor":24,"turns":4},{"damage":0,"enemies":"Shelled Parasite and Fungi","floor":27,"turns":1},{"damage":0,"enemies":"Centurion and Healer","floor":29,"turns":2},{"damage":21,"enemies":"Book of Stabbing","floor":30,"turns":4},{"damage":0,"enemies":"Chosen and Byrds","floor":31,"turns":5},{"damage":22,"enemies":"Champ","floor":33,"turns":5},{"damage":18,"enemies":"3 Shapes","floor":35,"turns":4},{"damage":2,"enemies":"Orb Walker","floor":36,"turns":2},{"damage":11,"enemies":"4 Shapes","floor":37,"turns":1},{"damage":8,"enemies":"Writhing Mass","floor":39,"turns":4},{"damage":32,"enemies":"Giant Head","floor":40,"turns":6},{"damage":0,"enemies":"Sphere and 2 Shapes","floor":41,"turns":1},{"damage":0,"enemies":"Transient","floor":46,"turns":6},{"damage":88,"enemies":"Time Eater","floor":50,"turns":7}],"seed_played":"4722109909690770339","potions_obtained":[{"floor":1.0,"key":"EssenceOfSteel"},{"floor":7.0,"key":"Explosive Potion"},{"floor":10.0,"key":"Regen Potion"},{"floor":11.0,"key":"Swift Potion"},{"floor":27,"key":"LiquidBronze"},{"floor":30,"key":"Poison Potion"},{"floor":33,"key":"EntropicBrew"},{"floor":37,"key":"Fruit Juice"},{"floor":39,"key":"LiquidBronze"},{"floor":41,"key":"Swift Potion"},{"floor":46,"key":"Strength Potion"}],"is_trial":false,"path_per_floor":["M","M","M","?","M","?","E","R","T","?","E","R","E","T","R","B",null,"M","?","?","M","$","R","E","R","T","M","T","M","E","M","R","B",null,"M","M","M","?","M","E","M","$","T","R","$","M","?","?","R","B",null],"character_chosen":"IRONCLAD","items_purchased":["Bag of Preparation","Medical Kit","Shuriken","OrangePellets","Blood Vial","Sundial","Pantograph","FairyPotion"],"campfire_rested":1,"item_purchase_floors":[22,22,42,42,42,45,45,45],"current_hp_per_floor":[70,64,69,69,65,65,52,52,52,33,31,31,27,27,27,17,68,46,46,25,31,31,31,30,30,30,36,36,42,27,33,58,42,74,62,66,61,61,64,38,44,44,44,44,44,52,52,52,52,15],"gold":14,"neow_bonus":"RANDOM_COMMON_RELIC","is_prod":false,"is_daily":false,"chose_seed":false,"campfire_upgraded":7,"win_rate":0,"timestamp":1567717219,"path_taken":["M","M","M","?","M","?","E","R","T","?","E","R","E","?","R","BOSS","M","?","?","M","$","R","E","R","T","M","?","M","E","M","R","BOSS","M","M","M","?","M","E","M","$","T","R","$","M","?","?","R","BOSS"],"build_version":"2019-07-17","purchased_purges":3,"victory":true,"max_hp_per_floor":[75,75,75,75,75,75,75,75,75,75,85,85,85,85,85,85,85,85,85,85,85,85,85,85,85,85,85,85,85,85,85,85,85,85,85,85,85,85,90,90,90,90,90,90,90,90,90,90,90,90],"card_choices":[{"not_picked":["Fire Breathing","Seeing Red"],"picked":"Cleave","floor":1.0},{"not_picked":["Body Slam","Thunderclap"],"picked":"Inflame","floor":2.0},{"not_picked":["Combust","Headbutt"],"picked":"Uppercut","floor":3.0},{"not_picked":["Carnage","Flex"],"picked":"Iron Wave","floor":5.0},{"not_picked":["Rage","Seeing Red"],"picked":"Sword Boomerang","floor":7.0},{"not_picked":["Carnage","Pommel Strike"],"picked":"Anger","floor":10.0},{"not_picked":["Pommel Strike","Warcry"],"picked":"Heavy Blade","floor":11.0},{"not_picked":["Anger","Headbutt"],"picked":"Spot Weakness","floor":13.0},{"not_picked":["Demon Form","Brutality","Fiend Fire"],"picked":"Impervious","floor":16.0},{"not_picked":["Headbutt","Uppercut","Twin Strike"],"picked":"Body Slam+1","floor":18},{"not_picked":["Cleave","Twin Strike","Berserk"],"picked":"Power Through","floor":21},{"not_picked":["Fire Breathing","Sentinel","Body Slam"],"picked":"Carnage+1","floor":24},{"not_picked":["True Grit","Infernal Blade","Warcry"],"picked":"Shrug It Off","floor":27},{"not_picked":["Intimidate","Armaments","Pommel Strike","Reckless Charge"],"picked":"SKIP","floor":29},{"not_picked":["Fiend Fire","Spot Weakness","Metallicize"],"picked":"Uppercut","floor":30},{"not_picked":["Wild Strike","Clothesline","Shrug It Off","Perfected Strike"],"picked":"SKIP","floor":31},{"not_picked":["Offering","Barricade","Fiend Fire"],"picked":"Immolate","floor":33},{"not_picked":["Sever Soul","Pommel Strike+1","Cleave","Clothesline+1"],"picked":"SKIP","floor":35},{"not_picked":["Evolve","Thunderclap","Rage+1","Anger"],"picked":"SKIP","floor":36},{"not_picked":["Warcry+1","Thunderclap","Sword Boomerang"],"picked":"Pummel","floor":37},{"not_picked":["Dropkick+1","Heavy Blade","Clothesline","Rage"],"picked":"SKIP","floor":39},{"not_picked":["Dropkick","Headbutt+1","Cleave"],"picked":"Evolve+1","floor":40},{"not_picked":["Searing Blow","Perfected Strike","Fire Breathing","Sword Boomerang+1"],"picked":"SKIP","floor":41},{"not_picked":["Wild Strike","Pommel Strike","Clash","Perfected Strike"],"picked":"SKIP","floor":46}],"player_experience":762860,"relics_obtained":[{"floor":7.0,"key":"Potion Belt"},{"floor":9.0,"key":"Juzu Bracelet"},{"floor":10.0,"key":"Ancient Tea Set"},{"floor":11.0,"key":"Pear"},{"floor":13.0,"key":"Question Card"},{"floor":14.0,"key":"Art of War"},{"floor":20,"key":"Necronomicon"},{"floor":24,"key":"MawBank"},{"floor":26,"key":"War Paint"},{"floor":28,"key":"Boot"},{"floor":30,"key":"Anchor"},{"floor":40,"key":"Oddly Smooth Stone"},{"floor":43,"key":"Paper Frog"}],"event_choices":[{"damage_healed":0.0,"max_hp_gain":0.0,"max_hp_loss":0.0,"gold_gain":67.0,"event_name":"Golden Wing","player_choice":"Gained Gold","floor":4.0,"gold_loss":0.0,"damage_taken":0.0},{"damage_healed":0.0,"max_hp_gain":0.0,"max_hp_loss":0.0,"gold_gain":0.0,"event_name":"Living Wall","player_choice":"Grow","floor":6.0,"gold_loss":0.0,"damage_taken":0.0,"cards_upgraded":["Uppercut"]},{"damage_healed":0.0,"max_hp_gain":0.0,"max_hp_loss":0.0,"gold_gain":0.0,"event_name":"Dead Adventurer","player_choice":"Searched \u00271\u0027 times","floor":10.0,"gold_loss":0.0,"damage_taken":0.0},{"damage_healed":0,"gold_gain":0,"player_choice":"Simplicity","damage_taken":0,"max_hp_gain":0,"max_hp_loss":0,"event_name":"Back to Basics","floor":19,"gold_loss":0,"cards_upgraded":["Strike_R","Strike_R","Defend_R","Defend_R","Defend_R","Defend_R"]},{"damage_healed":0,"gold_gain":0,"player_choice":"Obtained Book","damage_taken":21,"max_hp_gain":0,"max_hp_loss":0,"event_name":"Cursed Tome","floor":20,"gold_loss":0},{"damage_healed":0,"gold_gain":999,"player_choice":"Gold","damage_taken":0,"max_hp_gain":0,"max_hp_loss":0,"event_name":"MindBloom","floor":38,"gold_loss":0,"cards_obtained":["Normality","Normality"]},{"cards_removed":["Evolve"],"damage_healed":0,"gold_gain":0,"player_choice":"Removed Power","damage_taken":0,"max_hp_gain":0,"max_hp_loss":0,"event_name":"Falling","floor":47,"gold_loss":0},{"damage_healed":0,"gold_gain":0,"player_choice":"Paid Gold","damage_taken":0,"relics_obtained":["Centennial Puzzle"],"max_hp_gain":0,"max_hp_loss":0,"event_name":"WeMeetAgain","floor":48,"gold_loss":138}],"is_beta":false,"boss_relics":[{"not_picked":["Cursed Key","Empty Cage"],"picked":"Astrolabe"},{"not_picked":["Tiny House","Runic Cube"],"picked":"Coffee Dripper"}],"items_purged_floors":[22,42,45],"is_endless":false,"potions_floor_spawned":[1,7,10,11,27,30,33,37,39,41,46],"ascension_level":19}