{"gold_per_floor":[112,131,206,206,219,244,27,27,27,60,14,14,41,26],"floor_reached":14,"playtime":1078,"items_purged":[],"score":122,"play_id":"6257a05c-266a-4bdb-9a86-a49c1b049270","local_time":"20190911183044","is_ascension_mode":true,"campfire_choices":[{"floor":8,"key":"REST"}],"neow_cost":"NONE","seed_source_timestamp":441428070699499,"circlet_count":0,"master_deck":["Strike_P","Strike_P+1","Strike_P","Defend_P","Defend_P","Defend_P","Defend_P","Eruption","Vigilance","ThirdEye","EmptyMind","BowlingBash","FearNoEvil","Adaptation+1","WindmillStrike","ClearTheMind","Protect","EmptyBody"],"relics":["PureWater","NeowsBlessing","Mercury Hourglass","Yang","White Beast Statue","Incense Burner"],"potions_floor_usage":[10,13],"damage_taken":[{"damage":0,"enemies":"Jaw Worm","floor":1,"turns":1},{"damage":0,"enemies":"Small Slimes","floor":2,"turns":1},{"damage":0,"enemies":"Cultist","floor":5,"turns":1},{"damage":23,"enemies":"3 Sentries","floor":6,"turns":7},{"damage":13,"enemies":"Gremlin Nob","floor":10,"turns":3},{"damage":6,"enemies":"Lagavulin","floor":13,"turns":5},{"damage":15,"enemies":"Exordium Thugs","floor":14,"turns":1}],"seed_played":"-8105294697429128997","potions_obtained":[{"floor":10,"key":"Fire Potion"},{"floor":13,"key":"Strength Potion"}],"is_trial":false,"path_per_floor":["M","M","?","?","M","E","$","R","T","E","$","?","E","M"],"character_chosen":"WATCHER","items_purchased":["Adaptation","WindmillStrike","Fruit Juice","Protect"],"campfire_rested":1,"item_purchase_floors":[7,7,7,11],"current_hp_per_floor":[65,65,54,47,47,24,24,43,43,35,35,21,15,0],"gold":26,"neow_bonus":"THREE_ENEMY_KILL","is_prod":false,"is_daily":false,"chose_seed":false,"campfire_upgraded":0,"win_rate":0,"timestamp":1568219444,"path_taken":["M","M","?","?","M","E","$","R","T","E","$","?","E","M"],"build_version":"2019-09-10","purchased_purges":0,"victory":false,"max_hp_per_floor":[65,65,65,65,65,65,65,65,65,70,70,70,70,70],"card_choices":[{"not_picked":["ClearTheMind","Sanctity"],"picked":"ThirdEye","floor":1},{"not_picked":["Protect","Halt"],"picked":"EmptyMind","floor":2},{"not_picked":["FollowUp","CarveReality"],"picked":"BowlingBash","floor":5},{"not_picked":["PathToVictory","WreathOfFlame"],"picked":"FearNoEvil","floor":6},{"not_picked":["Devotion","Prostrate"],"picked":"ClearTheMind","floor":10},{"not_picked":["Devotion","JustLucky"],"picked":"EmptyBody","floor":13}],"player_experience":634478,"relics_obtained":[{"floor":6,"key":"Mercury Hourglass"},{"floor":9,"key":"Yang"},{"floor":10,"key":"White Beast Statue"},{"floor":13,"key":"Incense Burner"}],"event_choices":[{"damage_healed":0,"gold_gain":75,"player_choice":"Gather Gold","damage_taken":11,"max_hp_gain":0,"max_hp_loss":0,"event_name":"World of Goop","floor":3,"gold_loss":0},{"cards_removed":["Strike_P"],"damage_healed":0,"gold_gain":0,"player_choice":"Card Removal","damage_taken":7,"max_hp_gain":0,"max_hp_loss":0,"event_name":"Golden Wing","floor":4,"gold_loss":0},{"damage_healed":0,"gold_gain":0,"player_choice":"Entered Light","damage_taken":14,"max_hp_gain":0,"max_hp_loss":0,"event_name":"Shining Light","floor":12,"gold_loss":0,"cards_upgraded":["Adaptation","Strike_P"]}],"is_beta":true,"boss_relics":[],"items_purged_floors":[],"is_endless":false,"potions_floor_spawned":[10,13],"killed_by":"Exordium Thugs","ascension_level":3}