{"gold_per_floor":[114,134,149,45,64,93,112,112,142,159,159,176,176,188,188,188],"floor_reached":16,"playtime":1035,"items_purged":[],"score":212,"play_id":"6e39b7be-b495-48d4-98d6-2640de2fafcf","local_time":"20190717014133","is_ascension_mode":true,"campfire_choices":[{"floor":8,"key":"REST"},{"data":"Cloak And Dagger","floor":11,"key":"SMITH"},{"data":"Setup","floor":13,"key":"SMITH"},{"data":"Venomology","floor":15,"key":"SMITH"}],"neow_cost":"NONE","seed_source_timestamp":1990327030015500,"circlet_count":0,"master_deck":["AscendersBane","Strike_G","Strike_G","Strike_G","Strike_G","Strike_G","Defend_G","Defend_G","Defend_G","Defend_G","Defend_G","Survivor","Neutralize","Flying Knee","Finisher","Endless Agony","Deflect","Footwork","Setup+1","Infinite Blades","Cloak And Dagger+1","Quick Slash","Dagger Spray","Venomology+1"],"special_seed":0,"relics":["Ring of the Snake","NeowsBlessing","Lantern","Tiny Chest"],"potions_floor_usage":[5,6,6,16],"damage_taken":[{"damage":0.0,"enemies":"Jaw Worm","floor":1.0,"turns":1.0},{"damage":0.0,"enemies":"2 Louse","floor":2.0,"turns":1.0},{"damage":0.0,"enemies":"Small Slimes","floor":3.0,"turns":1.0},{"damage":4,"enemies":"Red Slaver","floor":5,"turns":7},{"damage":39,"enemies":"Gremlin Nob","floor":6,"turns":5},{"damage":0,"enemies":"Large Slime","floor":7,"turns":7},{"damage":11,"enemies":"Looter","floor":10,"turns":4},{"damage":0,"enemies":"Lots of Slimes","floor":12,"turns":4},{"damage":0,"enemies":"Large Slime","floor":14,"turns":5},{"damage":41,"enemies":"Hexaghost","floor":16,"turns":9}],"seed_played":"5161686857634744229","potions_obtained":[{"floor":2.0,"key":"Block Potion"},{"floor":3.0,"key":"Block Potion"},{"floor":5,"key":"Explosive Potion"},{"floor":14,"key":"Regen Potion"}],"is_trial":false,"path_per_floor":["M","M","M","$","M","E","M","R","T","M","R","M","R","M","R","B"],"character_chosen":"THE_SILENT","items_purchased":["Deflect","Footwork"],"campfire_rested":1,"item_purchase_floors":[4,4],"current_hp_per_floor":[59,59,59,59,55,16,16,35,35,24,24,24,24,24,24,0],"gold":188,"neow_bonus":"THREE_ENEMY_KILL","is_prod":false,"is_daily":false,"chose_seed":false,"campfire_upgraded":3,"win_rate":0,"timestamp":1563352893,"path_taken":["M","M","M","$","M","E","M","R","T","M","R","M","R","M","R","BOSS"],"build_version":"2019-07-10","purchased_purges":0,"victory":false,"max_hp_per_floor":[66,66,66,66,66,66,66,66,66,66,66,66,66,66,66,66],"card_choices":[{"not_picked":["Prepared","Endless Agony"],"picked":"Flying Knee","floor":1.0},{"not_picked":["Acrobatics","Concentrate"],"picked":"Finisher","floor":2.0},{"not_picked":["Flying Knee","Bouncing Flask"],"picked":"Endless Agony","floor":3.0},{"not_picked":["Deadly Poison","Catalyst"],"picked":"Setup","floor":5},{"not_picked":["Riddle With Holes","Blur"],"picked":"Infinite Blades","floor":6},{"not_picked":["Footwork","Eviscerate"],"picked":"Cloak And Dagger","floor":7},{"not_picked":["Expertise","Setup"],"picked":"Quick Slash","floor":10},{"not_picked":["Prepared","Backflip"],"picked":"Dagger Spray","floor":12},{"not_picked":["Finisher","Dagger Spray"],"picked":"Venomology","floor":14}],"player_experience":3472304,"relics_obtained":[{"floor":6,"key":"Lantern"},{"floor":9,"key":"Tiny Chest"}],"event_choices":[],"is_beta":true,"boss_relics":[],"items_purged_floors":[],"is_endless":false,"potions_floor_spawned":[2,3,5,14],"killed_by":"Hexaghost","ascension_level":20}