{"gold_per_floor":[118,130,145,145,145,145,163,190,241,272,272,233,233,251,251,325,325,343,293,309,309,359,359,373,373,373,373],"floor_reached":27,"playtime":1057,"items_purged":[],"score":365,"play_id":"13749534-a938-4fd2-9dfc-68cfd38ed0ed","local_time":"20180710132441","is_ascension_mode":true,"campfire_choices":[{"data":"Neutralize","floor":6,"key":"SMITH"},{"floor":13,"key":"REST"},{"floor":15,"key":"REST"},{"floor":23,"key":"REST"},{"floor":25,"key":"REST"}],"neow_cost":"NONE","seed_source_timestamp":143643948590272,"circlet_count":0,"master_deck":["Defend_G","Defend_G","Defend_G","Defend_G","Strike_G","Strike_G","Strike_G","Survivor","Neutralize+1","AscendersBane","Quick Slash","Sucker Punch","Noxious Fumes","Tools of the Trade","Underhanded Strike","Finisher","Corpse Explosion","A Thousand Cuts+1","Infinite Blades+1","Backstab","Decay","Crippling Poison"],"relics":["Empty Cage","Frozen Egg 2","Lantern","Boot","Lizard Tail","SsserpentHead","Ninja Scroll"],"potions_floor_usage":[8,10,14,14],"damage_taken":[{"damage":0,"enemies":"Jaw Worm","floor":1,"turns":6},{"damage":1,"enemies":"Small Slimes","floor":2,"turns":4},{"damage":0,"enemies":"2 Louse","floor":3,"turns":3},{"damage":5,"enemies":"Large Slime","floor":7,"turns":6},{"damage":27,"enemies":"Lagavulin","floor":8,"turns":9},{"damage":21,"enemies":"Gremlin Nob","floor":10,"turns":5},{"damage":22,"enemies":"Gremlin Gang","floor":14,"turns":4},{"damage":22,"enemies":"Hexaghost","floor":16,"turns":11},{"damage":23,"enemies":"2 Thieves","floor":18,"turns":4},{"damage":26,"enemies":"Shell Parasite","floor":20,"turns":7},{"damage":22,"enemies":"Centurion and Healer","floor":24,"turns":4},{"damage":30,"enemies":"Slaver and Parasite","floor":27,"turns":5}],"seed_played":"-3150884005768740758","potions_obtained":[{"floor":2,"key":"GamblersBrew"},{"floor":8,"key":"LiquidBronze"},{"floor":10,"key":"Energy Potion"},{"floor":11,"key":"Regen Potion"},{"floor":16,"key":"Explosive Potion"}],"is_trial":false,"path_per_floor":["M","M","M","?","$","R","M","E","T","E","?","?","R","M","R","B",null,"M","?","M","?","?","R","M","R","T"],"character_chosen":"THE_SILENT","items_purchased":[],"campfire_rested":4,"item_purchase_floors":[],"current_hp_per_floor":[63,62,62,55,55,55,50,23,23,2,2,2,23,13,34,12,56,33,33,7,7,7,28,6,27,27,35],"gold":373,"neow_bonus":"BOSS_RELIC","is_prod":false,"is_daily":false,"chose_seed":false,"campfire_upgraded":1,"win_rate":0,"timestamp":1531254281,"path_taken":["M","M","M","?","$","R","M","E","T","E","?","?","R","?","R","BOSS","M","?","M","?","?","R","M","R","T","M"],"build_version":"2018-07-09","purchased_purges":0,"victory":false,"max_hp_per_floor":[70,70,70,70,70,70,70,70,70,70,70,70,70,70,70,70,70,70,70,70,70,70,70,70,70,70,70],"card_choices":[{"not_picked":["Deadly Poison","Acrobatics"],"picked":"Quick Slash","floor":1},{"not_picked":["Dodge and Roll","Distraction"],"picked":"Sucker Punch","floor":2},{"not_picked":["Dodge and Roll","Poisoned Stab"],"picked":"Noxious Fumes","floor":3},{"not_picked":["Endless Agony","Slice"],"picked":"Tools of the Trade","floor":7},{"not_picked":["Slice","Acrobatics"],"picked":"Underhanded Strike","floor":8},{"not_picked":["Sucker Punch","Crippling Poison"],"picked":"Finisher","floor":10},{"not_picked":["Acrobatics","Underhanded Strike"],"picked":"Corpse Explosion","floor":14},{"not_picked":["Glass Knife","Tools of the Trade+1"],"picked":"A Thousand Cuts+1","floor":16},{"not_picked":["Heel Hook","Well Laid Plans+1"],"picked":"Infinite Blades+1","floor":18},{"not_picked":["Quick Slash","Eviscerate"],"picked":"Backstab","floor":20},{"not_picked":["Deadly Poison+1","Acrobatics+1"],"picked":"Crippling Poison","floor":24}],"player_experience":763924,"relics_obtained":[{"floor":8,"key":"Frozen Egg 2"},{"floor":9,"key":"Lantern"},{"floor":10,"key":"Boot"},{"floor":26,"key":"Ninja Scroll"}],"event_choices":[{"event_name":"Golden Wing","player_choice":"Card Removal","floor":4,"damage_taken":0},{"event_name":"The Lab","player_choice":"Got Potions","floor":11,"damage_taken":0},{"event_name":"World of Goop","player_choice":"Left","floor":12,"damage_taken":0},{"event_name":"The Joust","player_choice":"Bet on Murderer","floor":19,"damage_taken":0},{"event_name":"FaceTrader","player_choice":"Trade","floor":21,"damage_taken":0},{"event_name":"Forgotten Altar","player_choice":"Smashed Altar","floor":22,"damage_taken":0}],"boss_relics":[{"not_picked":["Pandora\u0027s Box","Busted Crown"],"picked":"Lizard Tail"}],"items_purged_floors":[],"is_endless":false,"potions_floor_spawned":[2,8,10,16],"killed_by":"Slaver and Parasite","ascension_level":13}