{"gold_per_floor":[116,66,66,66,77,112,112,138,212,222,222,3,0,16,16,16],"floor_reached":16,"playtime":563,"items_purged":[],"score":153,"play_id":"732331f0-e2e0-464c-ae72-37ea9d06c2fa","local_time":"20190317194753","is_ascension_mode":true,"campfire_choices":[{"data":"Deflect","floor":7,"key":"SMITH"},{"floor":15,"key":"REST"}],"neow_cost":"NONE","seed_source_timestamp":24742833491779,"circlet_count":0,"master_deck":["Defend_G","Defend_G","Defend_G","Defend_G","Defend_G","Strike_G","Strike_G","Strike_G","Survivor","Neutralize+1","Deflect+1","Flechettes","Dodge and Roll","Caltrops","Dagger Spray","Backstab","Leg Sweep","Escape Plan"],"relics":["Ring of the Snake","NeowsBlessing","Lantern","Paper Crane","Gremlin Horn","Dream Catcher"],"potions_floor_usage":[8],"damage_taken":[{"damage":0,"enemies":"2 Louse","floor":1,"turns":1},{"damage":0,"enemies":"Jaw Worm","floor":5,"turns":1},{"damage":0,"enemies":"3 Sentries","floor":6,"turns":2},{"damage":66,"enemies":"Lagavulin","floor":8,"turns":16},{"damage":0,"enemies":"Cultist","floor":10,"turns":4},{"damage":0,"enemies":"Looter","floor":14,"turns":2},{"damage":42,"enemies":"Slime Boss","floor":16,"turns":9}],"seed_played":"4225857300321741784","potions_obtained":[{"floor":5,"key":"FairyPotion"},{"floor":6,"key":"Weak Potion"},{"floor":10,"key":"Weak Potion"}],"is_trial":false,"path_per_floor":["M","?","?","?","M","E","R","E","T","M","?","$","?","M","R","B"],"character_chosen":"THE_SILENT","items_purchased":["Dream Catcher","Backstab"],"campfire_rested":1,"item_purchase_floors":[12,12],"current_hp_per_floor":[70,70,75,75,75,75,75,9,9,9,2,2,2,2,24,0],"gold":16,"neow_bonus":"THREE_ENEMY_KILL","is_prod":false,"is_daily":false,"chose_seed":false,"campfire_upgraded":1,"win_rate":0,"timestamp":1552848473,"path_taken":["M","?","?","?","M","E","R","E","T","?","?","$","?","M","R","BOSS"],"build_version":"2019-03-15","purchased_purges":0,"victory":false,"max_hp_per_floor":[70,70,75,75,75,75,75,75,75,75,75,75,75,75,75,75],"card_choices":[{"not_picked":["Underhanded Strike","Poisoned Stab"],"picked":"Deflect","floor":1},{"not_picked":["Grand Finale","Underhanded Strike"],"picked":"Flechettes","floor":5},{"not_picked":["Backflip","Adrenaline"],"picked":"Dodge and Roll","floor":6},{"not_picked":["Finisher","Eviscerate"],"picked":"Caltrops","floor":8},{"not_picked":["Distraction","Dodge and Roll"],"picked":"Dagger Spray","floor":10},{"not_picked":["Prepared","Terror"],"picked":"Leg Sweep","floor":14},{"not_picked":["Dagger Throw","Deflect"],"picked":"Escape Plan","floor":15}],"player_experience":287311,"relics_obtained":[{"floor":6,"key":"Lantern"},{"floor":8,"key":"Paper Crane"},{"floor":9,"key":"Gremlin Horn"}],"event_choices":[{"cards_removed":["Strike_G"],"damage_healed":0,"gold_gain":0,"player_choice":"Card Removal","damage_taken":0,"max_hp_gain":0,"max_hp_loss":0,"event_name":"The Cleric","floor":2,"gold_loss":50},{"damage_healed":0,"gold_gain":0,"player_choice":"Donut","damage_taken":0,"max_hp_gain":5,"max_hp_loss":0,"event_name":"Big Fish","floor":3,"gold_loss":0},{"damage_healed":0,"gold_gain":0,"player_choice":"Upgraded","damage_taken":0,"max_hp_gain":0,"max_hp_loss":0,"event_name":"Upgrade Shrine","floor":4,"gold_loss":0,"cards_upgraded":["Neutralize"]},{"cards_removed":["Strike_G"],"damage_healed":0,"gold_gain":0,"player_choice":"Card Removal","damage_taken":7,"max_hp_gain":0,"max_hp_loss":0,"event_name":"Golden Wing","floor":11,"gold_loss":0},{"damage_healed":0,"gold_gain":0,"player_choice":"Left Gold","damage_taken":0,"max_hp_gain":0,"max_hp_loss":0,"event_name":"World of Goop","floor":13,"gold_loss":3}],"is_beta":true,"boss_relics":[],"items_purged_floors":[],"is_endless":false,"potions_floor_spawned":[5,6,10],"killed_by":"Slime Boss","ascension_level":3}