{"gold_per_floor":[116,5,19,19,19,19,52,52,97,172,199,212,11,21,21,97,97,112,132,55,55,27,27,41,71,71,81,111,111,31,51,51,127,127,140,156,56,70,87,87,114,114,114,141,155,155,167,183,183,183],"floor_reached":51,"playtime":2864,"items_purged":["Strike_R","Strike_R"],"score":1477,"play_id":"cd41541e-57bf-4d9f-99fb-7ec02b0ec561","local_time":"20190320222557","is_ascension_mode":true,"campfire_choices":[{"data":"Bash","floor":6,"key":"SMITH"},{"floor":15,"key":"REST"},{"data":"Spot Weakness","floor":23,"key":"SMITH"},{"floor":29,"key":"REST"},{"data":"Inflame","floor":32,"key":"SMITH"},{"floor":40,"key":"REST"},{"data":"Impervious","floor":42,"key":"SMITH"},{"data":"Armaments","floor":46,"key":"SMITH"},{"data":"Feel No Pain","floor":49,"key":"SMITH"}],"neow_cost":"NONE","seed_source_timestamp":291097434107858,"circlet_count":0,"master_deck":["AscendersBane","Strike_R","Strike_R","Strike_R","Defend_R","Defend_R","Defend_R","Defend_R","Bash+1","Inflame+1","Rampage","Havoc","Immolate","Corruption","Spot Weakness+1","Sword Boomerang","Impervious+1","Power Through","Clothesline+1","Entrench","Havoc+1","Ghostly Armor","Pommel Strike+1","Warcry+1","True Grit+1","Shrug It Off","Spot Weakness+1","Bludgeon","Armaments+1","Carnage+1","Feed","Havoc","Power Through","Flame Barrier+1","Seeing Red","Feel No Pain+1"],"relics":["Burning Blood","NeowsBlessing","Charon\u0027s Ashes","Ancient Tea Set","Happy Flower","Letter Opener","Snecko Eye","Blue Candle","Oddly Smooth Stone","Gremlin Horn","Sundial","Sozu","Magic Flower","War Paint","Darkstone Periapt"],"potions_floor_usage":[11,11,16,19,25,31,33],"damage_taken":[{"damage":0,"enemies":"Cultist","floor":1,"turns":1},{"damage":0,"enemies":"2 Louse","floor":3,"turns":2},{"damage":0,"enemies":"Gremlin Nob","floor":7,"turns":1},{"damage":15,"enemies":"3 Sentries","floor":11,"turns":5},{"damage":7,"enemies":"Jaw Worm","floor":12,"turns":2},{"damage":11,"enemies":"Exordium Thugs","floor":14,"turns":3},{"damage":36,"enemies":"Hexaghost","floor":16,"turns":8},{"damage":8,"enemies":"Chosen","floor":18,"turns":5},{"damage":5,"enemies":"2 Thieves","floor":19,"turns":3},{"damage":0,"enemies":"Snake Plant","floor":24,"turns":3},{"damage":20,"enemies":"Slavers","floor":25,"turns":3},{"damage":18,"enemies":"Snecko","floor":27,"turns":4},{"damage":1,"enemies":"Gremlin Leader","floor":28,"turns":4},{"damage":1,"enemies":"Cultist and Chosen","floor":31,"turns":5},{"damage":40,"enemies":"Champ","floor":33,"turns":8},{"damage":0,"enemies":"3 Darklings","floor":35,"turns":3},{"damage":5,"enemies":"Orb Walker","floor":36,"turns":3},{"damage":18,"enemies":"Sphere and 2 Shapes","floor":38,"turns":3},{"damage":16,"enemies":"Jaw Worm Horde","floor":39,"turns":2},{"damage":7,"enemies":"Reptomancer","floor":41,"turns":4},{"damage":33,"enemies":"Giant Head","floor":44,"turns":7},{"damage":0,"enemies":"3 Darklings","floor":45,"turns":3},{"damage":0,"enemies":"Maw","floor":47,"turns":5},{"damage":0,"enemies":"4 Shapes","floor":48,"turns":2},{"damage":61,"enemies":"Donu and Deca","floor":50,"turns":8}],"seed_played":"-3944500365214728110","potions_obtained":[{"floor":12,"key":"GamblersBrew"},{"floor":14,"key":"SkillPotion"},{"floor":16,"key":"Energy Potion"},{"floor":18,"key":"Block Potion"},{"floor":19,"key":"SkillPotion"},{"floor":27,"key":"Block Potion"}],"is_trial":false,"path_per_floor":["M","$","M","$","?","R","E","?","T","?","E","M","$","M","R","B",null,"M","M","$","?","$","R","M","E","T","M","E","R","$","M","R","B",null,"M","M","$","M","M","R","E","R","T","E","M","R","M","M","R","B",null],"character_chosen":"IRONCLAD","items_purchased":["Explosive Potion","Explosive Potion","Corruption","Spot Weakness","Entrench","Havoc","Shrug It Off","Strength Potion"],"campfire_rested":3,"item_purchase_floors":[2,2,13,13,20,22,30,30],"current_hp_per_floor":[74,74,75,75,75,75,75,57,57,46,37,36,36,31,53,23,62,60,61,61,61,61,61,67,53,53,41,46,68,68,73,73,39,66,72,73,73,61,51,73,72,72,72,53,62,62,71,78,78,26],"gold":183,"neow_bonus":"THREE_ENEMY_KILL","is_prod":false,"is_daily":false,"chose_seed":false,"campfire_upgraded":6,"win_rate":0,"timestamp":1553117157,"path_taken":["M","?","M","$","?","R","E","?","T","?","E","M","?","M","R","BOSS","M","?","$","?","$","R","?","E","T","M","E","R","?","M","R","BOSS","M","M","$","M","M","R","E","R","T","E","M","R","M","?","R","BOSS"],"build_version":"2019-03-15","purchased_purges":2,"victory":true,"max_hp_per_floor":[75,75,75,75,75,75,75,75,75,75,75,75,75,75,75,75,75,75,75,75,75,75,75,75,75,75,75,75,75,75,75,75,75,75,75,75,75,75,75,75,75,75,75,78,78,78,78,78,78,78],"card_choices":[{"not_picked":["Shrug It Off","Infernal Blade"],"picked":"Inflame","floor":1},{"not_picked":["Combust","Searing Blow"],"picked":"Rampage","floor":3},{"not_picked":["Bloodletting","Thunderclap"],"picked":"Havoc","floor":7},{"not_picked":["Twin Strike","Bloodletting"],"picked":"Immolate","floor":11},{"not_picked":["Thunderclap","Fire Breathing","Wild Strike"],"picked":"SKIP","floor":12},{"not_picked":["Dual Wield","Twin Strike"],"picked":"Sword Boomerang","floor":14},{"not_picked":["Barricade","Brutality"],"picked":"Impervious","floor":16},{"not_picked":["Iron Wave","Twin Strike+1"],"picked":"Power Through","floor":18},{"not_picked":["Havoc","Power Through"],"picked":"Clothesline+1","floor":19},{"not_picked":["Perfected Strike","Clothesline"],"picked":"Ghostly Armor","floor":24},{"not_picked":["Flex","Immolate"],"picked":"Pommel Strike+1","floor":25},{"not_picked":["Rupture","Metallicize"],"picked":"Warcry+1","floor":27},{"not_picked":["Brutality","Hemokinesis"],"picked":"True Grit","floor":28},{"not_picked":["Shrug It Off","Sword Boomerang"],"picked":"Spot Weakness+1","floor":31},{"not_picked":["Immolate","Brutality"],"picked":"Bludgeon","floor":33},{"not_picked":["Pommel Strike+1","Thunderclap"],"picked":"Armaments","floor":35},{"not_picked":["Thunderclap","Anger"],"picked":"Carnage+1","floor":36},{"not_picked":["Body Slam","Headbutt"],"picked":"Feed","floor":38},{"not_picked":["Iron Wave+1","Searing Blow","Pommel Strike"],"picked":"SKIP","floor":39},{"not_picked":["Headbutt","Perfected Strike"],"picked":"Havoc","floor":41},{"not_picked":["Flex","Pummel"],"picked":"Power Through","floor":44},{"not_picked":["Reckless Charge","Berserk"],"picked":"Flame Barrier+1","floor":45},{"not_picked":["Twin Strike","Iron Wave"],"picked":"Seeing Red","floor":47},{"not_picked":["Fire Breathing","Iron Wave"],"picked":"Feel No Pain","floor":48}],"player_experience":354400,"relics_obtained":[{"floor":7,"key":"Charon\u0027s Ashes"},{"floor":9,"key":"Happy Flower"},{"floor":11,"key":"Letter Opener"},{"floor":25,"key":"Oddly Smooth Stone"},{"floor":26,"key":"Gremlin Horn"},{"floor":28,"key":"Sundial"},{"floor":41,"key":"Magic Flower"},{"floor":43,"key":"War Paint"},{"floor":44,"key":"Darkstone Periapt"}],"event_choices":[{"damage_healed":0,"gold_gain":0,"player_choice":"Leave","damage_taken":0,"max_hp_gain":0,"max_hp_loss":0,"event_name":"The Cleric","floor":5,"gold_loss":0},{"damage_healed":0,"gold_gain":0,"player_choice":"Success","damage_taken":18,"relics_obtained":["Ancient Tea Set"],"max_hp_gain":0,"max_hp_loss":0,"event_name":"Scrap Ooze","floor":8,"gold_loss":0},{"damage_healed":0,"gold_gain":75,"player_choice":"Gather Gold","damage_taken":11,"max_hp_gain":0,"max_hp_loss":0,"event_name":"World of Goop","floor":10,"gold_loss":0},{"damage_healed":0,"gold_gain":0,"player_choice":"Gave Potion","damage_taken":0,"relics_obtained":["Blue Candle"],"max_hp_gain":0,"max_hp_loss":0,"event_name":"WeMeetAgain","floor":21,"gold_loss":0}],"is_beta":true,"boss_relics":[{"not_picked":["Fusion Hammer","Runic Pyramid"],"picked":"Snecko Eye"},{"not_picked":["Busted Crown","White Beast Statue"],"picked":"Sozu"}],"items_purged_floors":[13,37],"is_endless":false,"potions_floor_spawned":[7,12,14,16,18,19,27,36,38,41,44,47,48],"ascension_level":19}