{"gold_per_floor":[128,140,171,202,214,226,238,289,301,353,52,52,86,36,36,156,156,170,194,194,93,107,107,147,147,147,180,180,221,16,16,16,144,144,164,180,246,246,246,246,262,262],"floor_reached":42,"playtime":3512,"items_purged":["Strike_B","Strike_B","Strike_B","Strike_B"],"score":562,"play_id":"095e0f46-115a-458f-aeeb-995d7ec0bfc9","local_time":"20190421223917","is_ascension_mode":true,"campfire_choices":[{"data":"Zap","floor":6,"key":"SMITH"},{"data":"Conserve Battery","floor":12,"key":"SMITH"},{"floor":15,"key":"REST"},{"data":"Defragment","floor":23,"key":"SMITH"},{"data":"Barrage","floor":25,"key":"SMITH"},{"floor":28,"key":"REST"},{"floor":32,"key":"REST"},{"floor":40,"key":"REST"}],"neow_cost":"NONE","seed_source_timestamp":105053261025908,"circlet_count":0,"master_deck":["Defend_B","Defend_B","Defend_B","Defend_B","Zap+1","Dualcast","Barrage+1","Coolheaded","Go for the Eyes+1","Ball Lightning","Conserve Battery+1","Defragment+1","Hologram","Rainbow","Steam Power","Electrodynamics","Capacitor","Cold Snap","Rainbow","Hologram","Steam","Capacitor+1","Aggregate+1","Self Repair","Compile Driver","Reinforced Body+1","Seek","Turbo+1","Machine Learning","Master of Strategy","Capacitor+1"],"relics":["Cracked Core","MawBank","Golden Idol","Question Card","Smiling Mask","Gremlin Horn","Bronze Scales","Dream Catcher","Snecko Eye","Boot","Bottled Tornado","Bird Faced Urn","Orichalcum","DataDisk","Velvet Choker","Du-Vu Doll"],"potions_floor_usage":[10,13,24,29,41,42],"damage_taken":[{"damage":0,"enemies":"2 Louse","floor":1,"turns":2},{"damage":2,"enemies":"Jaw Worm","floor":3,"turns":4},{"damage":0,"enemies":"Cultist","floor":4,"turns":4},{"damage":27,"enemies":"3 Sentries","floor":8,"turns":8},{"damage":5,"enemies":"Gremlin Nob","floor":10,"turns":3},{"damage":7,"enemies":"Lagavulin","floor":13,"turns":4},{"damage":14,"enemies":"The Guardian","floor":16,"turns":10},{"damage":0,"enemies":"3 Byrds","floor":18,"turns":2},{"damage":17,"enemies":"2 Thieves","floor":19,"turns":3},{"damage":0,"enemies":"Centurion and Healer","floor":22,"turns":7},{"damage":6,"enemies":"Book of Stabbing","floor":24,"turns":7},{"damage":29,"enemies":"Slavers","floor":27,"turns":3},{"damage":9,"enemies":"Gremlin Leader","floor":29,"turns":5},{"damage":42,"enemies":"Automaton","floor":33,"turns":7},{"damage":7,"enemies":"3 Shapes","floor":35,"turns":5},{"damage":32,"enemies":"3 Darklings","floor":36,"turns":3},{"damage":36,"enemies":"2 Orb Walkers","floor":37,"turns":4},{"damage":7,"enemies":"Jaw Worm Horde","floor":41,"turns":2},{"damage":55,"enemies":"Reptomancer","floor":42,"turns":4}],"seed_played":"-6409857950763385361","potions_obtained":[{"floor":8,"key":"PowerPotion"},{"floor":10,"key":"PowerPotion"},{"floor":16,"key":"Dexterity Potion"},{"floor":18,"key":"Poison Potion"},{"floor":19,"key":"GamblersBrew"},{"floor":22,"key":"SpeedPotion"},{"floor":33,"key":"AttackPotion"},{"floor":36,"key":"Strength Potion"},{"floor":41,"key":"Block Potion"}],"is_trial":false,"path_per_floor":["M","?","M","M","?","R","?","E","T","E","$","R","E","$","R","B",null,"M","M","?","$","M","R","E","R","T","E","R","E","$","?","R","B",null,"M","M","?","?","?","R","M","E"],"character_chosen":"DEFECT","items_purchased":["Defragment","Bronze Scales","Hologram","Steam","DataDisk"],"campfire_rested":4,"item_purchase_floors":[11,11,11,21,30],"current_hp_per_floor":[75,75,73,73,55,55,55,28,28,23,23,23,16,16,38,24,75,75,58,58,58,58,58,52,52,52,23,45,44,44,44,66,32,75,74,47,15,15,15,37,34,0],"gold":262,"neow_bonus":"RANDOM_COMMON_RELIC","is_prod":false,"is_daily":false,"chose_seed":false,"campfire_upgraded":4,"win_rate":0,"timestamp":1555879157,"path_taken":["M","?","M","M","?","R","?","E","T","E","$","R","E","$","R","BOSS","M","M","?","?","M","R","E","R","T","E","R","E","$","?","R","BOSS","M","M","?","?","?","R","M","E"],"build_version":"2019-04-20","purchased_purges":4,"victory":false,"max_hp_per_floor":[75,75,75,75,75,75,75,75,75,75,75,75,75,75,75,75,75,75,75,75,75,75,75,75,75,75,75,75,75,75,75,75,75,75,75,75,75,75,75,75,75,75],"card_choices":[{"not_picked":["Compile Driver","Chill"],"picked":"Barrage","floor":1},{"not_picked":["Redo","Turbo"],"picked":"Coolheaded","floor":3},{"not_picked":["Rebound","Steam Power"],"picked":"Go for the Eyes","floor":4},{"not_picked":["Beam Cell","Sweeping Beam"],"picked":"Ball Lightning","floor":8},{"not_picked":["Reboot","Doom and Gloom","Melter"],"picked":"Conserve Battery","floor":10},{"not_picked":["Sunder","Chaos","Sweeping Beam"],"picked":"Rainbow","floor":13},{"not_picked":["Hologram","Scrape","Sweeping Beam"],"picked":"Steam Power","floor":15},{"not_picked":["Fission","Reboot","Buffer"],"picked":"Electrodynamics","floor":16},{"not_picked":["Sweeping Beam","Chill","Coolheaded"],"picked":"Capacitor","floor":18},{"not_picked":["Conserve Battery","Go for the Eyes","Rip and Tear"],"picked":"Cold Snap","floor":19},{"not_picked":["Redo+1","Storm","Sweeping Beam"],"picked":"Capacitor+1","floor":22},{"not_picked":["Chill","Hologram","Redo"],"picked":"Aggregate+1","floor":24},{"not_picked":["Stack+1","Auto Shields","Chill"],"picked":"Self Repair","floor":27},{"not_picked":["Gash+1","Rebound","Chaos"],"picked":"Compile Driver","floor":28},{"not_picked":["Double Energy","Ball Lightning","Stack","Blizzard"],"picked":"SKIP","floor":29},{"not_picked":["BootSequence","Capacitor","Compile Driver"],"picked":"Reinforced Body+1","floor":32},{"not_picked":["Rainbow","Electrodynamics","Reboot"],"picked":"Seek","floor":33},{"not_picked":["Ball Lightning+1","Aggregate","Gash+1","Capacitor"],"picked":"SKIP","floor":35},{"not_picked":["Stack","BootSequence+1","Compile Driver"],"picked":"Turbo+1","floor":36},{"not_picked":["Redo","Ball Lightning+1","Storm+1"],"picked":"Machine Learning","floor":37},{"not_picked":["Purity","Metamorphosis","Good Instincts"],"picked":"Master of Strategy","floor":38},{"not_picked":["BootSequence","Rip and Tear","Leap"],"picked":"Capacitor+1","floor":41}],"player_experience":479021,"relics_obtained":[{"floor":8,"key":"Question Card"},{"floor":9,"key":"Smiling Mask"},{"floor":10,"key":"Gremlin Horn"},{"floor":13,"key":"Dream Catcher"},{"floor":24,"key":"Boot"},{"floor":26,"key":"Bottled Tornado"},{"floor":27,"key":"Bird Faced Urn"},{"floor":29,"key":"Orichalcum"},{"floor":37,"key":"Du-Vu Doll"}],"event_choices":[{"damage_healed":0,"gold_gain":0,"player_choice":"Ignored","damage_taken":0,"max_hp_gain":0,"max_hp_loss":0,"event_name":"Liars Game","floor":2,"gold_loss":0},{"damage_healed":0,"gold_gain":0,"player_choice":"Take Damage","damage_taken":18,"relics_obtained":["Golden Idol"],"max_hp_gain":0,"max_hp_loss":0,"event_name":"Golden Idol","floor":5,"gold_loss":0},{"damage_healed":0,"gold_gain":0,"player_choice":"Grow","damage_taken":0,"max_hp_gain":0,"max_hp_loss":0,"event_name":"Living Wall","floor":7,"gold_loss":0,"cards_upgraded":["Go for the Eyes"]},{"damage_healed":0,"gold_gain":0,"player_choice":"2 cards matched","damage_taken":0,"max_hp_gain":0,"max_hp_loss":0,"event_name":"Match and Keep!","floor":20,"gold_loss":0,"cards_obtained":["Rainbow","Hologram"]},{"damage_healed":0,"gold_gain":0,"player_choice":"Ignored","damage_taken":0,"max_hp_gain":0,"max_hp_loss":0,"event_name":"The Mausoleum","floor":31,"gold_loss":0},{"damage_healed":0,"gold_gain":0,"player_choice":"Fight","damage_taken":0,"max_hp_gain":0,"max_hp_loss":0,"event_name":"Mysterious Sphere","floor":37,"gold_loss":0},{"damage_healed":0,"gold_gain":0,"player_choice":"Memory 1","damage_taken":0,"max_hp_gain":0,"max_hp_loss":0,"event_name":"SensoryStone","floor":38,"gold_loss":0},{"damage_healed":0,"gold_gain":0,"player_choice":"Ignored","damage_taken":0,"max_hp_gain":0,"max_hp_loss":0,"event_name":"Tomb of Lord Red Mask","floor":39,"gold_loss":0}],"is_beta":true,"boss_relics":[{"not_picked":["White Beast Statue","Lizard Tail"],"picked":"Snecko Eye"},{"not_picked":["Calling Bell","Runic Dome"],"picked":"Velvet Choker"}],"items_purged_floors":[11,14,21,30],"is_endless":false,"potions_floor_spawned":[8,10,16,18,19,22,33,36,41],"killed_by":"Reptomancer","ascension_level":4}