{"gold_per_floor":[116,128,108,119,139,139,152,185,212,212,212,237,237,162,162,258,258,272,283,31,31,51,51,78,78,101,101,201,217,236,161,161,161],"floor_reached":33,"playtime":2738,"items_purged":["Strike_B","Strike_B"],"score":398,"play_id":"08f0ba0f-6688-4984-8391-1fab94dea767","local_time":"20190524173106","is_ascension_mode":true,"campfire_choices":[{"data":"Darkness","floor":6.0,"key":"SMITH"},{"data":"Chaos","floor":11.0,"key":"SMITH"},{"data":"Darkness","floor":13.0,"key":"SMITH"},{"floor":15.0,"key":"REST"},{"data":"Glacier","floor":23,"key":"SMITH"},{"floor":25,"key":"REST"},{"data":"Capacitor","floor":27,"key":"SMITH"},{"floor":32,"key":"REST"}],"neow_cost":"NONE","seed_source_timestamp":109514538613462,"circlet_count":0,"master_deck":["AscendersBane","Defend_B+1","Defend_B+1","Defend_B","Defend_B","Zap","Dualcast","Darkness+1","Glacier+1","Rebound","Rainbow","BootSequence","Chaos+1","Darkness+1","Electrodynamics","Coolheaded","Skim+1","Writhe","Glacier","Capacitor+1","Reprogram+1"],"special_seed":0,"relics":["Cracked Core","Vajra","Juzu Bracelet","Odd Mushroom","Nuclear Battery","War Paint","Art of War","Strawberry","Smiling Mask"],"potions_floor_usage":[24,24,24,29],"damage_taken":[{"damage":0.0,"enemies":"Jaw Worm","floor":1.0,"turns":4.0},{"damage":0.0,"enemies":"Cultist","floor":2.0,"turns":3.0},{"damage":0.0,"enemies":"2 Louse","floor":4.0,"turns":3.0},{"damage":5.0,"enemies":"Lots of Slimes","floor":5.0,"turns":2.0},{"damage":6.0,"enemies":"Looter","floor":7.0,"turns":2.0},{"damage":10.0,"enemies":"3 Sentries","floor":8.0,"turns":6.0},{"damage":9.0,"enemies":"The Mushroom Lair","floor":12.0,"turns":6.0},{"damage":17.0,"enemies":"Slime Boss","floor":16.0,"turns":7.0},{"damage":7.0,"enemies":"3 Byrds","floor":18.0,"turns":4.0},{"damage":2.0,"enemies":"Chosen","floor":19.0,"turns":3.0},{"damage":7,"enemies":"Centurion and Healer","floor":22,"turns":5},{"damage":48,"enemies":"Gremlin Leader","floor":24,"turns":9},{"damage":20,"enemies":"Cultist and Chosen","floor":29,"turns":6},{"damage":0,"enemies":"Snecko","floor":30,"turns":5},{"damage":77,"enemies":"Champ","floor":33,"turns":12}],"seed_played":"-3742935812553972852","potions_obtained":[{"floor":1.0,"key":"SkillPotion"},{"floor":3.0,"key":"Explosive Potion"},{"floor":4.0,"key":"FearPotion"},{"floor":7.0,"key":"SkillPotion"},{"floor":19.0,"key":"LiquidBronze"},{"floor":22,"key":"Poison Potion"},{"floor":24,"key":"Regen Potion"},{"floor":30,"key":"Explosive Potion"}],"is_trial":false,"path_per_floor":["M","M","?","M","M","R","M","E","T","?","R","?","R","$","R","B",null,"M","M","$","?","M","R","E","R","T","R","?","M","M","?","R","B"],"character_chosen":"DEFECT","items_purchased":["War Paint"],"campfire_rested":3,"item_purchase_floors":[20],"current_hp_per_floor":[68,68,68,68,63,63,57,47,47,47,47,38,38,38,60,43,67,60,58,58,58,51,51,10,34,34,34,34,28,28,28,52,0],"gold":161,"neow_bonus":"THREE_CARDS","is_prod":false,"is_daily":false,"chose_seed":false,"campfire_upgraded":5,"win_rate":0,"timestamp":1558733466,"path_taken":["M","M","?","?","M","R","M","E","T","?","R","?","R","$","R","BOSS","M","M","$","?","M","R","E","R","T","R","?","M","M","?","R","BOSS"],"build_version":"2019-01-23","purchased_purges":2,"victory":false,"max_hp_per_floor":[75,75,75,75,75,75,75,75,75,75,75,75,75,75,75,75,75,75,75,75,75,75,75,82,82,82,82,82,82,82,82,82,82],"card_choices":[{"not_picked":["Recycle","Barrage"],"picked":"Darkness","floor":1.0},{"not_picked":["Steam Power","Leap"],"picked":"Glacier","floor":2.0},{"not_picked":["Gash","Streamline"],"picked":"Rebound","floor":4.0},{"not_picked":["Turbo","Double Energy"],"picked":"Rainbow","floor":5.0},{"not_picked":["Sweeping Beam","Consume"],"picked":"BootSequence","floor":7.0},{"not_picked":["Glacier","Go for the Eyes"],"picked":"Chaos","floor":8.0},{"not_picked":["BootSequence","Streamline"],"picked":"Darkness","floor":12.0},{"not_picked":["Amplify","Multi-Cast"],"picked":"Electrodynamics","floor":16.0},{"not_picked":["Go for the Eyes","Sweeping Beam"],"picked":"Coolheaded","floor":18.0},{"not_picked":["Streamline","Go for the Eyes"],"picked":"Skim+1","floor":19.0},{"not_picked":["Stack","Static Discharge+1"],"picked":"Glacier","floor":22},{"not_picked":["Hello World","Stack"],"picked":"Capacitor","floor":24},{"not_picked":["Turbo","Steam","Gash"],"picked":"SKIP","floor":29},{"not_picked":["Cold Snap","Scrape+1"],"picked":"Reprogram+1","floor":30}],"player_experience":558728,"relics_obtained":[{"floor":8.0,"key":"Vajra"},{"floor":9.0,"key":"Juzu Bracelet"},{"floor":12.0,"key":"Odd Mushroom"},{"floor":24,"key":"Strawberry"},{"floor":26,"key":"Smiling Mask"}],"event_choices":[{"damage_healed":0.0,"max_hp_gain":0.0,"max_hp_loss":0.0,"gold_gain":0.0,"event_name":"The Woman in Blue","player_choice":"Bought 1 Potion","floor":3.0,"gold_loss":0.0,"damage_taken":0.0},{"cards_removed":["Strike_B"],"damage_healed":0.0,"max_hp_gain":0.0,"max_hp_loss":0.0,"gold_gain":0.0,"event_name":"Purifier","player_choice":"Purged","floor":10.0,"gold_loss":0.0,"damage_taken":0.0},{"damage_healed":0.0,"max_hp_gain":0.0,"max_hp_loss":0.0,"gold_gain":0.0,"event_name":"Mushrooms","player_choice":"Fought Mushrooms","floor":12.0,"gold_loss":0.0,"damage_taken":0.0},{"damage_healed":0.0,"max_hp_gain":0.0,"max_hp_loss":0.0,"gold_gain":0.0,"event_name":"The Mausoleum","player_choice":"Opened","floor":21.0,"gold_loss":0.0,"damage_taken":0.0,"relics_obtained":["Art of War"],"cards_obtained":["Writhe"]},{"damage_healed":0,"gold_gain":100,"player_choice":"Pray","damage_taken":0,"max_hp_gain":0,"max_hp_loss":0,"event_name":"Golden Shrine","floor":28,"gold_loss":0},{"cards_removed":["Strike_B"],"damage_healed":0,"gold_gain":0,"player_choice":"Gave Gold","damage_taken":0,"max_hp_gain":0,"max_hp_loss":0,"event_name":"Beggar","floor":31,"gold_loss":75}],"is_beta":false,"boss_relics":[{"not_picked":["Black Star","Tiny House"],"picked":"Nuclear Battery"}],"items_purged_floors":[14,20],"is_endless":false,"potions_floor_spawned":[1,4,7,19,22,24,30],"killed_by":"Champ","ascension_level":10}