{"gold_per_floor":[115,132,145,145,158,192,192,467,467,40,53,85,85,97,97,194,194,206,218,235,249,249,281,381,381,408,421,439,454,536,564,564,669,669,679,206,206,225,32,63,163,13,40,75,75,75,106,122,122,122],"floor_reached":51,"playtime":6161,"items_purged":["Regret","Strike_P","Defend_P","Defend_P"],"score":1041,"play_id":"dcb757ed-92d7-4ecd-8881-b2993bf671fd","local_time":"20190912223554","is_ascension_mode":true,"campfire_choices":[{"data":"Vigilance","floor":7,"key":"SMITH"},{"data":"Crescendo","floor":13,"key":"SMITH"},{"floor":15,"key":"REST"},{"floor":25,"key":"REST"},{"floor":32,"key":"REST"},{"data":"Adaptation","floor":46,"key":"SMITH"},{"data":"CleanseEvil","floor":49,"key":"SMITH"}],"neow_cost":"NONE","seed_source_timestamp":537451618695549,"circlet_count":0,"master_deck":["Strike_P+1","Defend_P","Eruption","Vigilance+1","EmptyMind","WaveOfTheHand","Conclude","FearNoEvil","FlyingSleeves","Crescendo+1","CrushJoints","FearNoEvil+1","EmptyBody","Crescendo","EmptyFist+1","MentalFortress+1","CrushJoints+1","Protect","Protect+1","Establishment+1","DeusExMachina","EmptyBody+1","BattleHymn+1","Crescendo+1","CleanseEvil+1","Blasphemy","Dark Shackles","Adaptation+1","MentalFortress","WaveOfTheHand+1","WindmillStrike","Perseverance"],"relics":["PureWater","Centennial Puzzle","Akabeko","PreservedInsect","Shuriken","Velvet Choker","MutagenicStrength","Bronze Scales","Whetstone","Eternal Feather","Happy Flower","Astrolabe","Sling","Anchor","Prayer Wheel","Toy Ornithopter","Ancient Tea Set","Melange"],"potions_floor_usage":[2,5,6,11,12,16,31,33,50],"damage_taken":[{"damage":2,"enemies":"Cultist","floor":1,"turns":6},{"damage":5,"enemies":"Small Slimes","floor":2,"turns":4},{"damage":1,"enemies":"2 Louse","floor":3,"turns":2},{"damage":29,"enemies":"Gremlin Gang","floor":5,"turns":5},{"damage":0,"enemies":"Gremlin Nob","floor":6,"turns":2},{"damage":0,"enemies":"Lots of Slimes","floor":11,"turns":2},{"damage":10,"enemies":"Lagavulin","floor":12,"turns":5},{"damage":0,"enemies":"Exordium Wildlife","floor":14,"turns":2},{"damage":0,"enemies":"Slime Boss","floor":16,"turns":4},{"damage":24,"enemies":"3 Byrds","floor":18,"turns":3},{"damage":0,"enemies":"Spheric Guardian","floor":19,"turns":2},{"damage":1,"enemies":"Centurion and Healer","floor":20,"turns":3},{"damage":15,"enemies":"Shelled Parasite and Fungi","floor":21,"turns":4},{"damage":0,"enemies":"Gremlin Leader","floor":23,"turns":4},{"damage":12,"enemies":"Snecko","floor":27,"turns":4},{"damage":11,"enemies":"Snake Plant","floor":28,"turns":3},{"damage":0,"enemies":"Centurion and Healer","floor":29,"turns":2},{"damage":6,"enemies":"Slavers","floor":31,"turns":3},{"damage":20,"enemies":"Automaton","floor":33,"turns":8},{"damage":10,"enemies":"3 Shapes","floor":35,"turns":5},{"damage":1,"enemies":"3 Darklings","floor":38,"turns":5},{"damage":11,"enemies":"Giant Head","floor":40,"turns":5},{"damage":0,"enemies":"Mind Bloom Boss Battle","floor":41,"turns":4},{"damage":29,"enemies":"Nemesis","floor":44,"turns":5},{"damage":0,"enemies":"Giant Head","floor":47,"turns":4},{"damage":7,"enemies":"Transient","floor":48,"turns":5},{"damage":41,"enemies":"Awakened One","floor":50,"turns":10}],"seed_played":"-8291001602357158048","potions_obtained":[{"floor":1,"key":"Weak Potion"},{"floor":3,"key":"Weak Potion"},{"floor":5,"key":"Strength Potion"},{"floor":6,"key":"EssenceOfSteel"},{"floor":14,"key":"FearPotion"},{"floor":18,"key":"GamblersBrew"},{"floor":20,"key":"Dexterity Potion"},{"floor":35,"key":"Swift Potion"},{"floor":44,"key":"Block Potion"},{"floor":48,"key":"Swift Potion"}],"is_trial":false,"path_per_floor":["M","M","M","?","M","E","R","?","T","$","M","E","R","M","R","B",null,"M","M","M","M","?","E","?","R","T","M","M","M","T","E","R","B",null,"M","$","?","M","$","E","?","$","T","E","$","R","E","M","R","B",null],"character_chosen":"WATCHER","items_purchased":["PreservedInsect","Crescendo","CrushJoints","Weak Potion","StancePotion","Blasphemy","Dark Shackles","Sling","Adaptation"],"campfire_rested":3,"item_purchase_floors":[10,10,10,10,10,36,36,36,39],"current_hp_per_floor":[69,64,63,68,39,39,39,39,39,39,39,29,29,29,51,51,76,52,52,51,36,36,36,36,58,58,46,35,35,35,29,66,46,76,66,66,66,65,65,54,54,54,54,25,25,43,43,36,54,18],"gold":122,"neow_bonus":"TEN_PERCENT_HP_BONUS","is_prod":false,"is_daily":false,"chose_seed":false,"campfire_upgraded":4,"win_rate":0,"timestamp":1568320554,"path_taken":["M","M","?","?","M","E","R","?","T","$","M","E","R","?","R","BOSS","M","M","?","?","?","E","?","R","T","?","?","?","?","E","R","BOSS","M","$","?","M","$","E","?","$","T","E","?","R","E","M","R","BOSS"],"build_version":"2019-09-11v2","purchased_purges":4,"victory":true,"max_hp_per_floor":[71,71,71,76,76,76,76,76,76,76,76,76,76,76,76,76,76,76,76,76,76,76,76,76,76,76,76,76,76,76,76,76,76,76,76,76,72,72,72,72,72,72,72,72,72,72,72,72,72,72],"card_choices":[{"not_picked":["CarveReality","Conclude"],"picked":"EmptyMind","floor":1},{"not_picked":["Collect","ForeignInfluence"],"picked":"WaveOfTheHand","floor":2},{"not_picked":["EmptyMind","Establishment"],"picked":"Conclude","floor":3},{"not_picked":["EmptyBody","EmptyMind"],"picked":"FearNoEvil","floor":5},{"not_picked":["Devotion","FlowState"],"picked":"FlyingSleeves","floor":6},{"not_picked":["Halt","BowlingBash"],"picked":"FearNoEvil","floor":11},{"not_picked":["EmptyMind","TalkToTheHand"],"picked":"EmptyBody","floor":12},{"not_picked":["Tantrum","EmptyMind"],"picked":"Crescendo","floor":14},{"not_picked":["ClearTheMind","ThirdEye","Weave"],"picked":"SKIP","floor":18},{"not_picked":["Tantrum","BowlingBash"],"picked":"EmptyFist+1","floor":19},{"not_picked":["Swivel","WindmillStrike+1"],"picked":"MentalFortress+1","floor":20},{"not_picked":["EmptyBody","FlyingSleeves"],"picked":"CrushJoints+1","floor":21},{"not_picked":["DeusExMachina","EmptyBody"],"picked":"Protect","floor":23},{"not_picked":["Consecrate+1","Sanctity","Worship"],"picked":"SKIP","floor":27},{"not_picked":["Collect","FlurryOfBlows"],"picked":"Protect+1","floor":28},{"not_picked":["Crescendo","Halt","Prostrate"],"picked":"SKIP","floor":29},{"not_picked":["Consecrate","JustLucky+1"],"picked":"Establishment+1","floor":31},{"not_picked":["Unraveling","Wish"],"picked":"DeusExMachina","floor":33},{"not_picked":["EmptyFist+1","FollowUp+1"],"picked":"CleanseEvil","floor":35},{"not_picked":["Weave","ClearTheMind+1","FearNoEvil+1"],"picked":"SKIP","floor":38},{"not_picked":["FollowUp","Wish"],"picked":"MentalFortress","floor":40},{"not_picked":["ClearTheMind+1","Consecrate"],"picked":"WaveOfTheHand+1","floor":41},{"not_picked":["Evaluate","FearNoEvil"],"picked":"WindmillStrike","floor":44},{"not_picked":["Consecrate+1","Collect","Adaptation"],"picked":"SKIP","floor":47},{"not_picked":["FollowUp","CrushJoints+1"],"picked":"Perseverance","floor":48},{"not_picked":["Weave","Consecrate+1","CleanseEvil"],"picked":"SKIP","floor":48}],"player_experience":635556,"relics_obtained":[{"floor":6,"key":"Centennial Puzzle"},{"floor":9,"key":"Akabeko"},{"floor":12,"key":"Shuriken"},{"floor":23,"key":"Bronze Scales"},{"floor":26,"key":"Whetstone"},{"floor":30,"key":"Eternal Feather"},{"floor":31,"key":"Happy Flower"},{"floor":40,"key":"Anchor"},{"floor":41,"key":"Prayer Wheel"},{"floor":43,"key":"Toy Ornithopter"},{"floor":44,"key":"Ancient Tea Set"},{"floor":47,"key":"Melange"}],"event_choices":[{"damage_healed":0,"gold_gain":0,"player_choice":"Donut","damage_taken":0,"max_hp_gain":5,"max_hp_loss":0,"event_name":"Big Fish","floor":4,"gold_loss":0},{"damage_healed":0,"gold_gain":275,"player_choice":"Desecrate","damage_taken":0,"max_hp_gain":0,"max_hp_loss":0,"event_name":"Golden Shrine","floor":8,"gold_loss":0,"cards_obtained":["Regret"]},{"damage_healed":0,"gold_gain":0,"player_choice":"Inject Mutagens","damage_taken":0,"relics_obtained":["MutagenicStrength"],"max_hp_gain":0,"max_hp_loss":0,"event_name":"Drug Dealer","floor":22,"gold_loss":0},{"damage_healed":0,"gold_gain":100,"player_choice":"Pray","damage_taken":0,"max_hp_gain":0,"max_hp_loss":0,"event_name":"Golden Shrine","floor":24,"gold_loss":0},{"damage_healed":0,"gold_gain":0,"player_choice":"Max HP","damage_taken":0,"max_hp_gain":0,"max_hp_loss":4,"event_name":"Winding Halls","floor":37,"gold_loss":0},{"damage_healed":0,"gold_gain":0,"player_choice":"Fight","damage_taken":0,"max_hp_gain":0,"max_hp_loss":0,"event_name":"MindBloom","floor":41,"gold_loss":0}],"is_beta":true,"boss_relics":[{"not_picked":["Runic Dome","Philosopher\u0027s Stone"],"picked":"Velvet Choker"},{"not_picked":["Tiny House","Busted Crown"],"picked":"Astrolabe"}],"items_purged_floors":[10,36,39,42],"is_endless":false,"potions_floor_spawned":[1,3,5,6,14,18,20,23,29,35,44,48],"ascension_level":3}