{"gold_per_floor":[114,4,4,20,95,122,137,137,162,194,194,204,204,215,215,310,310,325,342,342,43,57,57,57],"floor_reached":24,"playtime":2976,"items_purged":["Strike_P+1"],"score":278,"play_id":"c3e6b54d-04b6-49b3-9735-46ee04d15347","local_time":"20190913215820","is_ascension_mode":true,"campfire_choices":[{"floor":8.0,"key":"REST"},{"data":"Conclude","floor":11.0,"key":"SMITH"},{"data":"Devotion","floor":13.0,"key":"SMITH"},{"data":"ThirdEye","floor":15.0,"key":"SMITH"},{"floor":23,"key":"REST"}],"neow_cost":"NONE","seed_source_timestamp":21785936653000,"circlet_count":0,"master_deck":["Strike_P+1","Strike_P+1","Strike_P+1","Defend_P+1","Defend_P+1","Defend_P+1","Defend_P+1","Eruption","Vigilance","Conclude+1","Adaptation","SandsOfTime","Devotion+1","Wireheading","EmptyMind","ThirdEye+1","Meditate","BattleHymn","InnerPeace","EmptyFist","Devotion+1","Crescendo"],"special_seed":0,"relics":["PureWater","MealTicket","Pen Nib","Omamori","Runic Pyramid","DollysMirror"],"potions_floor_usage":[22,24,24,24],"damage_taken":[{"damage":1.0,"enemies":"Jaw Worm","floor":1.0,"turns":5.0},{"damage":0.0,"enemies":"Small Slimes","floor":4.0,"turns":2.0},{"damage":12.0,"enemies":"3 Sentries","floor":6.0,"turns":4.0},{"damage":7.0,"enemies":"2 Louse","floor":7.0,"turns":3.0},{"damage":19.0,"enemies":"Lagavulin","floor":10.0,"turns":7.0},{"damage":6.0,"enemies":"Blue Slaver","floor":12.0,"turns":3.0},{"damage":13.0,"enemies":"Large Slime","floor":14.0,"turns":5.0},{"damage":11.0,"enemies":"Hexaghost","floor":16.0,"turns":8.0},{"damage":6,"enemies":"Shell Parasite","floor":18,"turns":7},{"damage":40,"enemies":"3 Byrds","floor":19,"turns":5},{"damage":22,"enemies":"Shelled Parasite and Fungi","floor":22,"turns":5},{"damage":26,"enemies":"Slavers","floor":24,"turns":1}],"seed_played":"-6443708900985059960","potions_obtained":[{"floor":0.0,"key":"SneckoOil"},{"floor":0.0,"key":"GamblersBrew"},{"floor":0.0,"key":"Strength Potion"},{"floor":10.0,"key":"Fire Potion"},{"floor":12.0,"key":"Ancient Potion"},{"floor":14.0,"key":"FearPotion"},{"floor":19,"key":"SkillPotion"},{"floor":22,"key":"Energy Potion"}],"is_trial":false,"path_per_floor":["M","$","?","M","?","E","M","R","T","E","R","M","R","M","R","B",null,"M","M","?","$","M","R","E"],"character_chosen":"WATCHER","items_purchased":["Adaptation","SandsOfTime","LiquidBronze","DollysMirror"],"campfire_rested":2,"item_purchase_floors":[2,2,21,21],"current_hp_per_floor":[58,58,63,63,52,40,33,54,54,35,35,29,29,16,16,5,54,48,8,8,23,1,22,0],"gold":57,"neow_bonus":"THREE_SMALL_POTIONS","is_prod":false,"is_daily":false,"chose_seed":false,"campfire_upgraded":3,"win_rate":0,"timestamp":1568404700,"path_taken":["M","$","?","M","?","E","M","R","T","E","R","M","R","M","R","BOSS","M","M","?","$","M","R","E"],"build_version":"2019-09-12","purchased_purges":1,"victory":false,"max_hp_per_floor":[65,65,70,70,70,70,70,70,70,70,70,70,70,70,70,70,70,70,70,70,70,70,70,70],"card_choices":[{"not_picked":["Establishment","BowlingBash"],"picked":"Conclude","floor":1.0},{"not_picked":["Vengeance","JustLucky"],"picked":"Devotion","floor":4.0},{"not_picked":["FollowUp","Halt"],"picked":"Wireheading","floor":6.0},{"not_picked":["EmptyFist","Alpha"],"picked":"EmptyMind","floor":7.0},{"not_picked":["BowlingBash","Clarity"],"picked":"ThirdEye","floor":10.0},{"not_picked":["Collect","Scrawl","Vengeance"],"picked":"SKIP","floor":12.0},{"not_picked":["ClearTheMind","Devotion"],"picked":"Meditate","floor":14.0},{"not_picked":["Judgement","Ragnarok"],"picked":"BattleHymn","floor":16.0},{"not_picked":["BowlingBash","Prostrate"],"picked":"InnerPeace","floor":18},{"not_picked":["FlyingSleeves","CrushJoints"],"picked":"EmptyFist","floor":19},{"not_picked":["ClearTheMind","Vengeance"],"picked":"Crescendo","floor":22}],"player_experience":661052,"relics_obtained":[{"floor":6.0,"key":"MealTicket"},{"floor":9.0,"key":"Pen Nib"},{"floor":10.0,"key":"Omamori"}],"event_choices":[{"damage_healed":0.0,"max_hp_gain":5.0,"max_hp_loss":0.0,"gold_gain":0.0,"event_name":"Big Fish","player_choice":"Donut","floor":3.0,"gold_loss":0.0,"damage_taken":0.0},{"damage_healed":0.0,"max_hp_gain":0.0,"max_hp_loss":0.0,"gold_gain":75.0,"event_name":"World of Goop","player_choice":"Gather Gold","floor":5.0,"gold_loss":0.0,"damage_taken":11.0},{"damage_healed":0,"gold_gain":0,"player_choice":"Simplicity","damage_taken":0,"max_hp_gain":0,"max_hp_loss":0,"event_name":"Back to Basics","floor":20,"gold_loss":0,"cards_upgraded":["Strike_P","Strike_P","Strike_P","Strike_P","Defend_P","Defend_P","Defend_P","Defend_P"]}],"is_beta":true,"boss_relics":[{"not_picked":["Ectoplasm","HolyWater"],"picked":"Runic Pyramid"}],"items_purged_floors":[21],"is_endless":false,"potions_floor_spawned":[10,12,14,19,22],"killed_by":"Slavers","ascension_level":7}