{"gold_per_floor":[116,116,128,128,142,175,188,201,201,201,232,232,265,283,283,381,381,392,409,409,409,422,422,449,449,449,462,462,462,491,501,501,605,605,620,639,639,686,705,705,805,835,859,859,879,879,879,0,0,0],"floor_reached":51,"playtime":4703,"items_purged":[],"score":813,"play_id":"e82afed8-d015-41c9-9482-a673753bd8f3","local_time":"20181226191126","is_ascension_mode":true,"campfire_choices":[{"data":"Rampage","floor":10,"key":"SMITH"},{"floor":12,"key":"REST"},{"data":"Evolve","floor":15,"key":"SMITH"},{"data":"Flame Barrier","floor":23,"key":"SMITH"},{"floor":25,"key":"REST"},{"data":"Ghostly","floor":29,"key":"SMITH"},{"data":"Ghostly","floor":32,"key":"SMITH"},{"data":"Ghostly","floor":40,"key":"SMITH"},{"floor":44,"key":"REST"},{"data":"Cleave","floor":46,"key":"SMITH"},{"data":"Ghostly","floor":49,"key":"SMITH"}],"neow_cost":"PERCENT_DAMAGE","seed_source_timestamp":0,"circlet_count":0,"master_deck":["Bash+1","Swift Strike","Good Instincts","Headbutt","Disarm","Warcry","Double Tap","Twin Strike+1","Rampage+1","Flame Barrier","Evolve+1","Wild Strike","Offering","Flame Barrier+1","Power Through","Twin Strike","Whirlwind","Double Tap","Corruption","Power Through+1","Cleave+1","Havoc+1","Warcry+1","Pummel+1","Ghostly+1","Ghostly+1","Ghostly+1","Ghostly","Ghostly+1","Pommel Strike+1","Whirlwind+1","Iron Wave+1","Feel No Pain+1","Armaments+1"],"special_seed":0,"relics":["Burning Blood","Self Forming Clay","Juzu Bracelet","Anchor","Matryoshka","Shuriken","Pandora\u0027s Box","Nilry\u0027s Codex","Blood Vial","Lantern","Molten Egg 2","Gremlin Horn","Empty Cage","Ice Cream","Unceasing Top","Whetstone","Toxic Egg 2","Red Skull","Pantograph","Red Mask"],"potions_floor_usage":[11,11,13,16,24,27,33,33,42,42,50,50],"damage_taken":[{"damage":2.0,"enemies":"Jaw Worm","floor":1.0,"turns":5.0},{"damage":0.0,"enemies":"Small Slimes","floor":3.0,"turns":3.0},{"damage":2.0,"enemies":"2 Louse","floor":5.0,"turns":2.0},{"damage":28.0,"enemies":"Gremlin Nob","floor":6.0,"turns":5.0},{"damage":9.0,"enemies":"Blue Slaver","floor":7.0,"turns":4.0},{"damage":8.0,"enemies":"3 Louse","floor":8.0,"turns":3.0},{"damage":18,"enemies":"Lagavulin","floor":11,"turns":5},{"damage":5,"enemies":"3 Sentries","floor":13,"turns":6},{"damage":1,"enemies":"Looter","floor":14,"turns":3},{"damage":41,"enemies":"The Guardian","floor":16,"turns":12},{"damage":0,"enemies":"Chosen","floor":18,"turns":4},{"damage":11,"enemies":"Spheric Guardian","floor":19,"turns":4},{"damage":26,"enemies":"Centurion and Healer","floor":22,"turns":6},{"damage":44,"enemies":"Slavers","floor":24,"turns":8},{"damage":23,"enemies":"Sentry and Sphere","floor":27,"turns":6},{"damage":8,"enemies":"Gremlin Leader","floor":30,"turns":7},{"damage":7,"enemies":"Cultist and Chosen","floor":31,"turns":4},{"damage":30,"enemies":"Collector","floor":33,"turns":11},{"damage":2,"enemies":"3 Darklings","floor":35,"turns":5},{"damage":4,"enemies":"Orb Walker","floor":36,"turns":4},{"damage":24,"enemies":"2 Orb Walkers","floor":38,"turns":7},{"damage":10,"enemies":"Sphere and 2 Shapes","floor":39,"turns":4},{"damage":7,"enemies":"Mind Bloom Boss Battle","floor":41,"turns":8},{"damage":18,"enemies":"Giant Head","floor":42,"turns":8},{"damage":15,"enemies":"4 Shapes","floor":45,"turns":3},{"damage":39,"enemies":"Awakened One","floor":50,"turns":10}],"seed_played":"404444272464897624","potions_obtained":[{"floor":1.0,"key":"FairyPotion"},{"floor":7.0,"key":"LiquidBronze"},{"floor":8.0,"key":"Swift Potion"},{"floor":11,"key":"LiquidBronze"},{"floor":13,"key":"Swift Potion"},{"floor":18,"key":"Strength Potion"},{"floor":22,"key":"SkillPotion"},{"floor":24,"key":"BloodPotion"},{"floor":27,"key":"Poison Potion"},{"floor":38,"key":"Energy Potion"},{"floor":39,"key":"SkillPotion"},{"floor":41,"key":"BloodPotion"},{"floor":42,"key":"Swift Potion"}],"is_trial":false,"path_per_floor":["M","?","M","?","M","E","M","M","T","R","E","R","E","M","R","B",null,"M","M","?","?","M","R","E","R","T","M","?","R","E","M","R","B",null,"M","M","?","?","M","R","?","E","T","R","M","R","T","?","R","B",null],"character_chosen":"IRONCLAD","items_purchased":[],"campfire_rested":3,"item_purchase_floors":[],"current_hp_per_floor":[60,60,66,59,63,41,38,36,36,36,24,48,49,54,54,19,80,80,75,59,59,39,39,14,38,38,31,31,31,31,32,32,10,40,40,40,40,22,20,20,21,11,11,23,16,16,16,16,16,11],"gold":0,"neow_bonus":"RANDOM_COLORLESS_2","is_prod":false,"is_daily":false,"chose_seed":false,"campfire_upgraded":8,"win_rate":0,"timestamp":1545869486,"path_taken":["M","?","M","?","M","E","M","M","T","R","E","R","E","M","R","BOSS","M","M","?","?","M","R","E","R","T","M","?","R","E","M","R","BOSS","M","M","?","?","M","R","?","E","T","R","M","R","?","?","R","BOSS"],"build_version":"2018-12-20","purchased_purges":0,"victory":true,"max_hp_per_floor":[80,80,80,80,80,80,80,80,80,80,80,80,80,80,80,80,80,80,80,80,80,80,80,80,80,80,80,40,40,40,40,40,40,40,40,40,40,40,40,40,40,40,40,40,40,40,40,40,40,40],"card_choices":[{"not_picked":["Heavy Blade","Warcry"],"picked":"Headbutt","floor":1.0},{"not_picked":["Reckless Charge","Sword Boomerang"],"picked":"Disarm","floor":3.0},{"not_picked":["Wild Strike","Sever Soul"],"picked":"Warcry","floor":5.0},{"not_picked":["Anger","Uppercut"],"picked":"Double Tap","floor":6.0},{"not_picked":["Anger","Heavy Blade"],"picked":"Twin Strike","floor":7.0},{"not_picked":["Twin Strike","Uppercut"],"picked":"Rampage","floor":8.0},{"not_picked":["Barricade","Bloodletting"],"picked":"Flame Barrier","floor":11},{"not_picked":["Thunderclap","Inflame"],"picked":"Evolve","floor":13},{"not_picked":["Flex","True Grit"],"picked":"Wild Strike","floor":14},{"not_picked":["Berserk","Bludgeon"],"picked":"Offering","floor":16},{"not_picked":["Fire Breathing+1","Rupture"],"picked":"Power Through+1","floor":18},{"not_picked":["Ghostly Armor","Thunderclap"],"picked":"Cleave","floor":19},{"not_picked":["Warcry","Perfected Strike"],"picked":"Havoc+1","floor":22},{"not_picked":["Infernal Blade","Intimidate"],"picked":"Warcry+1","floor":24},{"not_picked":["True Grit+1","Anger+1"],"picked":"Pummel+1","floor":27},{"not_picked":["Barricade","Wild Strike+1"],"picked":"Pommel Strike+1","floor":30},{"not_picked":["Twin Strike+1","Flex","Heavy Blade+1"],"picked":"SKIP","floor":31},{"not_picked":["Juggernaut","Brutality"],"picked":"Immolate+1","floor":33},{"not_picked":["Wild Strike+1","Clothesline+1","Clash+1"],"picked":"SKIP","floor":35},{"not_picked":["Evolve","Clothesline+1"],"picked":"Whirlwind+1","floor":36},{"not_picked":["Headbutt+1","Clothesline+1","Havoc"],"picked":"SKIP","floor":39},{"not_picked":["Headbutt+1","Heavy Blade+1"],"picked":"Iron Wave+1","floor":41},{"not_picked":["Clash+1","Thunderclap+1"],"picked":"Feel No Pain+1","floor":42},{"not_picked":["Wild Strike+1","Entrench+1"],"picked":"Armaments+1","floor":45}],"player_experience":195762,"relics_obtained":[{"floor":6.0,"key":"Juzu Bracelet"},{"floor":9,"key":"Anchor"},{"floor":11,"key":"Matryoshka"},{"floor":13,"key":"Shuriken"},{"floor":20,"key":"Nilry\u0027s Codex"},{"floor":24,"key":"Blood Vial"},{"floor":26,"key":"Lantern"},{"floor":26,"key":"Molten Egg 2"},{"floor":30,"key":"Gremlin Horn"},{"floor":38,"key":"Ice Cream"},{"floor":41,"key":"Unceasing Top"},{"floor":42,"key":"Whetstone"},{"floor":43,"key":"Toxic Egg 2"},{"floor":43,"key":"Red Skull"},{"floor":47,"key":"Pantograph"}],"event_choices":[{"damage_healed":0.0,"max_hp_gain":0.0,"max_hp_loss":0.0,"gold_gain":0.0,"cards_transformed":["Strike_R"],"event_name":"Living Wall","player_choice":"Change","floor":2.0,"gold_loss":0.0,"damage_taken":0.0,"cards_obtained":["Searing Blow"]},{"damage_healed":0.0,"max_hp_gain":0.0,"max_hp_loss":0.0,"gold_gain":0.0,"event_name":"Scrap Ooze","player_choice":"Success","floor":4.0,"gold_loss":0.0,"damage_taken":7.0,"relics_obtained":["Self Forming Clay"]},{"damage_healed":0,"gold_gain":0,"player_choice":"Obtained Book","damage_taken":16,"max_hp_gain":0,"max_hp_loss":0,"event_name":"Cursed Tome","floor":20,"gold_loss":0},{"cards_removed":["Searing Blow"],"damage_healed":0,"gold_gain":0,"player_choice":"Elegance","damage_taken":0,"max_hp_gain":0,"max_hp_loss":0,"event_name":"Back to Basics","floor":21,"gold_loss":0},{"damage_healed":0,"gold_gain":0,"player_choice":"Became a Ghost","damage_taken":0,"max_hp_gain":0,"max_hp_loss":40,"event_name":"Ghosts","floor":28,"gold_loss":0,"cards_obtained":["Ghostly","Ghostly","Ghostly","Ghostly","Ghostly"]},{"cards_removed":["Immolate"],"damage_healed":0,"gold_gain":0,"player_choice":"Removed Attack","damage_taken":0,"max_hp_gain":0,"max_hp_loss":0,"event_name":"Falling","floor":37,"gold_loss":0},{"damage_healed":0,"gold_gain":0,"player_choice":"Fight","damage_taken":0,"max_hp_gain":0,"max_hp_loss":0,"event_name":"Mysterious Sphere","floor":38,"gold_loss":0},{"damage_healed":0,"gold_gain":0,"player_choice":"Fight","damage_taken":0,"max_hp_gain":0,"max_hp_loss":0,"event_name":"MindBloom","floor":41,"gold_loss":0},{"damage_healed":0,"gold_gain":0,"player_choice":"Paid","damage_taken":0,"relics_obtained":["Red Mask"],"max_hp_gain":0,"max_hp_loss":0,"event_name":"Tomb of Lord Red Mask","floor":48,"gold_loss":879}],"is_beta":false,"boss_relics":[{"not_picked":["Fusion Hammer","Astrolabe"],"picked":"Pandora\u0027s Box"},{"not_picked":["Cursed Key","Busted Crown"],"picked":"Empty Cage"}],"items_purged_floors":[],"is_endless":false,"potions_floor_spawned":[1,7,8,11,13,18,22,24,27,38,39,41,42],"ascension_level":3}