{"gold_per_floor":[110,129,142,153,153,182,182,207,207,207,207],"floor_reached":11,"playtime":430,"items_purged":[],"score":166,"play_id":"373d7115-27fc-4120-b6ff-051c624ab29e","local_time":"20181218150731","is_ascension_mode":true,"campfire_choices":[{"floor":7,"key":"REST"},{"data":"Go for the Eyes","floor":10,"key":"SMITH"}],"neow_cost":"NONE","seed_source_timestamp":7650206534776389,"circlet_count":0,"master_deck":["AscendersBane","Strike_B","Strike_B","Strike_B","Strike_B","Defend_B","Defend_B","Defend_B","Defend_B","Zap+1","Dualcast","Compile Driver","Go for the Eyes+1","Gash","Glacier","Decay","Echo Form"],"relics":["Cracked Core","Incense Burner","Emotion Chip","Bottled Tornado"],"potions_floor_usage":[6,6],"damage_taken":[{"damage":7,"enemies":"Jaw Worm","floor":1,"turns":3},{"damage":1,"enemies":"Cultist","floor":2,"turns":3},{"damage":0,"enemies":"Small Slimes","floor":3,"turns":3},{"damage":0,"enemies":"2 Fungi Beasts","floor":4,"turns":3},{"damage":36,"enemies":"Gremlin Nob","floor":6,"turns":5},{"damage":17,"enemies":"Lagavulin","floor":8,"turns":9},{"damage":34,"enemies":"Gremlin Nob","floor":11,"turns":4}],"seed_played":"8994575016565943975","potions_obtained":[{"floor":1,"key":"Energy Potion"},{"floor":6,"key":"Fruit Juice"}],"is_trial":false,"path_per_floor":["M","M","M","M","?","E","R","E","T","R","E"],"character_chosen":"DEFECT","items_purchased":[],"campfire_rested":1,"item_purchase_floors":[],"current_hp_per_floor":[57,56,56,56,56,25,47,30,30,30,0],"gold":207,"neow_bonus":"UPGRADE_CARD","is_prod":false,"is_daily":false,"chose_seed":false,"campfire_upgraded":1,"win_rate":0,"timestamp":1545174451,"path_taken":["M","M","M","M","?","E","R","E","T","R","E"],"build_version":"2018-12-17","purchased_purges":0,"victory":false,"max_hp_per_floor":[71,71,71,71,71,76,76,76,76,76,76],"card_choices":[{"not_picked":["Reinforced Body","Redo"],"picked":"Compile Driver","floor":1},{"not_picked":["Leap","Melter"],"picked":"Go for the Eyes","floor":2},{"not_picked":["Streamline","Hello World"],"picked":"Gash","floor":3},{"not_picked":["Storm","Streamline"],"picked":"Glacier","floor":4},{"not_picked":["Steam Power","Blizzard"],"picked":"Echo Form","floor":6},{"not_picked":["Auto Shields","Redo","Stack"],"picked":"SKIP","floor":8}],"player_experience":1108015,"relics_obtained":[{"floor":6,"key":"Incense Burner"},{"floor":8,"key":"Emotion Chip"},{"floor":9,"key":"Bottled Tornado"}],"event_choices":[{"damage_healed":0,"gold_gain":0,"player_choice":"Cursed","damage_taken":0,"max_hp_gain":0,"max_hp_loss":0,"event_name":"Wheel of Change","floor":5,"gold_loss":0,"cards_obtained":["Decay"]}],"is_beta":true,"boss_relics":[],"items_purged_floors":[],"is_endless":false,"potions_floor_spawned":[1,6],"killed_by":"Gremlin Nob","ascension_level":20}