{"gold_per_floor":[115,129,129,129,40,67,67,77,148,148,163,189,189,205,205,205],"floor_reached":16,"playtime":412,"items_purged":[],"score":270,"play_id":"f1277a52-5355-49ea-8fcb-79bb9d380a26","local_time":"20181224162337","is_ascension_mode":true,"campfire_choices":[{"data":"Zap","floor":7.0,"key":"SMITH"},{"data":"Dualcast","floor":10.0,"key":"SMITH"},{"data":"Electrodynamics","floor":13,"key":"SMITH"},{"data":"Coolheaded","floor":15,"key":"SMITH"}],"neow_cost":"NONE","seed_source_timestamp":0,"circlet_count":0,"master_deck":["AscendersBane","Strike_B","Strike_B","Strike_B","Strike_B","Defend_B","Defend_B","Defend_B","Defend_B","Zap+1","Dualcast+1","Compile Driver","Go for the Eyes+1","Self Repair","Leap","Cold Snap","Ball Lightning","Electrodynamics+1","Coolheaded+1"],"special_seed":0,"relics":["Cracked Core","NeowsBlessing","Art of War","Matryoshka","Bird Faced Urn"],"potions_floor_usage":[16],"damage_taken":[{"damage":0.0,"enemies":"2 Louse","floor":1.0,"turns":1.0},{"damage":0.0,"enemies":"Cultist","floor":2.0,"turns":1.0},{"damage":0.0,"enemies":"Gremlin Nob","floor":6.0,"turns":1.0},{"damage":14.0,"enemies":"Small Slimes","floor":8.0,"turns":3.0},{"damage":0.0,"enemies":"2 Fungi Beasts","floor":11.0,"turns":2.0},{"damage":16,"enemies":"Lagavulin","floor":12,"turns":6},{"damage":2,"enemies":"Exordium Wildlife","floor":14,"turns":2},{"damage":54,"enemies":"Hexaghost","floor":16,"turns":9}],"seed_played":"-2508884635375270043","potions_obtained":[{"floor":2.0,"key":"SmokeBomb"},{"floor":11.0,"key":"Explosive Potion"}],"is_trial":false,"path_per_floor":["M","M","$","?","$","E","R","M","T","R","M","E","R","M","R","B"],"character_chosen":"DEFECT","items_purchased":["Self Repair"],"campfire_rested":0,"item_purchase_floors":[5],"current_hp_per_floor":[64,64,64,64,64,64,64,50,50,50,50,41,41,50,50,0],"gold":205,"neow_bonus":"THREE_ENEMY_KILL","is_prod":false,"is_daily":false,"chose_seed":false,"campfire_upgraded":4,"win_rate":0,"timestamp":1545697417,"path_taken":["M","M","$","?","$","E","R","M","T","R","M","E","R","M","R","BOSS"],"build_version":"2018-12-20","purchased_purges":0,"victory":false,"max_hp_per_floor":[71,71,71,71,71,71,71,71,71,71,71,71,71,71,71,71],"card_choices":[{"not_picked":["Turbo","Barrage"],"picked":"Compile Driver","floor":1.0},{"not_picked":["Consume","Turbo"],"picked":"Go for the Eyes","floor":2.0},{"not_picked":["Compile Driver","Blizzard"],"picked":"Leap","floor":6.0},{"not_picked":["Meteor Strike","Conserve Battery"],"picked":"Cold Snap","floor":8.0},{"not_picked":["Chill","Barrage"],"picked":"Ball Lightning","floor":11.0},{"not_picked":["Chaos","Gash"],"picked":"Electrodynamics","floor":12},{"not_picked":["Barrage","Compile Driver"],"picked":"Coolheaded","floor":14}],"player_experience":1131908,"relics_obtained":[{"floor":6.0,"key":"Art of War"},{"floor":9.0,"key":"Matryoshka"},{"floor":12,"key":"Bird Faced Urn"}],"event_choices":[{"damage_healed":0.0,"max_hp_gain":0.0,"max_hp_loss":0.0,"gold_gain":0.0,"event_name":"Upgrade Shrine","player_choice":"Upgraded","floor":4.0,"gold_loss":0.0,"damage_taken":0.0,"cards_upgraded":["Go for the Eyes"]}],"is_beta":true,"boss_relics":[],"items_purged_floors":[],"is_endless":false,"potions_floor_spawned":[2,11,12],"killed_by":"Hexaghost","ascension_level":20}