{"gold_per_floor":[110,124,140,140,153,178,178,209,209,244,244,5,21,37,37,136,136,155,173,173,173,173,173],"floor_reached":23,"playtime":2079,"items_purged":["Strike_B"],"score":430,"play_id":"3b536a5e-04a5-4e3d-8271-78899141f6e2","local_time":"20190515231803","is_ascension_mode":true,"campfire_choices":[{"data":"Barrage","floor":7,"key":"SMITH"},{"floor":15,"key":"REST"}],"neow_cost":"NONE","seed_source_timestamp":287834182526050,"circlet_count":0,"master_deck":["AscendersBane","Strike_B","Strike_B","Strike_B","Defend_B","Defend_B","Defend_B","Defend_B","Zap+1","Dualcast","Conserve Battery","Barrage+1","White Noise","Consume","Chill","Hyperbeam+1","Apotheosis","Rebound+1","Ball Lightning","Defragment","Writhe"],"relics":["Cracked Core","NeowsBlessing","Pear","Singing Bowl","Gremlin Horn","Bottled Flame","Fusion Hammer","Darkstone Periapt"],"potions_floor_usage":[6,16,18],"damage_taken":[{"damage":0,"enemies":"Cultist","floor":1,"turns":1},{"damage":0,"enemies":"Small Slimes","floor":2,"turns":1},{"damage":0,"enemies":"Jaw Worm","floor":3,"turns":1},{"damage":3,"enemies":"Large Slime","floor":5,"turns":5},{"damage":23,"enemies":"Gremlin Nob","floor":6,"turns":4},{"damage":30,"enemies":"Lagavulin","floor":8,"turns":5},{"damage":11,"enemies":"Gremlin Nob","floor":10,"turns":4},{"damage":0,"enemies":"2 Fungi Beasts","floor":13,"turns":1},{"damage":0,"enemies":"Lots of Slimes","floor":14,"turns":1},{"damage":0,"enemies":"Slime Boss","floor":16,"turns":8},{"damage":8,"enemies":"3 Byrds","floor":18,"turns":5},{"damage":26,"enemies":"Shell Parasite","floor":19,"turns":5},{"damage":55,"enemies":"Book of Stabbing","floor":23,"turns":5}],"seed_played":"8725124598949130675","potions_obtained":[{"floor":2,"key":"Block Potion"},{"floor":10,"key":"SkillPotion"},{"floor":14,"key":"PowerPotion"}],"is_trial":false,"path_per_floor":["M","M","M","?","M","E","R","E","T","E","?","$","M","M","R","B",null,"M","M","?","?","?","E"],"character_chosen":"DEFECT","items_purchased":["Apotheosis"],"campfire_rested":1,"item_purchase_floors":[12],"current_hp_per_floor":[68,68,68,68,65,52,52,22,22,11,11,11,13,15,41,43,79,71,45,45,51,51,0],"gold":173,"neow_bonus":"THREE_ENEMY_KILL","is_prod":false,"is_daily":false,"chose_seed":false,"campfire_upgraded":1,"win_rate":0,"timestamp":1557955083,"path_taken":["M","?","M","?","M","E","R","E","T","E","?","$","M","M","R","BOSS","M","M","?","?","?","E"],"build_version":"2019-05-07","purchased_purges":1,"victory":false,"max_hp_per_floor":[75,75,75,75,75,85,85,85,85,85,85,85,87,89,89,91,91,91,91,91,97,97,97],"card_choices":[{"not_picked":["Leap","Steam"],"picked":"Conserve Battery","floor":1},{"not_picked":["Steam","Coolheaded"],"picked":"Barrage","floor":2},{"not_picked":["Hello World","Blizzard"],"picked":"White Noise","floor":3},{"not_picked":["BootSequence","Turbo","Leap"],"picked":"SKIP","floor":5},{"not_picked":["Gash","Rebound"],"picked":"Consume","floor":6},{"not_picked":["Stack","Steam"],"picked":"Chill","floor":8},{"not_picked":["Turbo","Sweeping Beam"],"picked":"Hyperbeam","floor":10},{"not_picked":["Streamline","Coolheaded","Gash"],"picked":"Singing Bowl","floor":13},{"not_picked":["Steam Power","Beam Cell","Gash"],"picked":"Singing Bowl","floor":14},{"not_picked":["Meteor Strike","Fission","Thunder Strike"],"picked":"Singing Bowl","floor":16},{"not_picked":["Conserve Battery+1","Steam"],"picked":"Rebound+1","floor":18},{"not_picked":["Rebound+1","Self Repair"],"picked":"Ball Lightning","floor":19}],"player_experience":595888,"relics_obtained":[{"floor":6,"key":"Pear"},{"floor":8,"key":"Singing Bowl"},{"floor":9,"key":"Gremlin Horn"},{"floor":10,"key":"Bottled Flame"}],"event_choices":[{"damage_healed":0,"gold_gain":0,"player_choice":"Grow","damage_taken":0,"max_hp_gain":0,"max_hp_loss":0,"event_name":"Living Wall","floor":4,"gold_loss":0,"cards_upgraded":["Zap"]},{"damage_healed":0,"gold_gain":0,"player_choice":"Fled","damage_taken":0,"max_hp_gain":0,"max_hp_loss":0,"event_name":"Scrap Ooze","floor":11,"gold_loss":0},{"damage_healed":0,"gold_gain":0,"player_choice":"Read","damage_taken":0,"max_hp_gain":0,"max_hp_loss":0,"event_name":"The Library","floor":20,"gold_loss":0,"cards_obtained":["Defragment"]},{"damage_healed":0,"gold_gain":0,"player_choice":"Opened","damage_taken":0,"relics_obtained":["Darkstone Periapt"],"max_hp_gain":0,"max_hp_loss":0,"event_name":"The Mausoleum","floor":21,"gold_loss":0,"cards_obtained":["Writhe"]},{"damage_healed":0,"gold_gain":0,"player_choice":"Upgraded","damage_taken":0,"max_hp_gain":0,"max_hp_loss":0,"event_name":"Upgrade Shrine","floor":22,"gold_loss":0,"cards_upgraded":["Hyperbeam"]}],"is_beta":true,"boss_relics":[{"not_picked":["White Beast Statue","Runic Dome"],"picked":"Fusion Hammer"}],"items_purged_floors":[12],"is_endless":false,"potions_floor_spawned":[2,10,14],"killed_by":"Book of Stabbing","ascension_level":11}