{"gold_per_floor":[111,111,121,121,46,81,93,122,170,170,201,201,201,217,217,296,296,306,306,52,72,33,59,75,75,75,75,95,95,105,123,123,197,197,207,207,221,221,236,236,250,283,310,410,425,425,425,436,436,436,436],"floor_reached":52,"playtime":5852,"items_purged":["Regret"],"score":1844,"play_id":"1680047b-df69-4ca3-aadb-c1481b60b8b1","local_time":"20190301102804","is_ascension_mode":true,"campfire_choices":[{"data":"Skewer","floor":10.0,"key":"SMITH"},{"data":"Dagger Spray","floor":12.0,"key":"SMITH"},{"data":"Dagger Spray","floor":15.0,"key":"SMITH"},{"floor":25.0,"key":"REST"},{"data":"Leg Sweep","floor":27.0,"key":"SMITH"},{"data":"Dagger Spray","floor":29.0,"key":"SMITH"},{"floor":32.0,"key":"REST"},{"data":"Footwork","floor":40.0,"key":"SMITH"},{"data":"Well Laid Plans","floor":46,"key":"SMITH"},{"floor":49,"key":"REST"}],"neow_cost":"NONE","seed_source_timestamp":1108452859206400,"circlet_count":0,"master_deck":["AscendersBane","Defend_G","Defend_G","Defend_G","Defend_G","Defend_G","Strike_G","Strike_G","Strike_G","Survivor","Neutralize","Dagger Spray+1","Leg Sweep+1","Predator","Dagger Spray+1","Skewer+1","Dagger Spray+1","Dodge and Roll+1","Burst+1","Deadly Poison+1","Trip+1","Acrobatics+1","Well Laid Plans+1","Outmaneuver+1","PiercingWail+1","Tactician+1","Dagger Spray+1","Bullet Time+1","Footwork+1","Outmaneuver+1","Dagger Throw","Deflect+1","Prepared+1","Deflect+1","Backflip+1","Master of Strategy+1","Cloak And Dagger+1"],"special_seed":0,"relics":["Ring of the Serpent","NeowsBlessing","Toxic Egg 2","Strawberry","Happy Flower","PreservedInsect","Ice Cream","CultistMask","Oddly Smooth Stone","Kunai","Bird Faced Urn","Eternal Feather","Torii","Centennial Puzzle","The Specimen"],"potions_floor_usage":[45,45],"damage_taken":[{"damage":0.0,"enemies":"Small Slimes","floor":1.0,"turns":1.0},{"damage":0.0,"enemies":"Cultist","floor":3.0,"turns":1.0},{"damage":0.0,"enemies":"3 Sentries","floor":6.0,"turns":1.0},{"damage":0.0,"enemies":"2 Louse","floor":7.0,"turns":2.0},{"damage":26.0,"enemies":"Gremlin Nob","floor":8.0,"turns":4.0},{"damage":15.0,"enemies":"3 Sentries","floor":11.0,"turns":7.0},{"damage":0.0,"enemies":"2 Fungi Beasts","floor":14.0,"turns":3.0},{"damage":18.0,"enemies":"Slime Boss","floor":16.0,"turns":12.0},{"damage":12.0,"enemies":"Chosen","floor":18.0,"turns":6.0},{"damage":14.0,"enemies":"2 Thieves","floor":21.0,"turns":4.0},{"damage":31.0,"enemies":"Slavers","floor":23.0,"turns":3.0},{"damage":14.0,"enemies":"Snake Plant","floor":24.0,"turns":4.0},{"damage":5.0,"enemies":"Centurion and Healer","floor":28.0,"turns":6.0},{"damage":12.0,"enemies":"Cultist and Chosen","floor":30.0,"turns":6.0},{"damage":3.0,"enemies":"Snecko","floor":31.0,"turns":7.0},{"damage":2.0,"enemies":"Automaton","floor":33.0,"turns":6.0},{"damage":4.0,"enemies":"Orb Walker","floor":35.0,"turns":4.0},{"damage":30.0,"enemies":"3 Shapes","floor":37.0,"turns":5.0},{"damage":15.0,"enemies":"Writhing Mass","floor":39.0,"turns":7.0},{"damage":1.0,"enemies":"Spire Growth","floor":41.0,"turns":5.0},{"damage":34.0,"enemies":"Giant Head","floor":42.0,"turns":7.0},{"damage":0,"enemies":"Mind Bloom Boss Battle","floor":44,"turns":8},{"damage":1,"enemies":"3 Darklings","floor":45,"turns":4},{"damage":11,"enemies":"4 Shapes","floor":48,"turns":11},{"damage":7,"enemies":"Awakened One","floor":50,"turns":27},{"damage":15,"enemies":"Donu and Deca","floor":51,"turns":11}],"seed_played":"-2127005544771566689","potions_obtained":[{"floor":3.0,"key":"PowerPotion"},{"floor":6.0,"key":"Explosive Potion"},{"floor":11.0,"key":"Explosive Potion"},{"floor":24.0,"key":"SkillPotion"},{"floor":28.0,"key":"SteroidPotion"},{"floor":31.0,"key":"PowerPotion"},{"floor":33.0,"key":"SkillPotion"},{"floor":37.0,"key":"Ancient Potion"},{"floor":39.0,"key":"LiquidBronze"},{"floor":42.0,"key":"SpeedPotion"},{"floor":44,"key":"GhostInAJar"}],"is_trial":false,"path_per_floor":["M","?","M","?","$","E","M","E","T","R","E","R","?","M","R","B",null,"M","?","$","M","$","E","M","R","T","R","M","R","M","M","R","B",null,"M","?","M","?","M","R","M","E","T","?","M","R","?","M","R","B","B",null],"character_chosen":"THE_SILENT","items_purchased":["Trip+1","Oddly Smooth Stone","Well Laid Plans"],"campfire_rested":3,"item_purchase_floors":[20,20,22],"current_hp_per_floor":[59,59,59,59,59,66,66,40,40,40,25,25,25,25,25,7,57,45,73,73,59,59,28,14,35,35,35,32,32,22,21,42,44,66,64,64,38,38,27,45,48,18,18,22,25,46,46,39,73,70,59],"gold":436,"neow_bonus":"THREE_ENEMY_KILL","is_prod":false,"is_daily":false,"chose_seed":false,"campfire_upgraded":7,"win_rate":0,"timestamp":1551464884,"path_taken":["M","?","?","?","$","E","M","E","T","R","E","R","?","M","R","BOSS","M","?","?","?","$","E","M","R","T","R","M","R","M","M","R","BOSS","M","?","?","?","M","R","M","E","T","?","M","R","?","M","R","BOSS","BOSS"],"build_version":"2019-02-06","purchased_purges":1,"victory":true,"max_hp_per_floor":[66,66,66,66,66,73,73,73,73,73,73,73,73,73,73,73,73,73,73,73,73,73,73,73,73,73,73,73,73,73,73,73,73,73,73,73,73,73,73,73,73,73,73,73,73,73,73,73,73,73,73],"card_choices":[{"not_picked":["Slice","Prepared"],"picked":"Dagger Spray","floor":1.0},{"not_picked":["Sucker Punch","Bouncing Flask"],"picked":"Leg Sweep","floor":3.0},{"not_picked":["Grand Finale","Sucker Punch"],"picked":"Predator","floor":6.0},{"not_picked":["Acrobatics+1","Prepared+1"],"picked":"Dagger Spray","floor":7.0},{"not_picked":["Acrobatics+1","Bane"],"picked":"Skewer","floor":8.0},{"not_picked":["Grand Finale","Caltrops"],"picked":"Dagger Spray","floor":11.0},{"not_picked":["Cloak And Dagger+1","Deadly Poison+1"],"picked":"Dodge and Roll+1","floor":14.0},{"not_picked":["Unload","Grand Finale"],"picked":"Burst+1","floor":16.0},{"not_picked":["Blade Dance+1","Slice"],"picked":"Deadly Poison+1","floor":18.0},{"not_picked":["Slice","Masterful Stab"],"picked":"Acrobatics+1","floor":21.0},{"not_picked":["Prepared+1","Calculated Gamble+1"],"picked":"Outmaneuver+1","floor":23.0},{"not_picked":["Skewer","Sucker Punch+1","Infinite Blades"],"picked":"SKIP","floor":24.0},{"not_picked":["Quick Slash","Riddle With Holes"],"picked":"PiercingWail+1","floor":28.0},{"not_picked":["Crippling Poison+1","Eviscerate"],"picked":"Tactician+1","floor":30.0},{"not_picked":["Bouncing Flask+1","Dagger Throw"],"picked":"Dagger Spray+1","floor":31.0},{"not_picked":["Night Terror+1","Storm of Steel+1"],"picked":"Bullet Time+1","floor":33.0},{"not_picked":["Sucker Punch","Flying Knee"],"picked":"Footwork","floor":35.0},{"not_picked":["Poisoned Stab","Prepared+1"],"picked":"Outmaneuver+1","floor":37.0},{"not_picked":["Blade Dance+1","Bane"],"picked":"Dagger Throw","floor":39.0},{"not_picked":["Heel Hook","Footwork"],"picked":"Deflect+1","floor":41.0},{"not_picked":["Footwork","Choke"],"picked":"Prepared+1","floor":42.0},{"not_picked":["Glass Knife","Outmaneuver+1"],"picked":"Deflect+1","floor":44},{"not_picked":["Acrobatics+1","Bane"],"picked":"Backflip+1","floor":45},{"not_picked":["Purity+1","Magnetism"],"picked":"Master of Strategy+1","floor":47},{"not_picked":["Flechettes","Noxious Fumes"],"picked":"Cloak And Dagger+1","floor":48}],"player_experience":3320080,"relics_obtained":[{"floor":6.0,"key":"Strawberry"},{"floor":8.0,"key":"Happy Flower"},{"floor":9.0,"key":"PreservedInsect"},{"floor":11.0,"key":"Ice Cream"},{"floor":23.0,"key":"Kunai"},{"floor":26.0,"key":"Bird Faced Urn"},{"floor":42.0,"key":"Torii"},{"floor":43.0,"key":"Centennial Puzzle"},{"floor":44,"key":"The Specimen"}],"event_choices":[{"cards_removed":["Strike_G"],"damage_healed":0.0,"max_hp_gain":0.0,"max_hp_loss":0.0,"gold_gain":0.0,"event_name":"Bonfire Elementals","player_choice":"Offered Basic","floor":2.0,"gold_loss":0.0,"damage_taken":0.0},{"damage_healed":0.0,"max_hp_gain":0.0,"max_hp_loss":0.0,"gold_gain":0.0,"event_name":"Big Fish","player_choice":"Box","floor":4.0,"gold_loss":0.0,"damage_taken":0.0,"relics_obtained":["Toxic Egg 2"],"cards_obtained":["Regret"]},{"damage_healed":0.0,"max_hp_gain":0.0,"max_hp_loss":0.0,"gold_gain":0.0,"event_name":"FaceTrader","player_choice":"Trade","floor":13.0,"gold_loss":0.0,"damage_taken":0.0,"relics_obtained":["CultistMask"]},{"damage_healed":28.0,"max_hp_gain":0.0,"max_hp_loss":0.0,"gold_gain":0.0,"event_name":"Wheel of Change","player_choice":"Full Heal","floor":19.0,"gold_loss":0.0,"damage_taken":0.0},{"cards_removed":["Strike_G"],"damage_healed":0.0,"max_hp_gain":0.0,"max_hp_loss":0.0,"gold_gain":0.0,"event_name":"Purifier","player_choice":"Purged","floor":36.0,"gold_loss":0.0,"damage_taken":0.0},{"damage_healed":0.0,"max_hp_gain":0.0,"max_hp_loss":0.0,"gold_gain":0.0,"event_name":"Mysterious Sphere","player_choice":"Ignored","floor":38.0,"gold_loss":0.0,"damage_taken":0.0},{"damage_healed":0,"gold_gain":0,"player_choice":"Fight","damage_taken":0,"max_hp_gain":0,"max_hp_loss":0,"event_name":"MindBloom","floor":44,"gold_loss":0},{"damage_healed":0,"gold_gain":0,"player_choice":"Memory 1","damage_taken":0,"max_hp_gain":0,"max_hp_loss":0,"event_name":"SensoryStone","floor":47,"gold_loss":0}],"is_beta":true,"boss_relics":[{"not_picked":["Tiny House","Black Star"],"picked":"Ring of the Serpent"},{"not_picked":["Astrolabe","WristBlade"],"picked":"Eternal Feather"}],"items_purged_floors":[5],"is_endless":false,"potions_floor_spawned":[3,6,11,24,28,31,33,37,39,42,44],"ascension_level":20}