{"gold_per_floor":[113,38,38,38,113,113,141,159,184,184,198,231,244,257,257,257],"floor_reached":16,"playtime":502,"items_purged":["Strike_R"],"score":250,"play_id":"be7d9d54-b1b4-4516-b810-c451f35ab08c","local_time":"20190312223823","is_ascension_mode":true,"campfire_choices":[{"data":"Bash","floor":6,"key":"SMITH"},{"floor":15,"key":"REST"}],"neow_cost":"NONE","seed_source_timestamp":243220864494969,"circlet_count":0,"master_deck":["AscendersBane","Strike_R+1","Strike_R","Strike_R","Strike_R","Defend_R","Defend_R","Defend_R+1","Defend_R","Bash+1","Clothesline","True Grit","Cleave","Anger","Pommel Strike","Corruption"],"relics":["Burning Blood","NeowsBlessing","Regal Pillow","Ancient Tea Set","GremlinMask","Orichalcum"],"potions_floor_usage":[12,12],"damage_taken":[{"damage":0,"enemies":"Jaw Worm","floor":1,"turns":1},{"damage":0,"enemies":"Gremlin Nob","floor":7,"turns":1},{"damage":0,"enemies":"Small Slimes","floor":8,"turns":1},{"damage":0,"enemies":"Cultist","floor":11,"turns":3},{"damage":45,"enemies":"3 Sentries","floor":12,"turns":8},{"damage":24,"enemies":"Exordium Thugs","floor":13,"turns":5},{"damage":4,"enemies":"Blue Slaver","floor":14,"turns":4},{"damage":49,"enemies":"Hexaghost","floor":16,"turns":10}],"seed_played":"-4328962768395273615","potions_obtained":[{"floor":1,"key":"BloodPotion"},{"floor":11,"key":"Poison Potion"},{"floor":14,"key":"SteroidPotion"}],"is_trial":false,"path_per_floor":["M","$","?","$","?","R","E","M","T","?","M","E","M","M","R","B"],"character_chosen":"IRONCLAD","items_purchased":[],"campfire_rested":1,"item_purchase_floors":[],"current_hp_per_floor":[74,74,51,51,40,40,46,52,52,52,58,26,8,10,47,0],"gold":257,"neow_bonus":"THREE_ENEMY_KILL","is_prod":false,"is_daily":false,"chose_seed":false,"campfire_upgraded":1,"win_rate":0,"timestamp":1552426703,"path_taken":["M","$","?","$","?","R","E","M","T","?","M","E","M","?","R","BOSS"],"build_version":"2019-02-06","purchased_purges":1,"victory":false,"max_hp_per_floor":[75,75,75,75,75,75,75,75,75,75,75,75,75,75,75,75],"card_choices":[{"not_picked":["Power Through","Evolve"],"picked":"Clothesline","floor":1},{"not_picked":["Rage","Heavy Blade"],"picked":"True Grit","floor":7},{"not_picked":["Headbutt","Fire Breathing"],"picked":"Cleave","floor":8},{"not_picked":["Warcry","Rampage"],"picked":"Anger","floor":11},{"not_picked":["Rage","Brutality"],"picked":"Pommel Strike","floor":12},{"not_picked":["Twin Strike","Headbutt","Anger"],"picked":"SKIP","floor":13},{"not_picked":["Perfected Strike","Rupture"],"picked":"Corruption","floor":14}],"player_experience":225588,"relics_obtained":[{"floor":7,"key":"Regal Pillow"},{"floor":9,"key":"Ancient Tea Set"},{"floor":12,"key":"Orichalcum"}],"event_choices":[{"damage_healed":0,"gold_gain":0,"player_choice":"Entered Light","damage_taken":23,"max_hp_gain":0,"max_hp_loss":0,"event_name":"Shining Light","floor":3,"gold_loss":0,"cards_upgraded":["Defend_R","Strike_R"]},{"damage_healed":0,"gold_gain":75,"player_choice":"Gather Gold","damage_taken":11,"max_hp_gain":0,"max_hp_loss":0,"event_name":"World of Goop","floor":5,"gold_loss":0},{"damage_healed":0,"gold_gain":0,"player_choice":"Trade","damage_taken":0,"relics_obtained":["GremlinMask"],"max_hp_gain":0,"max_hp_loss":0,"event_name":"FaceTrader","floor":10,"gold_loss":0}],"is_beta":true,"boss_relics":[],"items_purged_floors":[2],"is_endless":false,"potions_floor_spawned":[1,11,14],"killed_by":"Hexaghost","ascension_level":17}