{"gold_per_floor":[363,381,456,95,114,114,129,129,175,207,207,225,255,274,274,347,347,363,185,199,214,232,232,232,232,232,232,19,19,34,47,47,123,123,140,156,156,156,168,168],"floor_reached":40,"playtime":2197,"items_purged":["Pain","Strike_B"],"score":725,"play_id":"1aed1e4f-237f-4d26-8f7f-646618e3322e","local_time":"20180711215021","is_ascension_mode":true,"campfire_choices":[{"data":"Streamline","floor":6,"key":"SMITH"},{"data":"Darkness","floor":11,"key":"SMITH"},{"data":"Hologram","floor":15,"key":"SMITH"},{"data":"Redo","floor":23,"key":"SMITH"},{"data":"Seek","floor":25,"key":"SMITH"},{"data":"Fusion","floor":27,"key":"SMITH"},{"floor":32,"key":"REST"}],"neow_cost":"CURSE","seed_source_timestamp":259242868243878,"circlet_count":0,"master_deck":["Defend_B","Defend_B","Defend_B","AscendersBane","Gash","Streamline+1","Self Repair","Darkness+1","Hologram+1","Seek+1","FTL","Gash","Multi-Cast","Leap","Glacier+1","Fusion+1","Redo+1","Bite","Bite","Bite","Bite","Bite","All For One","Beam Cell+1","White Noise+1","Echo Form","Meteor Strike+1","Double Energy+1","Echo Form+1","Gash"],"relics":["Cracked Core","Meat on the Bone","Potion Belt","Ancient Tea Set","Inserter","DataDisk","Singing Bowl","NlothsMask","Astrolabe"],"potions_floor_usage":[10,13,22,31,33,33,40],"damage_taken":[{"damage":4,"enemies":"2 Louse","floor":1,"turns":2},{"damage":4,"enemies":"Small Slimes","floor":2,"turns":4},{"damage":1,"enemies":"Cultist","floor":5,"turns":3},{"damage":11,"enemies":"Looter","floor":7,"turns":3},{"damage":32,"enemies":"Gremlin Nob","floor":10,"turns":4},{"damage":7,"enemies":"2 Fungi Beasts","floor":12,"turns":3},{"damage":9,"enemies":"3 Sentries","floor":13,"turns":4},{"damage":9,"enemies":"Red Slaver","floor":14,"turns":2},{"damage":33,"enemies":"Hexaghost","floor":16,"turns":8},{"damage":24,"enemies":"Spheric Guardian","floor":18,"turns":5},{"damage":16,"enemies":"Shell Parasite","floor":20,"turns":10},{"damage":27,"enemies":"Cultist and Chosen","floor":21,"turns":6},{"damage":23,"enemies":"Snecko","floor":22,"turns":8},{"damage":38,"enemies":"Slaver and Parasite","floor":30,"turns":5},{"damage":24,"enemies":"Cultist and Chosen","floor":31,"turns":7},{"damage":30,"enemies":"Champ","floor":33,"turns":8},{"damage":37,"enemies":"3 Darklings","floor":35,"turns":8},{"damage":11,"enemies":"Orb Walker","floor":36,"turns":4},{"damage":51,"enemies":"3 Darklings","floor":39,"turns":6},{"damage":58,"enemies":"2 Orb Walkers","floor":40,"turns":3}],"seed_played":"-3448864027351258915","potions_obtained":[{"floor":1,"key":"Dexterity Potion"},{"floor":7,"key":"FearPotion"},{"floor":12,"key":"Explosive Potion"},{"floor":20,"key":"SneckoOil"},{"floor":21,"key":"SkillPotion"},{"floor":30,"key":"Swift Potion"},{"floor":36,"key":"Dexterity Potion"},{"floor":39,"key":"FocusPotion"}],"is_trial":false,"path_per_floor":["M","M","?","$","M","R","M","?","T","E","R","M","E","M","R","B",null,"M","$","M","M","M","R","?","R","T","R","$","?","M","M","R","B",null,"M","M","?","$","M"],"character_chosen":"DEFECT","items_purchased":["Meat on the Bone","Self Repair","Glacier","All For One","Singing Bowl"],"campfire_rested":1,"item_purchase_floors":[4,4,19,28,28],"current_hp_per_floor":[60,56,45,45,51,51,47,52,52,41,41,48,48,41,41,29,64,49,49,54,48,39,39,39,39,39,39,39,39,30,31,53,48,69,60,67,67,67,48,0],"gold":168,"neow_bonus":"TWO_FIFTY_GOLD","is_prod":false,"is_daily":false,"chose_seed":false,"campfire_upgraded":6,"win_rate":0,"timestamp":1531371021,"path_taken":["M","M","?","$","M","R","M","?","T","E","R","M","E","M","R","BOSS","M","?","M","M","?","R","?","R","T","R","$","?","M","?","R","BOSS","M","M","?","$","M","E"],"build_version":"2018-07-10","purchased_purges":2,"victory":false,"max_hp_per_floor":[71,71,71,71,71,71,71,76,76,76,76,76,76,76,76,76,76,76,76,76,76,76,76,76,76,76,76,76,76,76,76,76,76,76,76,78,78,78,80,80],"card_choices":[{"not_picked":["Compile Driver","Undo"],"picked":"Gash","floor":1},{"not_picked":["BootSequence","Storm"],"picked":"Streamline","floor":2},{"not_picked":["Go for the Eyes","Leap"],"picked":"Darkness","floor":5},{"not_picked":["Blizzard","Stack"],"picked":"Hologram","floor":7},{"not_picked":["Sweeping Beam","Turbo"],"picked":"Seek","floor":10},{"not_picked":["Chill","Skim"],"picked":"FTL","floor":12},{"not_picked":["Fusion","Beam Cell"],"picked":"Gash","floor":13},{"not_picked":["Barrage","Compile Driver","Rip and Tear"],"picked":"SKIP","floor":14},{"not_picked":["Creative AI","Meteor Strike"],"picked":"Multi-Cast","floor":16},{"not_picked":["Skim","Sweeping Beam"],"picked":"Leap","floor":18},{"not_picked":["Steam+1","Coolheaded"],"picked":"Fusion","floor":20},{"not_picked":["Aggregate","Hello World+1"],"picked":"Redo","floor":21},{"not_picked":["Redo","Double Energy","Hologram"],"picked":"SKIP","floor":22},{"not_picked":["Ball Lightning+1","Melter"],"picked":"Beam Cell+1","floor":30},{"not_picked":["Streamline","Coolheaded"],"picked":"White Noise+1","floor":31},{"not_picked":["Meteor Strike","Fission"],"picked":"Echo Form","floor":33},{"not_picked":["Lockon","Cold Snap"],"picked":"Gash","floor":35},{"not_picked":["Conserve Battery","Sweeping Beam","Hologram"],"picked":"Singing Bowl","floor":36},{"not_picked":["Go for the Eyes","Barrage","Scrape"],"picked":"Singing Bowl","floor":39}],"player_experience":814065,"relics_obtained":[{"floor":9,"key":"Blood Vial"},{"floor":10,"key":"Potion Belt"},{"floor":13,"key":"Ancient Tea Set"},{"floor":26,"key":"DataDisk"}],"event_choices":[{"event_name":"World of Goop","player_choice":"Gather Gold","floor":3,"damage_taken":0},{"event_name":"Big Fish","player_choice":"Donut","floor":8,"damage_taken":0},{"event_name":"Vampires","player_choice":"Became a vampire (Vial)","floor":24,"damage_taken":0},{"event_name":"FaceTrader","player_choice":"Trade","floor":29,"damage_taken":0},{"event_name":"Upgrade Shrine","player_choice":"Upgraded","floor":37,"damage_taken":0}],"boss_relics":[{"not_picked":["FrozenCore","Orrery"],"picked":"Inserter"},{"not_picked":["Tiny House","Black Star"],"picked":"Astrolabe"}],"items_purged_floors":[4,19],"is_endless":false,"potions_floor_spawned":[1,7,12,20,21,30,36,39],"killed_by":"2 Orb Walkers","ascension_level":15}