{"gold_per_floor":[114,189,208,208,208,239,239,239,239,45,55,55,55,55],"floor_reached":14,"playtime":528,"items_purged":[],"score":172,"play_id":"0dcd454a-3132-4e6d-aae4-ebee3b01335b","local_time":"20190303123642","is_ascension_mode":true,"campfire_choices":[{"data":"Armaments","floor":8.0,"key":"SMITH"},{"data":"Chrysalis","floor":12.0,"key":"SMITH"}],"neow_cost":"NONE","seed_source_timestamp":83723509678800,"circlet_count":0,"master_deck":["AscendersBane","Strike_R","Strike_R","Strike_R","Defend_R","Defend_R","Defend_R","Defend_R","Bash","Blood for Blood+1","Armaments+1","Headbutt","Feel No Pain","Chrysalis+1"],"special_seed":0,"relics":["Burning Blood","Dream Catcher","Singing Bowl"],"potions_floor_usage":[14],"damage_taken":[{"damage":7.0,"enemies":"Jaw Worm","floor":1.0,"turns":4.0},{"damage":13.0,"enemies":"Small Slimes","floor":3.0,"turns":4.0},{"damage":30.0,"enemies":"3 Sentries","floor":6.0,"turns":7.0},{"damage":0.0,"enemies":"2 Louse","floor":11.0,"turns":3.0},{"damage":28,"enemies":"Gremlin Nob","floor":14,"turns":3}],"seed_played":"-8795488943448268953","potions_obtained":[{"floor":6.0,"key":"GamblersBrew"}],"is_trial":false,"path_per_floor":["M","?","M","?","?","E","?","R","T","$","M","R","$","E"],"character_chosen":"IRONCLAD","items_purchased":["Chrysalis"],"campfire_rested":0,"item_purchase_floors":[10],"current_hp_per_floor":[67,56,49,49,42,18,18,18,18,18,26,26,26,0],"gold":55,"neow_bonus":"TRANSFORM_CARD","is_prod":false,"is_daily":false,"chose_seed":false,"campfire_upgraded":2,"win_rate":0,"timestamp":1551645402,"path_taken":["M","?","M","?","?","E","?","R","T","$","M","R","$","E"],"build_version":"2019-02-06","purchased_purges":0,"victory":false,"max_hp_per_floor":[75,75,75,75,75,75,75,75,75,75,77,77,77,77],"card_choices":[{"not_picked":["Anger","Sword Boomerang"],"picked":"Armaments","floor":1.0},{"not_picked":["Thunderclap","Anger"],"picked":"Headbutt","floor":3.0},{"not_picked":["Limit Break","Thunderclap"],"picked":"Feel No Pain","floor":6.0},{"not_picked":["Anger","Sword Boomerang","Clothesline"],"picked":"Singing Bowl","floor":11.0}],"player_experience":3333227,"relics_obtained":[{"floor":6.0,"key":"Dream Catcher"},{"floor":9.0,"key":"Singing Bowl"}],"event_choices":[{"damage_healed":0.0,"max_hp_gain":0.0,"max_hp_loss":0.0,"gold_gain":75.0,"event_name":"World of Goop","player_choice":"Gather Gold","floor":2.0,"gold_loss":0.0,"damage_taken":11.0},{"damage_healed":0.0,"max_hp_gain":0.0,"max_hp_loss":0.0,"gold_gain":0.0,"event_name":"Living Wall","player_choice":"Grow","floor":4.0,"gold_loss":0.0,"damage_taken":0.0,"cards_upgraded":["Blood for Blood"]},{"cards_removed":["Strike_R"],"damage_healed":0.0,"max_hp_gain":0.0,"max_hp_loss":0.0,"gold_gain":0.0,"event_name":"Golden Wing","player_choice":"Card Removal","floor":5.0,"gold_loss":0.0,"damage_taken":7.0},{"damage_healed":0.0,"max_hp_gain":0.0,"max_hp_loss":0.0,"gold_gain":0.0,"event_name":"Shining Light","player_choice":"Ignored","floor":7.0,"gold_loss":0.0,"damage_taken":0.0}],"is_beta":true,"boss_relics":[],"items_purged_floors":[],"is_endless":false,"potions_floor_spawned":[6],"killed_by":"Gremlin Nob","ascension_level":20}