{"gold_per_floor":[109,109,122,122,47,79,79,96,96,130,13,13,72,99,99,178,178,194,194,194,207,29,54,54,54],"floor_reached":25,"playtime":1277,"items_purged":["Strike_B"],"score":520,"play_id":"ccbf5fba-e8c7-46d3-ada8-4a555a321265","local_time":"20181218150010","is_ascension_mode":true,"campfire_choices":[{"data":"Dualcast","floor":7,"key":"SMITH"},{"floor":12,"key":"REST"},{"floor":15,"key":"REST"},{"floor":24,"key":"REST"}],"neow_cost":"NONE","seed_source_timestamp":7648917593899784,"circlet_count":0,"master_deck":["AscendersBane","Strike_B+1","Strike_B+1","Strike_B+1","Defend_B+1","Defend_B+1","Defend_B+1","Defend_B+1","Zap+1","Dualcast+1","Genetic Algorithm","Cold Snap","BootSequence","Cold Snap","Hologram","Go for the Eyes","Capacitor","Barrage","Rainbow","All For One","Defragment","Shame","Echo Form","Steam"],"relics":["Cracked Core","NeowsBlessing","Cables","Blue Candle","Kunai","PreservedInsect","Singing Bowl","Nuclear Battery","Shuriken","Boot"],"potions_floor_usage":[10,16,16,23,23,25],"damage_taken":[{"damage":0,"enemies":"Jaw Worm","floor":1,"turns":1},{"damage":0,"enemies":"2 Louse","floor":3,"turns":1},{"damage":0,"enemies":"3 Sentries","floor":6,"turns":1},{"damage":0,"enemies":"Small Slimes","floor":8,"turns":3},{"damage":34,"enemies":"Gremlin Nob","floor":10,"turns":5},{"damage":7,"enemies":"3 Sentries","floor":13,"turns":11},{"damage":6,"enemies":"Lagavulin","floor":14,"turns":6},{"damage":14,"enemies":"Slime Boss","floor":16,"turns":10},{"damage":11,"enemies":"Spheric Guardian","floor":18,"turns":5},{"damage":1,"enemies":"Shell Parasite","floor":21,"turns":5},{"damage":27,"enemies":"Slavers","floor":23,"turns":4},{"damage":49,"enemies":"Book of Stabbing","floor":25,"turns":5}],"seed_played":"-6566448240772585505","potions_obtained":[{"floor":1,"key":"SkillPotion"},{"floor":3,"key":"SkillPotion"},{"floor":8,"key":"FocusPotion"},{"floor":13,"key":"SkillPotion"},{"floor":21,"key":"EntropicBrew"}],"is_trial":false,"path_per_floor":["M","?","M","?","$","E","R","M","T","E","$","R","?","E","R","B",null,"M","?","?","M","$","E","R","E"],"character_chosen":"DEFECT","items_purchased":["Go for the Eyes","Capacitor","Echo Form"],"campfire_rested":3,"item_purchase_floors":[11,11,22],"current_hp_per_floor":[64,43,43,43,43,43,43,43,43,9,9,30,23,17,38,24,59,48,48,48,49,49,22,43,0],"gold":54,"neow_bonus":"THREE_ENEMY_KILL","is_prod":false,"is_daily":false,"chose_seed":false,"campfire_upgraded":1,"win_rate":0,"timestamp":1545174010,"path_taken":["M","?","M","?","$","E","R","M","T","E","?","R","?","E","R","BOSS","M","?","?","M","$","E","R","E"],"build_version":"2018-12-17","purchased_purges":1,"victory":false,"max_hp_per_floor":[71,71,71,71,71,71,71,71,71,71,71,71,71,71,71,71,71,71,71,71,73,73,73,73,73],"card_choices":[{"not_picked":["Consume","Sweeping Beam"],"picked":"Genetic Algorithm","floor":1},{"not_picked":["Go for the Eyes","Steam"],"picked":"Cold Snap","floor":3},{"not_picked":["Reinforced Body","Auto Shields"],"picked":"BootSequence","floor":6},{"not_picked":["Reinforced Body","Rip and Tear"],"picked":"Cold Snap","floor":8},{"not_picked":["Rebound","Streamline"],"picked":"Hologram","floor":10},{"not_picked":["Undo","Ball Lightning"],"picked":"Barrage","floor":13},{"not_picked":["BootSequence","Streamline"],"picked":"Rainbow","floor":14},{"not_picked":["Fission","Thunder Strike"],"picked":"All For One","floor":16},{"not_picked":["Gash","Reinforced Body"],"picked":"Defragment","floor":18},{"not_picked":["Steam","Coolheaded","Rebound"],"picked":"Singing Bowl","floor":21},{"not_picked":["Reinforced Body","Go for the Eyes"],"picked":"Steam","floor":23}],"player_experience":1106738,"relics_obtained":[{"floor":6,"key":"Cables"},{"floor":9,"key":"Blue Candle"},{"floor":10,"key":"Kunai"},{"floor":13,"key":"PreservedInsect"},{"floor":14,"key":"Singing Bowl"},{"floor":23,"key":"Boot"}],"event_choices":[{"damage_healed":0,"gold_gain":0,"player_choice":"Entered Light","damage_taken":21,"max_hp_gain":0,"max_hp_loss":0,"event_name":"Shining Light","floor":2,"gold_loss":0,"cards_upgraded":["Defend_B","Defend_B"]},{"damage_healed":0,"gold_gain":0,"player_choice":"Grow","damage_taken":0,"max_hp_gain":0,"max_hp_loss":0,"event_name":"Living Wall","floor":4,"gold_loss":0,"cards_upgraded":["Zap"]},{"damage_healed":0,"gold_gain":0,"player_choice":"Searched \u00272\u0027 times","damage_taken":0,"max_hp_gain":0,"max_hp_loss":0,"event_name":"Dead Adventurer","floor":13,"gold_loss":0},{"damage_healed":0,"gold_gain":0,"player_choice":"Stole Relic","damage_taken":0,"relics_obtained":["Shuriken"],"max_hp_gain":0,"max_hp_loss":0,"event_name":"Addict","floor":19,"gold_loss":0,"cards_obtained":["Shame"]},{"damage_healed":0,"gold_gain":0,"player_choice":"Simplicity","damage_taken":0,"max_hp_gain":0,"max_hp_loss":0,"event_name":"Back to Basics","floor":20,"gold_loss":0,"cards_upgraded":["Strike_B","Strike_B","Strike_B","Defend_B","Defend_B"]}],"is_beta":true,"boss_relics":[{"not_picked":["Fusion Hammer","Lizard Tail"],"picked":"Nuclear Battery"}],"items_purged_floors":[5],"is_endless":false,"potions_floor_spawned":[1,3,8,13,21],"killed_by":"Book of Stabbing","ascension_level":20}