{"gold_per_floor":[118,133,150,167,137,168,168,196,222,233,233,253,268,280,280,280],"floor_reached":16,"playtime":901,"items_purged":[],"score":203,"play_id":"822d41bc-a277-4737-bb9d-12b267f71741","local_time":"20180721174416","is_ascension_mode":true,"campfire_choices":[{"floor":7,"key":"REST"},{"data":"Neutralize","floor":11,"key":"SMITH"},{"data":"Noxious Fumes","floor":15,"key":"SMITH"}],"neow_cost":"NONE","seed_source_timestamp":1109774388100424,"circlet_count":0,"master_deck":["Defend_G","Defend_G","Defend_G","Defend_G","Defend_G","Strike_G","Strike_G","Strike_G","Strike_G","Strike_G","Survivor","Neutralize+1","AscendersBane","Infinite Blades","Noxious Fumes+1","Quick Slash","Footwork","Predator","Backstab","Poisoned Stab","Skewer","Acrobatics","Bouncing Flask"],"relics":["Ring of the Snake","Juzu Bracelet","Mango","Bronze Scales","Bag of Marbles"],"potions_floor_usage":[6,6,16,16],"damage_taken":[{"damage":15,"enemies":"Jaw Worm","floor":1,"turns":6},{"damage":0,"enemies":"Cultist","floor":2,"turns":4},{"damage":1,"enemies":"Small Slimes","floor":3,"turns":4},{"damage":5,"enemies":"Blue Slaver","floor":4,"turns":5},{"damage":3,"enemies":"Looter","floor":5,"turns":4},{"damage":28,"enemies":"Gremlin Nob","floor":6,"turns":5},{"damage":11,"enemies":"Lagavulin","floor":8,"turns":8},{"damage":3,"enemies":"Large Slime","floor":10,"turns":4},{"damage":0,"enemies":"Exordium Wildlife","floor":12,"turns":4},{"damage":0,"enemies":"Exordium Thugs","floor":13,"turns":5},{"damage":5,"enemies":"Lots of Slimes","floor":14,"turns":3},{"damage":30,"enemies":"Slime Boss","floor":16,"turns":6}],"seed_played":"4389128219079912395","potions_obtained":[{"floor":2,"key":"Weak Potion"},{"floor":4,"key":"SpeedPotion"},{"floor":6,"key":"GamblersBrew"},{"floor":8,"key":"FearPotion"},{"floor":10,"key":"Block Potion"}],"is_trial":false,"path_per_floor":["M","M","M","M","M","E","R","E","T","M","R","M","M","M","R"],"character_chosen":"THE_SILENT","items_purchased":[],"campfire_rested":1,"item_purchase_floors":[],"current_hp_per_floor":[44,44,43,38,35,21,45,34,34,31,31,31,31,26,26,0],"gold":280,"neow_bonus":"RANDOM_COMMON_RELIC","is_prod":false,"is_daily":false,"chose_seed":false,"campfire_upgraded":2,"win_rate":0,"timestamp":1532220256,"path_taken":["M","M","M","M","M","E","R","E","T","M","R","M","M","M","R","BOSS"],"build_version":"2018-07-19","purchased_purges":0,"victory":false,"max_hp_per_floor":[66,66,66,66,66,80,80,80,80,80,80,80,80,80,80,80],"card_choices":[{"not_picked":["Dodge and Roll","Dagger Throw"],"picked":"Infinite Blades","floor":1},{"not_picked":["Sucker Punch","Crippling Poison"],"picked":"Noxious Fumes","floor":2},{"not_picked":["Outmaneuver","PiercingWail"],"picked":"Quick Slash","floor":3},{"not_picked":["Quick Slash","Leg Sweep"],"picked":"Footwork","floor":4},{"not_picked":["Backflip","Outmaneuver"],"picked":"Predator","floor":5},{"not_picked":["Slice","Phantasmal Killer"],"picked":"Backstab","floor":6},{"not_picked":["Eviscerate","Escape Plan"],"picked":"Poisoned Stab","floor":8},{"not_picked":["Prepared","Setup","Reflex"],"picked":"SKIP","floor":10},{"not_picked":["Dagger Throw","Eviscerate"],"picked":"Skewer","floor":12},{"not_picked":["Dagger Spray","Predator"],"picked":"Acrobatics","floor":13},{"not_picked":["Finisher","Setup"],"picked":"Bouncing Flask","floor":14}],"player_experience":858250,"relics_obtained":[{"floor":6,"key":"Mango"},{"floor":8,"key":"Bronze Scales"},{"floor":9,"key":"Bag of Marbles"}],"event_choices":[],"is_beta":true,"boss_relics":[],"items_purged_floors":[],"is_endless":false,"potions_floor_spawned":[2,4,6,8,10],"killed_by":"Slime Boss","ascension_level":15}