{"gold_per_floor":[113,125,51,69,82,82,82,82,109,129,155,165,180,16,16,16],"floor_reached":16,"playtime":735,"items_purged":[],"score":208,"play_id":"e3f676a4-4ead-4fe5-825b-b6d5a4d76769","local_time":"20181127225035","is_ascension_mode":true,"campfire_choices":[{"data":"Noxious Fumes","floor":6,"key":"SMITH"},{"data":"Neutralize","floor":8,"key":"SMITH"},{"floor":15,"key":"REST"}],"neow_cost":"NONE","seed_source_timestamp":5863285352373810,"circlet_count":0,"master_deck":["AscendersBane","Defend_G","Defend_G","Defend_G","Defend_G","Defend_G","Strike_G+1","Strike_G","Strike_G+1","Strike_G","Strike_G","Survivor","Neutralize+1","All Out Attack","Predator","Noxious Fumes+1","Dagger Spray","Slice","Decay","Sucker Punch","After Image","Infinite Blades","Deadly Poison","Footwork","Night Terror"],"relics":["Ring of the Snake","Orichalcum","Whetstone","PreservedInsect"],"potions_floor_usage":[11,12],"damage_taken":[{"damage":1,"enemies":"Small Slimes","floor":1,"turns":4},{"damage":0,"enemies":"Cultist","floor":2,"turns":3},{"damage":4,"enemies":"2 Louse","floor":4,"turns":2},{"damage":12,"enemies":"Gremlin Gang","floor":5,"turns":4},{"damage":0,"enemies":"Blue Slaver","floor":10,"turns":5},{"damage":15,"enemies":"Lagavulin","floor":11,"turns":6},{"damage":6,"enemies":"3 Louse","floor":12,"turns":3},{"damage":11,"enemies":"Large Slime","floor":13,"turns":5},{"damage":34,"enemies":"The Guardian","floor":16,"turns":9}],"seed_played":"2202028186720574413","potions_obtained":[{"floor":1,"key":"GamblersBrew"},{"floor":4,"key":"Block Potion"},{"floor":5,"key":"EssenceOfSteel"}],"is_trial":false,"path_per_floor":["M","M","$","M","M","R","?","R","T","M","E","M","M","$","R","B"],"character_chosen":"THE_SILENT","items_purchased":["Noxious Fumes","Footwork","Night Terror"],"campfire_rested":1,"item_purchase_floors":[3,14,14],"current_hp_per_floor":[58,58,58,54,42,42,42,42,42,42,27,21,10,10,29,0],"gold":16,"neow_bonus":"RANDOM_COMMON_RELIC","is_prod":false,"is_daily":false,"chose_seed":false,"campfire_upgraded":2,"win_rate":0,"timestamp":1543387835,"path_taken":["M","M","$","M","M","R","?","R","T","M","E","?","M","$","R","BOSS"],"build_version":"2018-11-15","purchased_purges":0,"victory":false,"max_hp_per_floor":[66,66,66,66,66,66,66,66,66,66,66,66,66,66,66,66],"card_choices":[{"not_picked":["Escape Plan","Prepared"],"picked":"All Out Attack","floor":1},{"not_picked":["Acrobatics","Deadly Poison"],"picked":"Predator","floor":2},{"not_picked":["Bane","Poisoned Stab"],"picked":"Dagger Spray","floor":4},{"not_picked":["All Out Attack","Eviscerate"],"picked":"Slice","floor":5},{"not_picked":["Dagger Throw","Quick Slash"],"picked":"Sucker Punch","floor":10},{"not_picked":["Quick Slash","Calculated Gamble"],"picked":"After Image","floor":11},{"not_picked":["Dodge and Roll","Setup"],"picked":"Infinite Blades","floor":12},{"not_picked":["Dagger Spray","Flying Knee"],"picked":"Deadly Poison","floor":13}],"player_experience":1100152,"relics_obtained":[{"floor":9,"key":"Whetstone"},{"floor":11,"key":"PreservedInsect"}],"event_choices":[{"damage_healed":0,"gold_gain":0,"player_choice":"Cursed","damage_taken":0,"max_hp_gain":0,"max_hp_loss":0,"event_name":"Wheel of Change","floor":7,"gold_loss":0,"cards_obtained":["Decay"]}],"is_beta":true,"boss_relics":[],"items_purged_floors":[],"is_endless":false,"potions_floor_spawned":[1,4,5],"killed_by":"The Guardian","ascension_level":20}