{"gold_per_floor":[117,292,304,68,48,48,68,86,86,96,18,30,30,50,50,151,151,162,162,180,196,206,206,218,218,243,143,143,143,143,143,143,239,239],"floor_reached":34,"playtime":1629,"items_purged":["Doubt","Writhe"],"score":369,"play_id":"d9dfc62e-307e-4e0c-980b-c0bf691da4d3","local_time":"20190516133417","is_ascension_mode":false,"campfire_choices":[{"data":"Bouncing Flask","floor":6.0,"key":"SMITH"},{"data":"Noxious Fumes","floor":13.0,"key":"SMITH"},{"data":"Footwork","floor":15.0,"key":"SMITH"},{"floor":23.0,"key":"REST"},{"floor":29.0,"key":"REST"},{"data":"Night Terror","floor":32,"key":"SMITH"}],"neow_cost":"NONE","seed_source_timestamp":0,"circlet_count":0,"master_deck":["Defend_G+1","Defend_G+1","Defend_G+1","Defend_G+1","Defend_G+1","Survivor","Neutralize","Infinite Blades","Bouncing Flask+1","Corpse Explosion","Sucker Punch","Noxious Fumes+1","Cloak And Dagger","Footwork+1","Deadly Poison","Calculated Gamble","Adrenaline","Deadly Poison","Expertise+1","Night Terror+1","Deflect+1","Bite","Bite","Bite","Bite","Bite","Wraith Form v2"],"special_seed":0,"relics":["Philosopher\u0027s Stone","Nilry\u0027s Codex","Darkstone Periapt","Regal Pillow"],"potions_floor_usage":[],"damage_taken":[{"damage":2.0,"enemies":"Jaw Worm","floor":1.0,"turns":5.0},{"damage":3.0,"enemies":"Small Slimes","floor":3.0,"turns":3.0},{"damage":0.0,"enemies":"Cultist","floor":7.0,"turns":3.0},{"damage":0.0,"enemies":"2 Fungi Beasts","floor":8.0,"turns":2.0},{"damage":4.0,"enemies":"Looter","floor":10.0,"turns":4.0},{"damage":1.0,"enemies":"Large Slime","floor":12.0,"turns":4.0},{"damage":1.0,"enemies":"The Mushroom Lair","floor":14.0,"turns":2.0},{"damage":17.0,"enemies":"The Guardian","floor":16.0,"turns":8.0},{"damage":20.0,"enemies":"2 Thieves","floor":18.0,"turns":4.0},{"damage":0.0,"enemies":"Spheric Guardian","floor":20.0,"turns":2.0},{"damage":12.0,"enemies":"Centurion and Healer","floor":21.0,"turns":6.0},{"damage":19.0,"enemies":"3 Cultists","floor":22.0,"turns":3.0},{"damage":22.0,"enemies":"Chosen and Byrds","floor":24.0,"turns":6.0},{"damage":6.0,"enemies":"Snake Plant","floor":28.0,"turns":3.0},{"damage":43,"enemies":"Champ","floor":33,"turns":14}],"seed_played":"3187227096221529539","potions_obtained":[{"floor":3.0,"key":"LiquidBronze"},{"floor":5.0,"key":"FearPotion"},{"floor":10.0,"key":"Energy Potion"},{"floor":24.0,"key":"SmokeBomb"},{"floor":33,"key":"SkillPotion"}],"is_trial":false,"path_per_floor":["M","?","M","$","?","R","M","M","T","M","$","M","R","?","R","B",null,"M","?","M","M","M","R","M","?","T","$","M","R","?","?","R","B",null],"character_chosen":"THE_SILENT","items_purchased":["Corpse Explosion","Footwork"],"campfire_rested":2,"item_purchase_floors":[4,11],"current_hp_per_floor":[68,68,65,65,65,65,65,65,65,61,61,60,60,59,59,42,70,50,34,34,22,3,24,2,8,8,8,2,39,39,39,39,10,10],"gold":239,"neow_bonus":"BOSS_RELIC","is_prod":false,"is_daily":false,"chose_seed":false,"campfire_upgraded":4,"win_rate":0,"timestamp":1558028057,"path_taken":["M","?","M","$","?","R","M","M","T","?","$","M","R","?","R","BOSS","M","?","M","M","M","R","M","?","T","$","M","R","?","?","R","BOSS"],"build_version":"2019-01-23","purchased_purges":2,"victory":false,"max_hp_per_floor":[70,70,70,70,70,70,70,70,70,70,70,70,70,70,70,70,70,70,70,70,70,70,70,70,76,76,76,76,76,76,53,53,53,53],"card_choices":[{"not_picked":["Underhanded Strike","Bane"],"picked":"Infinite Blades","floor":1.0},{"not_picked":["Prepared","Dagger Spray"],"picked":"Bouncing Flask","floor":3.0},{"not_picked":["Quick Slash","Distraction"],"picked":"Sucker Punch","floor":7.0},{"not_picked":["Heel Hook","Slice"],"picked":"Noxious Fumes","floor":8.0},{"not_picked":["Flying Knee","Sucker Punch"],"picked":"Cloak And Dagger","floor":10.0},{"not_picked":["Sucker Punch","Masterful Stab"],"picked":"Deadly Poison","floor":12.0},{"not_picked":["Acrobatics","Flying Knee"],"picked":"Calculated Gamble","floor":14.0},{"not_picked":["Glass Knife","A Thousand Cuts"],"picked":"Adrenaline","floor":16.0},{"not_picked":["Outmaneuver","Dagger Spray+1","Masterful Stab+1"],"picked":"SKIP","floor":18.0},{"not_picked":["Sucker Punch+1","Dagger Spray"],"picked":"Deadly Poison","floor":20.0},{"not_picked":["Sucker Punch+1","Poisoned Stab"],"picked":"Expertise+1","floor":21.0},{"not_picked":["Endless Agony","Backstab"],"picked":"Night Terror","floor":22.0},{"not_picked":["Dodge and Roll","Quick Slash"],"picked":"Deflect+1","floor":24.0},{"not_picked":["After Image","Tools of the Trade"],"picked":"Wraith Form v2","floor":33}],"player_experience":535228,"relics_obtained":[{"floor":19.0,"key":"Nilry\u0027s Codex"},{"floor":26.0,"key":"Regal Pillow"}],"event_choices":[{"damage_healed":0.0,"max_hp_gain":0.0,"max_hp_loss":0.0,"gold_gain":175.0,"event_name":"Liars Game","player_choice":"AGREE","floor":2.0,"gold_loss":0.0,"damage_taken":0.0,"cards_obtained":["Doubt"]},{"damage_healed":0.0,"max_hp_gain":0.0,"max_hp_loss":0.0,"gold_gain":0.0,"event_name":"The Woman in Blue","player_choice":"Bought 1 Potion","floor":5.0,"gold_loss":0.0,"damage_taken":0.0},{"damage_healed":0.0,"max_hp_gain":0.0,"max_hp_loss":0.0,"gold_gain":0.0,"event_name":"Mushrooms","player_choice":"Fought Mushrooms","floor":14.0,"gold_loss":0.0,"damage_taken":0.0},{"damage_healed":0.0,"max_hp_gain":0.0,"max_hp_loss":0.0,"gold_gain":0.0,"event_name":"Cursed Tome","player_choice":"Obtained Book","floor":19.0,"gold_loss":0.0,"damage_taken":16.0},{"damage_healed":0.0,"max_hp_gain":0.0,"max_hp_loss":0.0,"gold_gain":0.0,"event_name":"The Mausoleum","player_choice":"Opened","floor":25.0,"gold_loss":0.0,"damage_taken":0.0,"relics_obtained":["Darkstone Periapt"],"cards_obtained":["Writhe"]},{"damage_healed":0.0,"max_hp_gain":0.0,"max_hp_loss":0.0,"gold_gain":0.0,"event_name":"Back to Basics","player_choice":"Simplicity","floor":30.0,"gold_loss":0.0,"damage_taken":0.0,"cards_upgraded":["Defend_G","Defend_G","Defend_G","Defend_G","Defend_G","Strike_G","Strike_G","Strike_G","Strike_G","Strike_G"]},{"damage_healed":0.0,"max_hp_gain":0.0,"max_hp_loss":23.0,"gold_gain":0.0,"event_name":"Vampires","player_choice":"Became a vampire","floor":31.0,"gold_loss":0.0,"damage_taken":0.0,"cards_obtained":["Bite","Bite","Bite","Bite","Bite"]}],"is_beta":false,"boss_relics":[{"not_picked":[]}],"items_purged_floors":[4,27],"is_endless":false,"potions_floor_spawned":[3,10,14,16,24,33],"ascension_level":0}