{"gold_per_floor":[115,126,136,61,72,72,103,103,103,130,141,141,161,178,178,178],"floor_reached":16,"playtime":646,"items_purged":["Decay"],"score":228,"play_id":"c9c3b1f5-59c8-48b7-a8db-5c5d6a1389e1","local_time":"20190607145654","is_ascension_mode":true,"campfire_choices":[{"data":"Bludgeon","floor":6,"key":"SMITH"},{"data":"Barricade","floor":8,"key":"SMITH"},{"data":"True Grit","floor":15,"key":"SMITH"}],"neow_cost":"CURSE","seed_source_timestamp":3685318243945155,"circlet_count":0,"master_deck":["AscendersBane","Strike_R","Strike_R","Strike_R","Strike_R","Strike_R","Defend_R","Defend_R","Defend_R","Defend_R","Bash","Bludgeon+1","True Grit+1","Headbutt","Barricade+1","Body Slam","Evolve","Battle Trance","Flame Barrier","Seeing Red","Impervious"],"relics":["Burning Blood","Bag of Marbles","Art of War","Frozen Egg 2"],"potions_floor_usage":[16,16],"damage_taken":[{"damage":2,"enemies":"Small Slimes","floor":1,"turns":2},{"damage":9,"enemies":"Jaw Worm","floor":2,"turns":2},{"damage":6,"enemies":"Cultist","floor":3,"turns":3},{"damage":11,"enemies":"Looter","floor":5,"turns":3},{"damage":35,"enemies":"3 Sentries","floor":7,"turns":8},{"damage":8,"enemies":"Gremlin Nob","floor":10,"turns":3},{"damage":8,"enemies":"3 Louse","floor":11,"turns":4},{"damage":4,"enemies":"Blue Slaver","floor":13,"turns":3},{"damage":28,"enemies":"Exordium Thugs","floor":14,"turns":6},{"damage":19,"enemies":"Hexaghost","floor":16,"turns":11}],"seed_played":"5370990479021900837","potions_obtained":[{"floor":5,"key":"SpeedPotion"},{"floor":7,"key":"Poison Potion"},{"floor":11,"key":"Block Potion"}],"is_trial":false,"path_per_floor":["M","M","M","$","M","R","E","R","T","E","M","?","M","M","R","B"],"character_chosen":"IRONCLAD","items_purchased":[],"campfire_rested":0,"item_purchase_floors":[],"current_hp_per_floor":[72,69,69,69,64,64,35,35,35,33,31,36,38,16,16,0],"gold":178,"neow_bonus":"THREE_RARE_CARDS","is_prod":false,"is_daily":false,"chose_seed":false,"campfire_upgraded":3,"win_rate":0,"timestamp":1559944614,"path_taken":["M","M","M","$","M","R","E","R","T","E","M","?","M","M","R","BOSS"],"build_version":"2019-06-05","purchased_purges":1,"victory":false,"max_hp_per_floor":[75,75,75,75,75,75,75,75,75,75,75,80,80,80,80,80],"card_choices":[{"not_picked":["Berserk","Brutality"],"picked":"Bludgeon","floor":0},{"not_picked":["Warcry","Burning Pact"],"picked":"True Grit","floor":1},{"not_picked":["Anger","Twin Strike"],"picked":"Headbutt","floor":2},{"not_picked":["True Grit","Sentinel"],"picked":"Barricade","floor":3},{"not_picked":["Thunderclap","Warcry"],"picked":"Body Slam","floor":5},{"not_picked":["Sentinel","Flame Barrier"],"picked":"Evolve","floor":7},{"not_picked":["Headbutt","Dropkick"],"picked":"Battle Trance","floor":10},{"not_picked":["Infernal Blade","Power Through"],"picked":"Flame Barrier","floor":11},{"not_picked":["Clash","Corruption+1","Seeing Red"],"picked":"SKIP","floor":13},{"not_picked":["Clash","Corruption+1"],"picked":"Seeing Red","floor":13},{"not_picked":["True Grit","Thunderclap"],"picked":"Impervious","floor":14}],"player_experience":1319692,"relics_obtained":[{"floor":7,"key":"Bag of Marbles"},{"floor":9,"key":"Art of War"},{"floor":10,"key":"Frozen Egg 2"}],"event_choices":[{"damage_healed":0,"gold_gain":0,"player_choice":"Donut","damage_taken":0,"max_hp_gain":5,"max_hp_loss":0,"event_name":"Big Fish","floor":12,"gold_loss":0}],"is_beta":true,"boss_relics":[],"items_purged_floors":[4],"is_endless":false,"potions_floor_spawned":[5,7,11,14],"killed_by":"Hexaghost","ascension_level":20}