{"gold_per_floor":[119,131,56,56,72,107,107,138,138,165,176,176,187,222,234,347,359,390,402,431,455,484,521,549,592,604,616,653,327,341,359,359,459,459,477,491,259,274,288,288,322,340,340,340,356,162,162,162,162,162,162,162,7,33,33],"floor_reached":55,"playtime":6295,"items_purged":["Strike_G","Clumsy","Regret"],"score":831,"play_id":"95cc492c-cd44-481f-9f03-b869929b6bba","local_time":"20190906025245","is_ascension_mode":true,"campfire_choices":[{"floor":7,"key":"RECALL"},{"floor":12,"key":"REST"},{"data":"Catalyst","floor":15,"key":"SMITH"},{"data":"Dash","floor":27,"key":"SMITH"},{"floor":32,"key":"REST"},{"data":"Bouncing Flask","floor":40,"key":"SMITH"},{"floor":44,"key":"REST"},{"data":"Footwork","floor":47,"key":"SMITH"},{"data":"Noxious Fumes","floor":49,"key":"SMITH"},{"data":"Malaise","floor":52,"key":"SMITH"}],"neow_cost":"NONE","seed_source_timestamp":177730292786600,"circlet_count":0,"master_deck":["Strike_G","Strike_G","Defend_G","Defend_G","Defend_G","Defend_G","Survivor","Neutralize","Dagger Throw","Crippling Poison","Predator+1","Catalyst+1","Sucker Punch","A Thousand Cuts","Predator+1","Bouncing Flask+1","Dash+1","After Image","Dash","Footwork+1","Bouncing Flask+1","Leg Sweep+1","Malaise+1","Poisoned Stab+1","Catalyst+1","Noxious Fumes+1","Heel Hook+1","Terror"],"relics":["Snecko Eye","Snake Skull","Torii","Ninja Scroll","Vajra","MawBank","Cursed Key","Orichalcum","Meat on the Bone","Lantern","Ornamental Fan","Empty Cage","DollysMirror","Smiling Mask","Letter Opener","Boot","Whetstone","Tingsha"],"potions_floor_usage":[6,6,20,21,23,23,23,33,33,45,50,55],"damage_taken":[{"damage":1,"enemies":"Cultist","floor":1,"turns":5},{"damage":0,"enemies":"Small Slimes","floor":2,"turns":3},{"damage":3,"enemies":"Jaw Worm","floor":5,"turns":4},{"damage":1,"enemies":"Lagavulin","floor":6,"turns":5},{"damage":13,"enemies":"3 Sentries","floor":8,"turns":8},{"damage":1,"enemies":"Lagavulin","floor":10,"turns":5},{"damage":1,"enemies":"Red Slaver","floor":11,"turns":2},{"damage":0,"enemies":"2 Fungi Beasts","floor":13,"turns":1},{"damage":0,"enemies":"Gremlin Nob","floor":14,"turns":2},{"damage":13,"enemies":"The Guardian","floor":16,"turns":5},{"damage":1,"enemies":"2 Thieves","floor":18,"turns":3},{"damage":0,"enemies":"3 Byrds","floor":20,"turns":3},{"damage":1,"enemies":"Snake Plant","floor":21,"turns":2},{"damage":0,"enemies":"Centurion and Healer","floor":22,"turns":4},{"damage":24,"enemies":"Slavers","floor":23,"turns":6},{"damage":9,"enemies":"Snecko","floor":24,"turns":5},{"damage":1,"enemies":"Gremlin Leader","floor":25,"turns":3},{"damage":17,"enemies":"Slavers","floor":28,"turns":4},{"damage":0,"enemies":"Snake Plant","floor":30,"turns":3},{"damage":0,"enemies":"Sentry and Sphere","floor":31,"turns":4},{"damage":25,"enemies":"Automaton","floor":33,"turns":9},{"damage":0,"enemies":"3 Shapes","floor":35,"turns":2},{"damage":1,"enemies":"3 Darklings","floor":36,"turns":4},{"damage":0,"enemies":"Sphere and 2 Shapes","floor":38,"turns":6},{"damage":1,"enemies":"Maw","floor":39,"turns":6},{"damage":36,"enemies":"Reptomancer","floor":41,"turns":7},{"damage":0,"enemies":"Writhing Mass","floor":42,"turns":3},{"damage":4,"enemies":"3 Darklings","floor":45,"turns":3},{"damage":9,"enemies":"Awakened One","floor":50,"turns":12},{"damage":43,"enemies":"Shield and Spear","floor":54,"turns":4},{"damage":64,"enemies":"The Heart","floor":55,"turns":5}],"seed_played":"-2286669536103300461","potions_obtained":[{"floor":2,"key":"PowerPotion"},{"floor":5,"key":"SkillPotion"},{"floor":10,"key":"Dexterity Potion"},{"floor":13,"key":"Fire Potion"},{"floor":14,"key":"SneckoOil"},{"floor":20,"key":"SkillPotion"},{"floor":22,"key":"Regen Potion"},{"floor":24,"key":"AttackPotion"},{"floor":31,"key":"Block Potion"},{"floor":36,"key":"SteroidPotion"},{"floor":42,"key":"Fire Potion"},{"floor":45,"key":"FearPotion"}],"is_trial":false,"path_per_floor":["M","M","$","?","M","E","R","E","T","E","M","R","M","E","R","B",null,"M","?","M","M","M","E","M","E","T","R","E","$","M","M","R","B",null,"M","M","$","M","M","R","E","M","T","R","M","$","R","?","R","B",null,"R","$","E","B"],"character_chosen":"THE_SILENT","items_purchased":["Ornamental Fan","DollysMirror","Noxious Fumes","Boot","Whetstone"],"campfire_rested":3,"item_purchase_floors":[29,37,37,46,53],"current_hp_per_floor":[69,69,69,74,71,70,70,57,57,56,55,75,75,75,75,62,75,74,74,74,73,73,61,52,51,51,51,46,46,46,46,68,43,75,75,74,74,74,73,73,49,49,49,71,67,67,67,67,67,58,75,75,75,44,0],"gold":33,"neow_bonus":"BOSS_RELIC","is_prod":false,"is_daily":false,"chose_seed":false,"campfire_upgraded":6,"win_rate":0,"timestamp":1567709565,"path_taken":["M","M","?","?","M","E","R","E","T","E","M","R","M","E","R","BOSS","M","?","M","M","M","E","?","E","T","R","E","$","M","M","R","BOSS","M","M","$","M","M","R","E","M","T","R","M","$","R","?","R","BOSS","R","$","E","BOSS"],"build_version":"2019-07-17","purchased_purges":3,"victory":false,"max_hp_per_floor":[70,70,70,75,75,75,75,75,75,75,75,75,75,75,75,75,75,75,75,75,75,75,75,75,75,75,75,75,75,75,75,75,75,75,75,75,75,75,75,75,75,75,75,75,75,75,75,75,75,75,75,75,75,75,75],"card_choices":[{"not_picked":["Dodge and Roll","Escape Plan"],"picked":"Dagger Throw","floor":1},{"not_picked":["Riddle With Holes","Flying Knee"],"picked":"Crippling Poison","floor":2},{"not_picked":["Bane","Reflex"],"picked":"Predator","floor":5},{"not_picked":["Deflect","Finisher"],"picked":"Catalyst","floor":6},{"not_picked":["Heel Hook","Backflip"],"picked":"Sucker Punch","floor":8},{"not_picked":["Dagger Throw","Well Laid Plans"],"picked":"A Thousand Cuts","floor":10},{"not_picked":["All Out Attack","Slice"],"picked":"Predator","floor":11},{"not_picked":["Escape Plan","Poisoned Stab"],"picked":"Bouncing Flask","floor":13},{"not_picked":["Expertise","Flying Knee"],"picked":"Dash","floor":14},{"not_picked":["Phantasmal Killer","Unload"],"picked":"After Image","floor":16},{"not_picked":["Quick Slash","Dodge and Roll"],"picked":"Dash","floor":18},{"not_picked":["Dodge and Roll","Sucker Punch"],"picked":"Footwork","floor":20},{"not_picked":["Flying Knee","Eviscerate","Outmaneuver"],"picked":"SKIP","floor":21},{"not_picked":["Infinite Blades","Sucker Punch","Deadly Poison"],"picked":"SKIP","floor":22},{"not_picked":["Deflect","Distraction+1"],"picked":"Bouncing Flask","floor":23},{"not_picked":["Deflect+1","Phantasmal Killer","Dagger Spray"],"picked":"SKIP","floor":24},{"not_picked":["Endless Agony+1","Outmaneuver","Sucker Punch"],"picked":"SKIP","floor":25},{"not_picked":["Sucker Punch+1","Glass Knife","Terror"],"picked":"SKIP","floor":28},{"not_picked":["Blade Dance","Bane"],"picked":"Leg Sweep+1","floor":30},{"not_picked":["Escape Plan+1","Deadly Poison","Prepared"],"picked":"SKIP","floor":31},{"not_picked":["Die Die Die","Tools of the Trade"],"picked":"Malaise","floor":33},{"not_picked":["Backflip+1","Prepared"],"picked":"Poisoned Stab+1","floor":35},{"not_picked":["Finisher","Deadly Poison+1","PiercingWail"],"picked":"SKIP","floor":36},{"not_picked":["PiercingWail+1","Dagger Throw","Noxious Fumes"],"picked":"SKIP","floor":38},{"not_picked":["Bane+1","Finisher+1"],"picked":"Heel Hook+1","floor":39},{"not_picked":["Heel Hook+1","Leg Sweep+1","Caltrops"],"picked":"SKIP","floor":41},{"not_picked":["Backstab+1","Flying Knee+1","Prepared"],"picked":"SKIP","floor":42},{"not_picked":["After Image","Flying Knee","Bane"],"picked":"SKIP","floor":45},{"not_picked":["Backflip+1","Predator+1"],"picked":"Terror","floor":54}],"player_experience":69929,"relics_obtained":[{"floor":6,"key":"Snake Skull"},{"floor":8,"key":"Torii"},{"floor":9,"key":"Ninja Scroll"},{"floor":10,"key":"Vajra"},{"floor":14,"key":"MawBank"},{"floor":23,"key":"Orichalcum"},{"floor":25,"key":"Meat on the Bone"},{"floor":28,"key":"Lantern"},{"floor":41,"key":"Smiling Mask"},{"floor":43,"key":"Letter Opener"},{"floor":54,"key":"Tingsha"}],"event_choices":[{"damage_healed":0,"gold_gain":0,"player_choice":"Donut","damage_taken":0,"max_hp_gain":5,"max_hp_loss":0,"event_name":"Big Fish","floor":4,"gold_loss":0},{"cards_removed":["Strike_G"],"damage_healed":0,"gold_gain":0,"player_choice":"Purged","damage_taken":0,"max_hp_gain":0,"max_hp_loss":0,"event_name":"Purifier","floor":19,"gold_loss":0},{"damage_healed":0,"gold_gain":0,"player_choice":"Forge","damage_taken":0,"max_hp_gain":0,"max_hp_loss":0,"event_name":"Accursed Blacksmith","floor":48,"gold_loss":0,"cards_upgraded":["Bouncing Flask"]}],"is_beta":false,"boss_relics":[{"not_picked":["Lizard Tail","Fusion Hammer"],"picked":"Cursed Key"},{"not_picked":["Orrery","White Beast Statue"],"picked":"Empty Cage"}],"items_purged_floors":[3,29,46],"is_endless":false,"potions_floor_spawned":[2,5,10,13,14,18,20,22,24,31,36,42,45],"killed_by":"The Heart","ascension_level":1}