{"gold_per_floor":[111,128,128,143,143,143,158,158,206,263,278,278,297,146,146,223,223,238,249,249,70,70,70,86,97,97,108,123,123],"floor_reached":29,"playtime":1654,"items_purged":["Strike_G","Pain"],"score":401,"play_id":"ed115534-d055-420d-ad64-6a9ff26905d4","local_time":"20180721045939","is_ascension_mode":true,"campfire_choices":[{"data":"Neutralize","floor":6,"key":"SMITH"},{"data":"Skewer","floor":8,"key":"SMITH"},{"floor":15,"key":"REST"},{"floor":23,"key":"REST"}],"neow_cost":"NONE","seed_source_timestamp":1063144114973135,"circlet_count":0,"master_deck":["Defend_G+1","Defend_G+1","Defend_G+1","Defend_G+1","Defend_G+1","Strike_G+1","Strike_G+1","Strike_G+1","Survivor","Neutralize+1","AscendersBane","Cloak And Dagger","Riddle With Holes","Flying Knee","Skewer+1","Heel Hook","Sucker Punch","Unload","Well Laid Plans","Malaise","Normality","Regret","Backflip","Terror","Catalyst","Deflect","Bouncing Flask"],"relics":["White Beast Statue","Centennial Puzzle","Tiny Chest","FaceOfCleric","Calling Bell","Gambling Chip","Ornamental Fan","Snake Skull","Torii"],"potions_floor_usage":[10,16,28,28],"damage_taken":[{"damage":6,"enemies":"2 Louse","floor":1,"turns":3},{"damage":13,"enemies":"Small Slimes","floor":2,"turns":5},{"damage":3,"enemies":"Jaw Worm","floor":4,"turns":5},{"damage":1,"enemies":"3 Louse","floor":7,"turns":5},{"damage":9,"enemies":"Lagavulin","floor":10,"turns":7},{"damage":4,"enemies":"Lots of Slimes","floor":11,"turns":4},{"damage":1,"enemies":"Looter","floor":13,"turns":2},{"damage":23,"enemies":"Slime Boss","floor":16,"turns":10},{"damage":13,"enemies":"3 Byrds","floor":18,"turns":7},{"damage":16,"enemies":"Chosen","floor":19,"turns":4},{"damage":7,"enemies":"Centurion and Healer","floor":24,"turns":8},{"damage":28,"enemies":"Chosen and Byrds","floor":25,"turns":7},{"damage":3,"enemies":"Snake Plant","floor":27,"turns":6},{"damage":28,"enemies":"Slaver and Parasite","floor":28,"turns":9},{"damage":3,"enemies":"Snecko","floor":29,"turns":5}],"seed_played":"-889868544096234459","potions_obtained":[{"floor":1,"key":"Weak Potion"},{"floor":2,"key":"SteroidPotion"},{"floor":10,"key":"Energy Potion"},{"floor":13,"key":"Dexterity Potion"},{"floor":16,"key":"GamblersBrew"},{"floor":24,"key":"Strength Potion"},{"floor":27,"key":"Regen Potion"},{"floor":28,"key":"Energy Potion"}],"is_trial":false,"path_per_floor":["M","M","?","M","?","R","M","R","T","E","M","?","M","$","R","B",null,"M","M","?","$","?","R","M","M","T","M","M"],"character_chosen":"THE_SILENT","items_purchased":["Well Laid Plans","Terror"],"campfire_rested":2,"item_purchase_floors":[14,21],"current_hp_per_floor":[53,40,33,30,30,30,29,29,29,20,16,16,16,16,36,14,55,43,28,28,28,28,49,43,16,16,14,2,0],"gold":123,"neow_bonus":"BOSS_RELIC","is_prod":false,"is_daily":false,"chose_seed":false,"campfire_upgraded":2,"win_rate":0,"timestamp":1532174379,"path_taken":["M","M","?","M","?","R","M","R","T","E","M","?","M","?","R","BOSS","M","M","?","$","?","R","M","M","T","?","?","M"],"build_version":"2018-07-19","purchased_purges":2,"victory":false,"max_hp_per_floor":[66,66,66,66,66,66,66,66,66,66,66,66,67,67,67,68,68,69,70,70,70,70,70,71,72,72,73,74,74],"card_choices":[{"not_picked":["Bane","Blur"],"picked":"Cloak And Dagger","floor":1},{"not_picked":["Slice","Deadly Poison"],"picked":"Riddle With Holes","floor":2},{"not_picked":["Slice","Predator"],"picked":"Flying Knee","floor":4},{"not_picked":["Quick Slash","Dagger Throw"],"picked":"Skewer","floor":7},{"not_picked":["Outmaneuver","Flying Knee"],"picked":"Heel Hook","floor":10},{"not_picked":["All Out Attack","PiercingWail"],"picked":"Sucker Punch","floor":11},{"not_picked":["Crippling Poison","Blade Dance"],"picked":"Unload","floor":13},{"not_picked":["Glass Knife","Die Die Die"],"picked":"Malaise","floor":16},{"not_picked":["Concentrate","Underhanded Strike","Blade Dance"],"picked":"SKIP","floor":18},{"not_picked":["Poisoned Stab","Dagger Throw+1"],"picked":"Backflip","floor":19},{"not_picked":["Endless Agony","Eviscerate"],"picked":"Catalyst","floor":24},{"not_picked":["Dagger Throw","Well Laid Plans"],"picked":"Deflect","floor":25},{"not_picked":["Finisher","All Out Attack"],"picked":"Bouncing Flask","floor":27},{"not_picked":["Flying Knee","Reflex","Sucker Punch"],"picked":"SKIP","floor":28}],"player_experience":854188,"relics_obtained":[{"floor":9,"key":"Centennial Puzzle"},{"floor":10,"key":"Tiny Chest"},{"floor":17,"key":"Gambling Chip"},{"floor":17,"key":"Ornamental Fan"},{"floor":17,"key":"Snake Skull"},{"floor":26,"key":"Torii"}],"event_choices":[{"event_name":"Golden Wing","player_choice":"Card Removal","floor":3,"damage_taken":0},{"event_name":"Liars Game","player_choice":"disagreed","floor":5,"damage_taken":0},{"event_name":"FaceTrader","player_choice":"Trade","floor":12,"damage_taken":0},{"event_name":"Cursed Tome","player_choice":"Ignored","floor":20,"damage_taken":0},{"event_name":"Back to Basics","player_choice":"Simplicity","floor":22,"damage_taken":0}],"is_beta":true,"boss_relics":[{"not_picked":["Runic Pyramid","Eternal Feather"],"picked":"Calling Bell"}],"items_purged_floors":[14,21],"is_endless":false,"potions_floor_spawned":[1,2,4,7,10,11,13,16,18,19,24,25,27,28],"killed_by":"Snecko","ascension_level":15}