{"gold_per_floor":[11,11,31,45,63,96,96,127,150,177,177,195,215,235,235,314,314,324,337,6,6,26,26,39,39,39,39],"floor_reached":27,"playtime":2054,"items_purged":["Strike_G"],"score":438,"play_id":"764ede19-73a0-47b2-95e1-900b12010740","local_time":"20181023231303","is_ascension_mode":true,"campfire_choices":[{"data":"Neutralize","floor":7,"key":"SMITH"},{"floor":11,"key":"REST"},{"floor":15,"key":"REST"},{"floor":23,"key":"REST"},{"floor":25,"key":"REST"}],"neow_cost":"NO_GOLD","seed_source_timestamp":2835715094115812,"circlet_count":0,"master_deck":["Defend_G","Defend_G","Defend_G","Defend_G","Defend_G","Strike_G","Strike_G","Survivor","Neutralize+1","AscendersBane","Glass Knife","Slice","Flying Knee","Deadly Poison","Glass Knife","Sucker Punch","Backflip","PiercingWail","Dodge and Roll","Footwork","Dagger Spray","Malaise","Flechettes","Footwork","Predator"],"relics":["Ring of the Snake","Centennial Puzzle","Lantern","Blood Vial","Oddly Smooth Stone","Bag of Preparation","Empty Cage","Regal Pillow","Ice Cream"],"potions_floor_usage":[8,8,22],"damage_taken":[{"damage":2,"enemies":"Jaw Worm","floor":1,"turns":4},{"damage":0,"enemies":"Cultist","floor":3,"turns":3},{"damage":0,"enemies":"2 Louse","floor":4,"turns":2},{"damage":3,"enemies":"Blue Slaver","floor":5,"turns":4},{"damage":9,"enemies":"3 Sentries","floor":6,"turns":8},{"damage":21,"enemies":"Lagavulin","floor":8,"turns":7},{"damage":11,"enemies":"3 Sentries","floor":10,"turns":8},{"damage":1,"enemies":"Exordium Wildlife","floor":12,"turns":3},{"damage":4,"enemies":"Gremlin Gang","floor":13,"turns":4},{"damage":9,"enemies":"Exordium Thugs","floor":14,"turns":4},{"damage":19,"enemies":"Slime Boss","floor":16,"turns":11},{"damage":12,"enemies":"3 Byrds","floor":18,"turns":7},{"damage":4,"enemies":"Chosen","floor":19,"turns":6},{"damage":32,"enemies":"3 Cultists","floor":22,"turns":7},{"damage":29,"enemies":"Snake Plant","floor":24,"turns":6},{"damage":63,"enemies":"Gremlin Leader","floor":27,"turns":11}],"seed_played":"2049326689777106157","potions_obtained":[{"floor":3,"key":"Weak Potion"},{"floor":4,"key":"Swift Potion"},{"floor":6,"key":"Regen Potion"},{"floor":10,"key":"EssenceOfSteel"},{"floor":13,"key":"Ancient Potion"},{"floor":16,"key":"FearPotion"},{"floor":24,"key":"Ancient Potion"}],"is_trial":false,"path_per_floor":["M","?","M","M","M","E","R","E","T","E","R","M","M","M","R","B",null,"M","M","$","?","M","R","M","R","T"],"character_chosen":"THE_SILENT","items_purchased":["Footwork","Regal Pillow"],"campfire_rested":4,"item_purchase_floors":[20,20],"current_hp_per_floor":[57,31,31,31,28,19,19,13,13,4,23,24,22,15,34,17,54,44,42,42,42,12,46,19,53,53,0],"gold":39,"neow_bonus":"THREE_RARE_CARDS","is_prod":false,"is_daily":false,"chose_seed":false,"campfire_upgraded":1,"win_rate":0,"timestamp":1540361583,"path_taken":["M","?","M","M","M","E","R","E","T","E","R","M","?","M","R","BOSS","M","M","$","?","M","R","M","R","T","E"],"build_version":"2018-10-22","purchased_purges":1,"victory":false,"max_hp_per_floor":[66,66,66,66,66,66,66,66,66,66,66,66,66,66,66,66,66,66,66,66,66,66,66,66,66,66,66],"card_choices":[{"not_picked":["A Thousand Cuts","Bullet Time"],"picked":"Glass Knife","floor":0},{"not_picked":["Prepared","Bane"],"picked":"Slice","floor":1},{"not_picked":["Deadly Poison","Slice"],"picked":"Flying Knee","floor":3},{"not_picked":["Prepared","Outmaneuver"],"picked":"Deadly Poison","floor":4},{"not_picked":["Masterful Stab","Underhanded Strike"],"picked":"Glass Knife","floor":5},{"not_picked":["Bouncing Flask","Prepared"],"picked":"Sucker Punch","floor":6},{"not_picked":["Accuracy","Flechettes"],"picked":"Backflip","floor":8},{"not_picked":["Slice","Outmaneuver"],"picked":"PiercingWail","floor":10},{"not_picked":["Outmaneuver","Slice"],"picked":"Dodge and Roll","floor":12},{"not_picked":["Well Laid Plans","Caltrops"],"picked":"Footwork","floor":13},{"not_picked":["Crippling Poison","Poisoned Stab"],"picked":"Dagger Spray","floor":14},{"not_picked":["Adrenaline","Envenom"],"picked":"Malaise","floor":16},{"not_picked":["Dagger Spray","Underhanded Strike","Acrobatics"],"picked":"SKIP","floor":18},{"not_picked":["Deadly Poison+1","Calculated Gamble"],"picked":"Flechettes","floor":19},{"not_picked":["Poisoned Stab","Deadly Poison"],"picked":"Predator","floor":22},{"not_picked":["Poisoned Stab","Finisher","PiercingWail"],"picked":"SKIP","floor":24}],"player_experience":972832,"relics_obtained":[{"floor":6,"key":"Lantern"},{"floor":8,"key":"Blood Vial"},{"floor":9,"key":"Oddly Smooth Stone"},{"floor":10,"key":"Bag of Preparation"},{"floor":26,"key":"Ice Cream"}],"event_choices":[{"damage_healed":0,"gold_gain":0,"player_choice":"Success","damage_taken":26,"relics_obtained":["Centennial Puzzle"],"max_hp_gain":0,"max_hp_loss":0,"event_name":"Scrap Ooze","floor":2,"gold_loss":0},{"damage_healed":0,"gold_gain":0,"player_choice":"Ignored","damage_taken":0,"max_hp_gain":0,"max_hp_loss":0,"event_name":"Beggar","floor":21,"gold_loss":0}],"is_beta":true,"boss_relics":[{"not_picked":["Orrery","Eternal Feather"],"picked":"Empty Cage"}],"items_purged_floors":[20],"is_endless":false,"potions_floor_spawned":[3,4,6,10,13,16,18,24],"killed_by":"Gremlin Leader","ascension_level":17}