{"gold_per_floor":[109,109,126,143,143,174,191,207,230,230,230,242,242,242,242,333,333,314,339,339],"floor_reached":20,"playtime":1078,"items_purged":[],"score":343,"play_id":"f62d1893-a85c-486b-9720-ca0b0d2a47cf","local_time":"20190829154002","is_ascension_mode":true,"campfire_choices":[{"floor":10.0,"key":"REST"},{"data":"Warcry","floor":13,"key":"SMITH"},{"floor":15,"key":"REST"}],"neow_cost":"NONE","seed_source_timestamp":268757716239399,"circlet_count":0,"master_deck":["AscendersBane","Strike_R","Strike_R","Strike_R","Strike_R","Defend_R","Defend_R","Defend_R","Defend_R","Bash","Shrug It Off","Combust+1","Evolve","Battle Trance","Dual Wield","Warcry+1","Havoc","Spot Weakness","Fiend Fire","Double Tap","Intimidate","Infernal Blade+1"],"special_seed":0,"relics":["Burning Blood","NeowsBlessing","Dream Catcher","Pen Nib","Golden Idol","Cursed Key"],"potions_floor_usage":[16,20],"damage_taken":[{"damage":0.0,"enemies":"Small Slimes","floor":1.0,"turns":1.0},{"damage":0.0,"enemies":"Cultist","floor":3.0,"turns":1.0},{"damage":0.0,"enemies":"2 Louse","floor":4.0,"turns":2.0},{"damage":72.0,"enemies":"Lagavulin","floor":6.0,"turns":11.0},{"damage":0.0,"enemies":"2 Fungi Beasts","floor":7.0,"turns":5.0},{"damage":13.0,"enemies":"Looter","floor":8.0,"turns":3.0},{"damage":10,"enemies":"Large Slime","floor":12,"turns":6},{"damage":30,"enemies":"Slime Boss","floor":16,"turns":5},{"damage":31,"enemies":"2 Thieves","floor":18,"turns":4},{"damage":26,"enemies":"Spheric Guardian","floor":19,"turns":5},{"damage":12,"enemies":"3 Cultists","floor":20,"turns":3}],"seed_played":"-8659764997426206801","potions_obtained":[{"floor":7.0,"key":"SteroidPotion"},{"floor":8.0,"key":"FearPotion"},{"floor":19,"key":"SpeedPotion"}],"is_trial":false,"path_per_floor":["M","?","M","M","?","E","M","M","T","R","?","M","R","?","R","B",null,"M","M","M"],"character_chosen":"IRONCLAD","items_purchased":[],"campfire_rested":2,"item_purchase_floors":[],"current_hp_per_floor":[74,74,75,75,75,9,15,8,8,30,30,26,26,26,46,22,57,32,12,0],"gold":339,"neow_bonus":"THREE_ENEMY_KILL","is_prod":false,"is_daily":false,"chose_seed":false,"campfire_upgraded":1,"win_rate":0,"timestamp":1567107602,"path_taken":["M","?","?","M","?","E","M","M","T","R","?","M","R","?","R","BOSS","M","M","M"],"build_version":"2019-07-17","purchased_purges":0,"victory":false,"max_hp_per_floor":[75,75,75,75,75,75,75,75,75,75,75,75,75,68,68,68,68,68,68,68],"card_choices":[{"not_picked":["Sword Boomerang","Fire Breathing"],"picked":"Shrug It Off","floor":1.0},{"not_picked":["Infernal Blade","Combust","True Grit"],"picked":"SKIP","floor":3.0},{"not_picked":["Infernal Blade","True Grit"],"picked":"Combust","floor":3.0},{"not_picked":["Clash","Shrug It Off"],"picked":"Evolve","floor":4.0},{"not_picked":["Thunderclap","Pommel Strike"],"picked":"Battle Trance","floor":6.0},{"not_picked":["Havoc","Thunderclap"],"picked":"Dual Wield","floor":7.0},{"not_picked":["Shrug It Off","Rage"],"picked":"Warcry","floor":8.0},{"not_picked":["Twin Strike","Pommel Strike"],"picked":"Havoc","floor":10.0},{"not_picked":["Rupture","Intimidate"],"picked":"Spot Weakness","floor":12},{"not_picked":["Warcry","True Grit"],"picked":"Fiend Fire","floor":15},{"not_picked":["Offering","Impervious"],"picked":"Double Tap","floor":16},{"not_picked":["Fire Breathing","Pommel Strike"],"picked":"Intimidate","floor":18},{"not_picked":["Pommel Strike+1","Searing Blow"],"picked":"Infernal Blade+1","floor":19}],"player_experience":746755,"relics_obtained":[{"floor":6.0,"key":"Dream Catcher"},{"floor":9.0,"key":"Pen Nib"}],"event_choices":[{"cards_removed":["Strike_R"],"damage_healed":0.0,"max_hp_gain":0.0,"max_hp_loss":0.0,"gold_gain":0.0,"event_name":"Purifier","player_choice":"Purged","floor":2.0,"gold_loss":0.0,"damage_taken":0.0},{"damage_healed":0.0,"max_hp_gain":0.0,"max_hp_loss":0.0,"gold_gain":0.0,"event_name":"Living Wall","player_choice":"Grow","floor":5.0,"gold_loss":0.0,"damage_taken":0.0,"cards_upgraded":["Combust"]},{"damage_healed":0,"gold_gain":0,"player_choice":"Searched \u00270\u0027 times","damage_taken":0,"max_hp_gain":0,"max_hp_loss":0,"event_name":"Dead Adventurer","floor":11,"gold_loss":0},{"damage_healed":0,"gold_gain":0,"player_choice":"Lose Max HP","damage_taken":0,"relics_obtained":["Golden Idol"],"max_hp_gain":0,"max_hp_loss":7,"event_name":"Golden Idol","floor":14,"gold_loss":0}],"is_beta":false,"boss_relics":[{"not_picked":["Runic Cube","Black Blood"],"picked":"Cursed Key"}],"items_purged_floors":[],"is_endless":false,"potions_floor_spawned":[7,8,19],"killed_by":"3 Cultists","ascension_level":19}