{"gold_per_floor":[114,2,2,18,37,37,71,71,71,135,135],"floor_reached":11,"playtime":269,"items_purged":["Strike_G"],"score":162,"play_id":"2c88c59c-e65a-448e-b297-7b5f00025345","local_time":"20190605225627","is_ascension_mode":true,"campfire_choices":[{"data":"Skewer","floor":6,"key":"SMITH"},{"data":"After Image","floor":8,"key":"SMITH"}],"neow_cost":"NONE","seed_source_timestamp":3541668508799120,"circlet_count":0,"master_deck":["AscendersBane","Strike_G","Strike_G","Strike_G","Strike_G","Defend_G","Defend_G","Defend_G","Defend_G","Defend_G","Survivor","Neutralize","All Out Attack","Skewer+1","Dagger Throw","Dagger Spray","After Image+1","PiercingWail"],"relics":["Ring of the Snake","NeowsBlessing","Pear","Vajra","Tiny Chest"],"potions_floor_usage":[5,7,7],"damage_taken":[{"damage":0,"enemies":"Cultist","floor":1,"turns":1},{"damage":0,"enemies":"2 Louse","floor":4,"turns":1},{"damage":0,"enemies":"Small Slimes","floor":5,"turns":1},{"damage":32,"enemies":"Lagavulin","floor":7,"turns":6},{"damage":22,"enemies":"Gremlin Nob","floor":10,"turns":4},{"damage":28,"enemies":"Gremlin Nob","floor":11,"turns":3}],"seed_played":"-8899556070510051299","potions_obtained":[{"floor":3,"key":"Ancient Potion"},{"floor":3,"key":"Fruit Juice"},{"floor":5,"key":"Strength Potion"}],"is_trial":false,"path_per_floor":["M","$","?","M","M","R","E","R","T","E","?"],"character_chosen":"THE_SILENT","items_purchased":["Skewer"],"campfire_rested":0,"item_purchase_floors":[2],"current_hp_per_floor":[59,59,59,59,64,64,42,42,42,20,0],"gold":135,"neow_bonus":"THREE_ENEMY_KILL","is_prod":false,"is_daily":false,"chose_seed":false,"campfire_upgraded":2,"win_rate":0,"timestamp":1559800587,"path_taken":["M","$","?","M","?","R","E","R","T","E","?"],"build_version":"2019-06-05","purchased_purges":1,"victory":false,"max_hp_per_floor":[66,66,66,66,71,71,81,81,81,81,81],"card_choices":[{"not_picked":["Deflect","Expertise"],"picked":"All Out Attack","floor":1},{"not_picked":["Outmaneuver","Flechettes"],"picked":"Dagger Throw","floor":4},{"not_picked":["Underhanded Strike","Quick Slash"],"picked":"Dagger Spray","floor":5},{"not_picked":["Deadly Poison","Poisoned Stab"],"picked":"After Image","floor":7},{"not_picked":["Blade Dance","Reflex"],"picked":"PiercingWail","floor":10}],"player_experience":1304743,"relics_obtained":[{"floor":7,"key":"Pear"},{"floor":9,"key":"Vajra"},{"floor":10,"key":"Tiny Chest"}],"event_choices":[{"damage_healed":0,"gold_gain":0,"player_choice":"Got Potions","damage_taken":0,"max_hp_gain":0,"max_hp_loss":0,"event_name":"Lab","floor":3,"gold_loss":0},{"damage_healed":0,"gold_gain":0,"player_choice":"Searched \u00271\u0027 times","damage_taken":0,"max_hp_gain":0,"max_hp_loss":0,"event_name":"Dead Adventurer","floor":11,"gold_loss":0}],"is_beta":true,"boss_relics":[],"items_purged_floors":[2],"is_endless":false,"potions_floor_spawned":[5],"killed_by":"Gremlin Nob","ascension_level":20}