{"gold_per_floor":[113,125,136,147,162,162,192,192,192,157,157,177,190,224,224,224],"floor_reached":16,"playtime":727,"items_purged":[],"score":217,"play_id":"a87f11cd-48ef-4ba4-943a-ecbb1d4104d8","local_time":"20181025042436","is_ascension_mode":true,"campfire_choices":[{"data":"Zap","floor":6,"key":"SMITH"},{"data":"Go for the Eyes","floor":8,"key":"SMITH"},{"data":"Defragment","floor":15,"key":"SMITH"}],"neow_cost":"NONE","seed_source_timestamp":2942134286232849,"circlet_count":0,"master_deck":["Strike_B","Strike_B","Strike_B","Strike_B","Defend_B","Defend_B","Defend_B","Defend_B","Zap+1","Dualcast","AscendersBane","BootSequence","Undo","Compile Driver","Go for the Eyes+1","Loop","Rainbow","Defragment+1","Consume","Genetic Algorithm"],"relics":["Cracked Core","The Courier","Lantern","Golden Idol","Regal Pillow"],"potions_floor_usage":[4,14,14],"damage_taken":[{"damage":1,"enemies":"Cultist","floor":1,"turns":3},{"damage":0,"enemies":"2 Louse","floor":2,"turns":2},{"damage":10,"enemies":"Small Slimes","floor":3,"turns":3},{"damage":18,"enemies":"Exordium Thugs","floor":4,"turns":6},{"damage":5,"enemies":"3 Louse","floor":5,"turns":5},{"damage":5,"enemies":"Lagavulin","floor":7,"turns":7},{"damage":1,"enemies":"Lots of Slimes","floor":12,"turns":5},{"damage":0,"enemies":"Large Slime","floor":13,"turns":5},{"damage":15,"enemies":"Gremlin Nob","floor":14,"turns":4},{"damage":39,"enemies":"Slime Boss","floor":16,"turns":8}],"seed_played":"-5360265692893213813","potions_obtained":[{"floor":3,"key":"Poison Potion"},{"floor":5,"key":"Block Potion"},{"floor":12,"key":"SteroidPotion"},{"floor":14,"key":"Ancient Potion"}],"is_trial":false,"path_per_floor":["M","M","M","M","M","R","E","R","T","?","?","M","M","E","R"],"character_chosen":"DEFECT","items_purchased":[],"campfire_rested":0,"item_purchase_floors":[],"current_hp_per_floor":[70,70,60,42,37,37,32,32,32,51,51,50,50,35,35,0],"gold":224,"neow_bonus":"TEN_PERCENT_HP_BONUS","is_prod":false,"is_daily":false,"chose_seed":false,"campfire_upgraded":3,"win_rate":0,"timestamp":1540466676,"path_taken":["M","M","M","M","?","R","E","R","T","?","?","?","M","E","R","BOSS"],"build_version":"2018-10-24","purchased_purges":0,"victory":false,"max_hp_per_floor":[78,78,78,78,78,78,78,78,78,78,71,71,71,71,71,71],"card_choices":[{"not_picked":["Go for the Eyes","Turbo"],"picked":"BootSequence","floor":1},{"not_picked":["Steam","Scrape"],"picked":"Undo","floor":2},{"not_picked":["Beam Cell","Steam"],"picked":"Compile Driver","floor":3},{"not_picked":["Aggregate","Redo"],"picked":"Go for the Eyes","floor":4},{"not_picked":["Chill","Steam Power"],"picked":"Loop","floor":5},{"not_picked":["Beam Cell","Genetic Algorithm"],"picked":"Rainbow","floor":7},{"not_picked":["Gash","Force Field"],"picked":"Defragment","floor":12},{"not_picked":["Leap","Turbo"],"picked":"Consume","floor":13},{"not_picked":["Steam","Hello World"],"picked":"Genetic Algorithm","floor":14}],"player_experience":994045,"relics_obtained":[{"floor":7,"key":"The Courier"},{"floor":9,"key":"Lantern"},{"floor":14,"key":"Regal Pillow"}],"event_choices":[{"damage_healed":19,"gold_gain":0,"player_choice":"Healed","damage_taken":0,"max_hp_gain":0,"max_hp_loss":0,"event_name":"The Cleric","floor":10,"gold_loss":35},{"damage_healed":0,"gold_gain":0,"player_choice":"Lose Max HP","damage_taken":0,"relics_obtained":["Golden Idol"],"max_hp_gain":0,"max_hp_loss":7,"event_name":"Golden Idol","floor":11,"gold_loss":0}],"is_beta":true,"boss_relics":[],"items_purged_floors":[],"is_endless":false,"potions_floor_spawned":[3,5,12,13,14],"killed_by":"Slime Boss","ascension_level":18}