{"gold_per_floor":[109,128,128,78,78,78,108,108,133,161,161,174,190,210,210,306,306,323,323,342,342,342,377,391,391],"floor_reached":25,"playtime":1490,"items_purged":[],"score":432,"play_id":"fff51a21-d0dd-4aa0-8ba3-a5e08b05dca8","local_time":"20181230003603","is_ascension_mode":true,"campfire_choices":[{"data":"Footwork","floor":6.0,"key":"SMITH"},{"data":"Catalyst","floor":11.0,"key":"SMITH"},{"floor":15.0,"key":"REST"}],"neow_cost":"NONE","seed_source_timestamp":610488193722358,"circlet_count":0,"master_deck":["Defend_G","Defend_G","Defend_G","Defend_G","Defend_G","Survivor","Neutralize","Catalyst+1","Footwork+1","Deadly Poison","Catalyst+1","Cloak And Dagger","Adrenaline","Night Terror","Bite","Bite","Bite","Bite","Bite","Escape Plan","Blur"],"special_seed":0,"relics":["Ring of the Serpent","NeowsBlessing","Snake Skull","Happy Flower","Ancient Tea Set","Blue Candle","Oddly Smooth Stone","Dream Catcher"],"potions_floor_usage":[25],"damage_taken":[{"damage":0.0,"enemies":"Jaw Worm","floor":1.0,"turns":1.0},{"damage":0.0,"enemies":"2 Louse","floor":2.0,"turns":1.0},{"damage":0.0,"enemies":"3 Sentries","floor":7.0,"turns":2.0},{"damage":16.0,"enemies":"Gremlin Nob","floor":10.0,"turns":4.0},{"damage":1.0,"enemies":"Small Slimes","floor":12.0,"turns":6.0},{"damage":3.0,"enemies":"2 Fungi Beasts","floor":13.0,"turns":5.0},{"damage":4.0,"enemies":"Looter","floor":14.0,"turns":3.0},{"damage":36.0,"enemies":"The Guardian","floor":16.0,"turns":8.0},{"damage":21.0,"enemies":"Spheric Guardian","floor":18.0,"turns":5.0},{"damage":17.0,"enemies":"Chosen","floor":20.0,"turns":5.0},{"damage":25.0,"enemies":"Book of Stabbing","floor":23.0,"turns":5.0},{"damage":10.0,"enemies":"Centurion and Healer","floor":24.0,"turns":19.0},{"damage":67,"enemies":"Slavers","floor":25,"turns":4}],"seed_played":"243465127175900679","potions_obtained":[{"floor":2.0,"key":"GamblersBrew"},{"floor":7.0,"key":"SpeedPotion"},{"floor":10.0,"key":"SpeedPotion"},{"floor":13.0,"key":"FearPotion"},{"floor":24.0,"key":"Regen Potion"}],"is_trial":false,"path_per_floor":["M","M","?","?","?","R","E","?","T","E","R","M","M","M","R","B",null,"M","?","M","?","?","E","M","E"],"character_chosen":"THE_SILENT","items_purchased":[],"campfire_rested":1,"item_purchase_floors":[],"current_hp_per_floor":[63,63,63,63,56,56,56,56,56,40,40,39,36,32,53,17,57,36,36,29,29,29,6,49,0],"gold":391,"neow_bonus":"THREE_ENEMY_KILL","is_prod":false,"is_daily":false,"chose_seed":false,"campfire_upgraded":2,"win_rate":0,"timestamp":1546148163,"path_taken":["M","M","?","?","?","R","E","?","T","E","R","M","M","M","R","BOSS","M","?","M","?","?","E","M","E"],"build_version":"2018-12-20","purchased_purges":0,"victory":false,"max_hp_per_floor":[70,70,70,70,70,70,70,70,70,70,70,70,70,70,70,70,70,70,49,49,49,49,49,49,49],"card_choices":[{"not_picked":["Sucker Punch","Poisoned Stab"],"picked":"Catalyst","floor":1.0},{"not_picked":["Quick Slash","Caltrops"],"picked":"Footwork","floor":2.0},{"not_picked":["Sucker Punch","Calculated Gamble"],"picked":"Deadly Poison","floor":7.0},{"not_picked":["Slice","Predator"],"picked":"Catalyst","floor":10.0},{"not_picked":["Infinite Blades","Poisoned Stab"],"picked":"Cloak And Dagger","floor":12.0},{"not_picked":["Dagger Throw","Eviscerate"],"picked":"Adrenaline","floor":13.0},{"not_picked":["Slice","Outmaneuver","Dodge and Roll"],"picked":"SKIP","floor":14.0},{"not_picked":["Doppelganger","Malaise"],"picked":"Night Terror","floor":16.0},{"not_picked":["Slice+1","Quick Slash+1","Caltrops"],"picked":"SKIP","floor":18.0},{"not_picked":["Reflex+1","Dodge and Roll"],"picked":"Escape Plan","floor":20.0},{"not_picked":["Infinite Blades","Blade Dance"],"picked":"Blur","floor":23.0},{"not_picked":["Acrobatics","Endless Agony+1","Distraction"],"picked":"SKIP","floor":24.0}],"player_experience":219272,"relics_obtained":[{"floor":7.0,"key":"Snake Skull"},{"floor":9.0,"key":"Ancient Tea Set"},{"floor":10.0,"key":"Blue Candle"},{"floor":23.0,"key":"Dream Catcher"}],"event_choices":[{"damage_healed":0.0,"max_hp_gain":0.0,"max_hp_loss":0.0,"gold_gain":0.0,"event_name":"Living Wall","player_choice":"Grow","floor":3.0,"gold_loss":0.0,"damage_taken":0.0,"cards_upgraded":["Catalyst"]},{"cards_removed":["Strike_G"],"damage_healed":0.0,"max_hp_gain":0.0,"max_hp_loss":0.0,"gold_gain":0.0,"event_name":"The Cleric","player_choice":"Card Removal","floor":4.0,"gold_loss":50.0,"damage_taken":0.0},{"cards_removed":["Strike_G"],"damage_healed":0.0,"max_hp_gain":0.0,"max_hp_loss":0.0,"gold_gain":0.0,"event_name":"Golden Wing","player_choice":"Card Removal","floor":5.0,"gold_loss":0.0,"damage_taken":7.0},{"damage_healed":0.0,"max_hp_gain":0.0,"max_hp_loss":0.0,"gold_gain":0.0,"event_name":"Big Fish","player_choice":"Box","floor":8.0,"gold_loss":0.0,"damage_taken":0.0,"relics_obtained":["Happy Flower"],"cards_obtained":["Regret"]},{"damage_healed":0.0,"max_hp_gain":0.0,"max_hp_loss":21.0,"gold_gain":0.0,"event_name":"Vampires","player_choice":"Became a vampire","floor":19.0,"gold_loss":0.0,"damage_taken":0.0,"cards_obtained":["Bite","Bite","Bite","Bite","Bite"]},{"damage_healed":0.0,"max_hp_gain":0.0,"max_hp_loss":0.0,"gold_gain":0.0,"event_name":"The Mausoleum","player_choice":"Opened","floor":21.0,"gold_loss":0.0,"damage_taken":0.0,"relics_obtained":["Oddly Smooth Stone"],"cards_obtained":["Writhe"]},{"cards_removed":["Writhe","Regret"],"damage_healed":0.0,"max_hp_gain":0.0,"max_hp_loss":0.0,"gold_gain":0.0,"event_name":"Fountain of Cleansing","player_choice":"Removed Curses","floor":22.0,"gold_loss":0.0,"damage_taken":0.0}],"is_beta":false,"boss_relics":[{"not_picked":["Runic Dome","Empty Cage"],"picked":"Ring of the Serpent"}],"items_purged_floors":[],"is_endless":false,"potions_floor_spawned":[2,7,10,13,14,24],"killed_by":"Slavers","ascension_level":9}