{"gold_per_floor":[114,114,131,40,40,40,52,82,136,136,153,167,167,178,178,253,253,266,282,282,295,30,30,30,45,97,130,130,156,156],"floor_reached":30,"playtime":2193,"items_purged":[],"score":540,"play_id":"d6bf7bd4-ba90-4ccb-84ee-d8ede57b6a42","local_time":"20190217114123","is_ascension_mode":true,"campfire_choices":[{"data":"Terror","floor":6.0,"key":"SMITH"},{"data":"Caltrops","floor":13.0,"key":"SMITH"},{"data":"Neutralize","floor":15.0,"key":"SMITH"},{"data":"Malaise","floor":23.0,"key":"SMITH"},{"floor":28.0,"key":"REST"}],"neow_cost":"NONE","seed_source_timestamp":80301686616300,"circlet_count":0,"master_deck":["AscendersBane","Defend_G","Defend_G","Defend_G","Defend_G","Defend_G","Strike_G","Strike_G","Strike_G","Strike_G","Survivor","Neutralize+1","Blur","Quick Slash","Terror+1","Slice","Caltrops+1","Escape Plan","Finisher","Dagger Spray","Wraith Form v2+1","Outmaneuver","Malaise+1","Quick Slash+1","Dagger Spray","Escape Plan","Finisher","Well Laid Plans","Prepared","Flying Knee"],"special_seed":0,"relics":["Ring of the Snake","NeowsBlessing","Bronze Scales","Mango","Omamori","Eternal Feather","Chemical X","PreservedInsect","Blue Candle","Meat on the Bone"],"potions_floor_usage":[],"damage_taken":[{"damage":0.0,"enemies":"Small Slimes","floor":1.0,"turns":1.0},{"damage":0.0,"enemies":"Cultist","floor":3.0,"turns":1.0},{"damage":0.0,"enemies":"Jaw Worm","floor":7.0,"turns":1.0},{"damage":30.0,"enemies":"Lagavulin","floor":8.0,"turns":8.0},{"damage":1.0,"enemies":"Looter","floor":11.0,"turns":3.0},{"damage":5.0,"enemies":"Lots of Slimes","floor":12.0,"turns":3.0},{"damage":4.0,"enemies":"3 Louse","floor":14.0,"turns":2.0},{"damage":2.0,"enemies":"Hexaghost","floor":16.0,"turns":9.0},{"damage":15.0,"enemies":"Chosen","floor":18.0,"turns":6.0},{"damage":19.0,"enemies":"Spheric Guardian","floor":19.0,"turns":4.0},{"damage":12.0,"enemies":"Snake Plant","floor":21.0,"turns":4.0},{"damage":10.0,"enemies":"Sentry and Sphere","floor":25.0,"turns":7.0},{"damage":13.0,"enemies":"Gremlin Leader","floor":27.0,"turns":7.0},{"damage":28.0,"enemies":"Slavers","floor":29.0,"turns":4.0},{"damage":28,"enemies":"Centurion and Healer","floor":30,"turns":3}],"seed_played":"-7505604781242130054","potions_obtained":[{"floor":1.0,"key":"SpeedPotion"},{"floor":14.0,"key":"Weak Potion"},{"floor":16.0,"key":"GamblersBrew"},{"floor":18.0,"key":"LiquidBronze"},{"floor":21.0,"key":"Strength Potion"}],"is_trial":false,"path_per_floor":["M","?","M","$","?","R","M","E","T","?","M","M","R","M","R","B",null,"M","M","?","M","$","R","$","M","T","E","R","E","M"],"character_chosen":"THE_SILENT","items_purchased":["Terror","Slice","Chemical X","Finisher"],"campfire_rested":1,"item_purchase_floors":[4,4,22,22],"current_hp_per_floor":[59,59,59,59,59,59,59,43,43,31,30,25,25,21,21,19,65,50,31,31,19,19,34,34,24,24,11,50,22,0],"gold":156,"neow_bonus":"THREE_ENEMY_KILL","is_prod":false,"is_daily":false,"chose_seed":false,"campfire_upgraded":4,"win_rate":0,"timestamp":1550432483,"path_taken":["M","?","?","?","?","R","M","E","T","?","?","M","R","M","R","BOSS","M","M","?","M","$","R","?","M","T","E","R","E","M"],"build_version":"2019-02-06","purchased_purges":0,"victory":false,"max_hp_per_floor":[66,66,66,66,66,66,66,80,80,80,80,80,80,80,80,80,80,80,80,80,80,80,80,80,80,80,80,80,80,80],"card_choices":[{"not_picked":["Deflect","Bane"],"picked":"Blur","floor":1.0},{"not_picked":["Concentrate","Acrobatics"],"picked":"Quick Slash","floor":3.0},{"not_picked":["Dagger Throw","Blade Dance"],"picked":"Escape Plan","floor":7.0},{"not_picked":["Deadly Poison","Outmaneuver"],"picked":"Finisher","floor":8.0},{"not_picked":["Acrobatics","Infinite Blades"],"picked":"Dagger Spray","floor":11.0},{"not_picked":["Slice","All Out Attack"],"picked":"Wraith Form v2","floor":12.0},{"not_picked":["Underhanded Strike","Blade Dance"],"picked":"Outmaneuver","floor":14.0},{"not_picked":["Grand Finale","Venomology"],"picked":"Malaise","floor":16.0},{"not_picked":["Prepared","Choke"],"picked":"Quick Slash+1","floor":18.0},{"not_picked":["Quick Slash","Bane"],"picked":"Dagger Spray","floor":19.0},{"not_picked":["Noxious Fumes","Concentrate"],"picked":"Escape Plan","floor":21.0},{"not_picked":["Backflip","PiercingWail"],"picked":"Well Laid Plans","floor":25.0},{"not_picked":["Flechettes","All Out Attack"],"picked":"Prepared","floor":27.0},{"not_picked":["Blade Dance","Dagger Spray"],"picked":"Flying Knee","floor":29.0}],"player_experience":3277153,"relics_obtained":[{"floor":8.0,"key":"Mango"},{"floor":9.0,"key":"Omamori"},{"floor":26.0,"key":"PreservedInsect"},{"floor":27.0,"key":"Blue Candle"},{"floor":29.0,"key":"Meat on the Bone"}],"event_choices":[{"damage_healed":0.0,"max_hp_gain":0.0,"max_hp_loss":0.0,"gold_gain":0.0,"event_name":"WeMeetAgain","player_choice":"Gave Potion","floor":2.0,"gold_loss":0.0,"damage_taken":0.0,"relics_obtained":["Bronze Scales"]},{"damage_healed":0.0,"max_hp_gain":0.0,"max_hp_loss":0.0,"gold_gain":0.0,"cards_transformed":["Strike_G"],"event_name":"Living Wall","player_choice":"Change","floor":5.0,"gold_loss":0.0,"damage_taken":0.0,"cards_obtained":["Caltrops"]},{"damage_healed":0.0,"max_hp_gain":0.0,"max_hp_loss":0.0,"gold_gain":0.0,"event_name":"Wheel of Change","player_choice":"Damaged","floor":10.0,"gold_loss":0.0,"damage_taken":12.0},{"damage_healed":0.0,"max_hp_gain":0.0,"max_hp_loss":0.0,"gold_gain":0.0,"event_name":"Upgrade Shrine","player_choice":"Upgraded","floor":20.0,"gold_loss":0.0,"damage_taken":0.0,"cards_upgraded":["Wraith Form v2"]}],"is_beta":true,"boss_relics":[{"not_picked":["White Beast Statue","WristBlade"],"picked":"Eternal Feather"}],"items_purged_floors":[],"is_endless":false,"potions_floor_spawned":[1,14,16,18,21],"killed_by":"Centurion and Healer","ascension_level":20}