{"gold_per_floor":[112,132,151,163,36,64,64,64,116,116,36,36,69,82,82,156,156,166,166,346,24,38,38,52,52,52,80,100,25,39,52,52,124,124,137,38,38,52,52,52,52,52,79,79,92,117,117,134,134,134],"floor_reached":51,"playtime":3689,"items_purged":["Strike_B"],"score":1375,"play_id":"23f39178-340b-4e94-ba37-e33e1dca6a25","local_time":"20181109011503","is_ascension_mode":true,"campfire_choices":[{"data":"Go for the Eyes","floor":7,"key":"SMITH"},{"floor":10,"key":"REST"},{"data":"Loop","floor":12,"key":"SMITH"},{"floor":15,"key":"REST"},{"data":"Echo Form","floor":23,"key":"SMITH"},{"data":"Biased Cognition","floor":25,"key":"SMITH"},{"floor":32,"key":"REST"},{"data":"Capacitor","floor":40,"key":"SMITH"},{"floor":42,"key":"REST"},{"data":"Zap","floor":44,"key":"SMITH"},{"floor":47,"key":"REST"},{"data":"Glacier","floor":49,"key":"SMITH"}],"neow_cost":"NONE","seed_source_timestamp":4227390653988816,"circlet_count":0,"master_deck":["AscendersBane","Strike_B","Strike_B+1","Strike_B+1","Defend_B","Defend_B","Defend_B","Defend_B","Zap+1","Dualcast","Doom and Gloom","Reinforced Body","Go for the Eyes+1","Echo Form+1","Glacier+1","Loop+1","Coolheaded+1","Capacitor+1","Biased Cognition+1","Gash","Core Surge","Steam+1","Consume+1","Hologram+1","Reprogram+1","Core Surge","Purity+1","Secret Technique+1","Purity+1","Madness+1","Madness+1","Recycle+1"],"relics":["Cracked Core","Toxic Egg 2","Regal Pillow","Whetstone","Runic Pyramid","Turnip","Meat on the Bone","Oddly Smooth Stone","Velvet Choker","Ancient Tea Set","Blood Vial"],"potions_floor_usage":[28,50,50],"damage_taken":[{"damage":2,"enemies":"2 Louse","floor":1,"turns":3},{"damage":9,"enemies":"Jaw Worm","floor":2,"turns":4},{"damage":5,"enemies":"Small Slimes","floor":3,"turns":2},{"damage":14,"enemies":"Red Slaver","floor":4,"turns":3},{"damage":13,"enemies":"Lagavulin","floor":6,"turns":10},{"damage":21,"enemies":"3 Sentries","floor":13,"turns":6},{"damage":7,"enemies":"3 Louse","floor":14,"turns":4},{"damage":34,"enemies":"The Guardian","floor":16,"turns":10},{"damage":0,"enemies":"Chosen","floor":18,"turns":6},{"damage":0,"enemies":"Shell Parasite","floor":22,"turns":7},{"damage":1,"enemies":"Chosen and Byrds","floor":24,"turns":8},{"damage":12,"enemies":"Book of Stabbing","floor":27,"turns":10},{"damage":9,"enemies":"Cultist and Chosen","floor":28,"turns":6},{"damage":0,"enemies":"Snecko","floor":30,"turns":6},{"damage":7,"enemies":"Centurion and Healer","floor":31,"turns":7},{"damage":41,"enemies":"Collector","floor":33,"turns":11},{"damage":4,"enemies":"Orb Walker","floor":35,"turns":6},{"damage":5,"enemies":"3 Shapes","floor":38,"turns":7},{"damage":36,"enemies":"Spire Growth","floor":45,"turns":7},{"damage":0,"enemies":"Nemesis","floor":46,"turns":7},{"damage":18,"enemies":"Maw","floor":48,"turns":10},{"damage":24,"enemies":"Time Eater","floor":50,"turns":13}],"seed_played":"3835382973561678313","potions_obtained":[{"floor":3,"key":"FocusPotion"},{"floor":4,"key":"Fire Potion"},{"floor":30,"key":"LiquidBronze"},{"floor":33,"key":"FocusPotion"}],"is_trial":false,"path_per_floor":["M","M","M","M","$","E","R","?","T","R","$","R","E","M","R","B",null,"M","?","?","$","M","R","M","R","T","E","M","$","M","M","R","B",null,"M","$","?","M","$","R","?","R","T","R","M","E","R","M","R","B",null],"character_chosen":"DEFECT","items_purchased":["Glacier","Loop","Capacitor","Turnip","Purity+1"],"campfire_rested":5,"item_purchase_floors":[5,5,11,21,36],"current_hp_per_floor":[69,60,55,41,41,28,28,17,17,55,55,55,34,27,65,31,66,66,66,45,45,45,45,44,44,44,44,47,47,47,40,78,49,71,67,67,57,52,52,52,38,76,76,76,40,40,78,60,60,50],"gold":134,"neow_bonus":"TEN_PERCENT_HP_BONUS","is_prod":false,"is_daily":false,"chose_seed":false,"campfire_upgraded":7,"win_rate":0,"timestamp":1541754903,"path_taken":["M","M","M","M","$","E","R","?","T","R","$","R","E","M","R","BOSS","M","?","?","$","?","R","M","R","T","E","M","$","M","M","R","BOSS","M","$","?","M","$","R","?","R","T","R","M","E","R","M","R","BOSS"],"build_version":"2018-11-08","purchased_purges":1,"victory":true,"max_hp_per_floor":[78,78,78,78,78,78,78,78,78,78,78,78,78,78,78,78,78,78,78,78,78,78,78,78,78,78,78,78,78,78,78,78,78,78,78,78,78,78,78,78,78,78,78,78,78,78,78,78,78,78],"card_choices":[{"not_picked":["Barrage","Go for the Eyes"],"picked":"Doom and Gloom","floor":1},{"not_picked":["Stack","Tempest"],"picked":"Reinforced Body","floor":2},{"not_picked":["Barrage","Rebound"],"picked":"Go for the Eyes","floor":3},{"not_picked":["Genetic Algorithm","Blizzard"],"picked":"Echo Form","floor":4},{"not_picked":["Gash","Double Energy"],"picked":"Coolheaded","floor":6},{"not_picked":["Beam Cell","Cold Snap"],"picked":"Biased Cognition","floor":13},{"not_picked":["Go for the Eyes","Skim+1"],"picked":"Gash","floor":14},{"not_picked":["Amplify+1","Thunder Strike"],"picked":"Core Surge","floor":16},{"not_picked":["Ball Lightning","Steam+1","Rebound+1"],"picked":"SKIP","floor":18},{"not_picked":["Ball Lightning","Rebound+1"],"picked":"Steam+1","floor":18},{"not_picked":["Sweeping Beam","Hyperbeam"],"picked":"Hologram+1","floor":22},{"not_picked":["Coolheaded+1","Go for the Eyes"],"picked":"Reprogram+1","floor":24},{"not_picked":["Steam Power+1","Barrage","Streamline"],"picked":"SKIP","floor":27},{"not_picked":["Cold Snap","Rebound","Rainbow+1"],"picked":"SKIP","floor":28},{"not_picked":["Consume+1","Hologram+1","Force Field+1"],"picked":"SKIP","floor":30},{"not_picked":["Cold Snap","Leap+1","Doom and Gloom"],"picked":"SKIP","floor":31},{"not_picked":["Buffer","Creative AI"],"picked":"Core Surge","floor":33},{"not_picked":["Melter","Leap+1","Cold Snap+1"],"picked":"SKIP","floor":35},{"not_picked":["Melter","Leap+1","Cold Snap+1"],"picked":"SKIP","floor":35},{"not_picked":["Melter","Leap+1","Cold Snap+1"],"picked":"SKIP","floor":35},{"not_picked":["Blind+1","Thinking Ahead+1"],"picked":"Secret Technique+1","floor":37},{"not_picked":["PanicButton+1","Mayhem"],"picked":"Purity+1","floor":37},{"not_picked":["Steam Power+1","Turbo+1","Reprogram+1"],"picked":"SKIP","floor":38},{"not_picked":["Defragment","Gash"],"picked":"Recycle+1","floor":45},{"not_picked":["Go for the Eyes","Coolheaded+1","Steam+1"],"picked":"SKIP","floor":46},{"not_picked":["Barrage","Gash","Stack+1"],"picked":"SKIP","floor":48}],"player_experience":1038055,"relics_obtained":[{"floor":6,"key":"Toxic Egg 2"},{"floor":9,"key":"Regal Pillow"},{"floor":13,"key":"Whetstone"},{"floor":26,"key":"Meat on the Bone"},{"floor":27,"key":"Oddly Smooth Stone"},{"floor":43,"key":"Ancient Tea Set"},{"floor":46,"key":"Blood Vial"}],"event_choices":[{"damage_healed":0,"gold_gain":0,"player_choice":"Fled","damage_taken":11,"max_hp_gain":0,"max_hp_loss":0,"event_name":"Scrap Ooze","floor":8,"gold_loss":0},{"damage_healed":0,"gold_gain":0,"player_choice":"Read","damage_taken":0,"max_hp_gain":0,"max_hp_loss":0,"event_name":"The Library","floor":19,"gold_loss":0,"cards_obtained":["Consume"]},{"damage_healed":0,"gold_gain":180,"player_choice":"GOLD GOLD ","damage_taken":21,"max_hp_gain":0,"max_hp_loss":0,"event_name":"Knowing Skull","floor":20,"potions_obtained":[],"gold_loss":0,"cards_obtained":[]},{"damage_healed":0,"gold_gain":0,"player_choice":"Memory 3","damage_taken":10,"max_hp_gain":0,"max_hp_loss":0,"event_name":"SensoryStone","floor":37,"gold_loss":0},{"damage_healed":0,"gold_gain":0,"player_choice":"Embrace Madness","damage_taken":14,"max_hp_gain":0,"max_hp_loss":0,"event_name":"Winding Halls","floor":41,"gold_loss":0,"cards_obtained":["Madness","Madness"]}],"is_beta":true,"boss_relics":[{"not_picked":["Lizard Tail","White Beast Statue"],"picked":"Runic Pyramid"},{"not_picked":["Tiny House","Coffee Dripper"],"picked":"Velvet Choker"}],"items_purged_floors":[29],"is_endless":false,"potions_floor_spawned":[3,4,13,14,27,30,33,35,38,48],"ascension_level":19}