{"gold_per_floor":[113,126,141,153,153,153,178,194,265,293,293,308,308,319,319,396,396,406,424,440,440,440,440,361,389,414,433,433,464,464,464],"floor_reached":31,"playtime":1570,"items_purged":[],"score":584,"play_id":"6a8c4e6d-3476-416e-852d-dbb31a8288a8","local_time":"20190520031558","is_ascension_mode":true,"campfire_choices":[{"data":"Uppercut","floor":6,"key":"SMITH"},{"data":"Inflame","floor":11,"key":"SMITH"},{"data":"Heavy Blade","floor":15,"key":"SMITH"},{"floor":23,"key":"REST"},{"floor":30,"key":"REST"}],"neow_cost":"PERCENT_DAMAGE","seed_source_timestamp":2087137891538283,"circlet_count":0,"master_deck":["AscendersBane","Strike_R+1","Defend_R+1","Defend_R+1","Defend_R+1","Defend_R+1","Bash","Panacea","Dramatic Entrance","Inflame+1","Uppercut+1","Heavy Blade+1","Feel No Pain","Metallicize","Flame Barrier","Demon Form","Evolve+1","Disarm+1","Clothesline+1","Disarm","Wild Strike+1"],"relics":["Burning Blood","Strawberry","Ornamental Fan","Ice Cream","Astrolabe","MutagenicStrength","Anchor","Orichalcum","Red Mask"],"potions_floor_usage":[7,7,14,16,25,29],"damage_taken":[{"damage":0,"enemies":"2 Louse","floor":1,"turns":2},{"damage":9,"enemies":"Jaw Worm","floor":2,"turns":4},{"damage":1,"enemies":"Cultist","floor":3,"turns":3},{"damage":9,"enemies":"Looter","floor":4,"turns":3},{"damage":18,"enemies":"Gremlin Nob","floor":7,"turns":4},{"damage":14,"enemies":"Blue Slaver","floor":8,"turns":4},{"damage":23,"enemies":"3 Sentries","floor":10,"turns":8},{"damage":1,"enemies":"2 Fungi Beasts","floor":12,"turns":3},{"damage":13,"enemies":"Exordium Thugs","floor":14,"turns":6},{"damage":7,"enemies":"Hexaghost","floor":16,"turns":9},{"damage":6,"enemies":"Chosen","floor":18,"turns":6},{"damage":18,"enemies":"Shell Parasite","floor":19,"turns":7},{"damage":23,"enemies":"Centurion and Healer","floor":20,"turns":8},{"damage":19,"enemies":"Book of Stabbing","floor":25,"turns":7},{"damage":33,"enemies":"3 Cultists","floor":27,"turns":6},{"damage":28,"enemies":"Masked Bandits","floor":29,"turns":6},{"damage":52,"enemies":"Slavers","floor":31,"turns":4}],"seed_played":"7500736219868819094","potions_obtained":[{"floor":1,"key":"Ancient Potion"},{"floor":2,"key":"Strength Potion"},{"floor":7,"key":"Energy Potion"},{"floor":10,"key":"Explosive Potion"},{"floor":14,"key":"SteroidPotion"},{"floor":16,"key":"SkillPotion"},{"floor":19,"key":"BloodPotion"}],"is_trial":false,"path_per_floor":["M","M","M","M","?","R","E","M","T","E","R","M","?","M","R","B",null,"M","M","M","?","?","R","$","E","T","M","?","?","R","E"],"character_chosen":"IRONCLAD","items_purchased":["Disarm"],"campfire_rested":2,"item_purchase_floors":[24],"current_hp_per_floor":[56,53,58,55,48,48,43,35,35,18,18,23,23,16,16,15,65,65,53,36,36,36,60,60,47,47,20,36,22,46,0],"gold":464,"neow_bonus":"RANDOM_COLORLESS_2","is_prod":false,"is_daily":false,"chose_seed":false,"campfire_upgraded":3,"win_rate":0,"timestamp":1558347358,"path_taken":["M","M","M","M","?","R","E","M","T","E","R","M","?","M","R","BOSS","M","M","M","?","?","R","$","E","T","?","?","?","R","E"],"build_version":"2019-05-07","purchased_purges":0,"victory":false,"max_hp_per_floor":[75,75,75,75,75,75,82,82,82,82,82,82,82,82,82,82,82,82,82,82,82,82,82,82,82,82,82,82,82,82,82],"card_choices":[{"not_picked":["Flex","Wild Strike"],"picked":"Inflame","floor":1},{"not_picked":["True Grit","Body Slam"],"picked":"Uppercut","floor":2},{"not_picked":["Havoc","Corruption","Second Wind"],"picked":"SKIP","floor":3},{"not_picked":["Clash","Wild Strike","Hemokinesis"],"picked":"SKIP","floor":4},{"not_picked":["Headbutt","Anger"],"picked":"Heavy Blade","floor":7},{"not_picked":["Dual Wield","Burning Pact"],"picked":"Feel No Pain","floor":8},{"not_picked":["Perfected Strike","Iron Wave"],"picked":"Metallicize","floor":10},{"not_picked":["Body Slam","Feel No Pain"],"picked":"Flame Barrier","floor":12},{"not_picked":["Pommel Strike","Infernal Blade","Flex"],"picked":"SKIP","floor":14},{"not_picked":["Berserk","Juggernaut"],"picked":"Demon Form","floor":16},{"not_picked":["Rage","Body Slam","Rupture"],"picked":"SKIP","floor":18},{"not_picked":["Burning Pact","Heavy Blade","Armaments"],"picked":"SKIP","floor":19},{"not_picked":["Armaments","Thunderclap","Bloodletting"],"picked":"SKIP","floor":20},{"not_picked":["Perfected Strike","Rupture+1","Heavy Blade"],"picked":"SKIP","floor":25},{"not_picked":["Perfected Strike","Warcry"],"picked":"Wild Strike+1","floor":27}],"player_experience":1262342,"relics_obtained":[{"floor":7,"key":"Strawberry"},{"floor":9,"key":"Ornamental Fan"},{"floor":10,"key":"Ice Cream"},{"floor":25,"key":"Anchor"},{"floor":26,"key":"Orichalcum"},{"floor":29,"key":"Red Mask"}],"event_choices":[{"cards_removed":["Strike_R"],"damage_healed":0,"gold_gain":0,"player_choice":"Card Removal","damage_taken":7,"max_hp_gain":0,"max_hp_loss":0,"event_name":"Golden Wing","floor":5,"gold_loss":0},{"damage_healed":0,"gold_gain":0,"player_choice":"Ignored","damage_taken":0,"max_hp_gain":0,"max_hp_loss":0,"event_name":"Liars Game","floor":13,"gold_loss":0},{"damage_healed":0,"gold_gain":0,"player_choice":"Inject Mutagens","damage_taken":0,"relics_obtained":["MutagenicStrength"],"max_hp_gain":0,"max_hp_loss":0,"event_name":"Drug Dealer","floor":21,"gold_loss":0},{"damage_healed":0,"gold_gain":0,"player_choice":"Simplicity","damage_taken":0,"max_hp_gain":0,"max_hp_loss":0,"event_name":"Back to Basics","floor":22,"gold_loss":0,"cards_upgraded":["Strike_R","Defend_R","Defend_R","Defend_R","Defend_R"]},{"damage_healed":16,"gold_gain":0,"player_choice":"Heal","damage_taken":0,"max_hp_gain":0,"max_hp_loss":0,"event_name":"The Library","floor":28,"gold_loss":0},{"damage_healed":0,"gold_gain":0,"player_choice":"Fought Bandits","damage_taken":0,"max_hp_gain":0,"max_hp_loss":0,"event_name":"Masked Bandits","floor":29,"gold_loss":0}],"is_beta":true,"boss_relics":[{"not_picked":["Runic Cube","Orrery"],"picked":"Astrolabe"}],"items_purged_floors":[],"is_endless":false,"potions_floor_spawned":[1,2,7,10,14,16,18,19],"killed_by":"Slavers","ascension_level":20}