{"gold_per_floor":[369,198,218,73,83,115,115,140,221,249,261,289,152,170,170,268,268,283,297,297,71,71,71,97,115,140,140,165,165,185,195,195,195],"floor_reached":33,"playtime":3924,"items_purged":["Writhe","Strike_B"],"score":425,"play_id":"fb3fc933-836c-491f-97e5-59396bc0924c","local_time":"20190918000552","is_ascension_mode":true,"campfire_choices":[{"floor":7,"key":"REST"},{"data":"Zap","floor":15,"key":"SMITH"},{"data":"White Noise","floor":23,"key":"SMITH"},{"data":"Echo Form","floor":27,"key":"SMITH"},{"data":"Self Repair","floor":32,"key":"SMITH"}],"neow_cost":"CURSE","seed_source_timestamp":530326301911500,"circlet_count":0,"master_deck":["Strike_B","Strike_B","Defend_B","Defend_B","Defend_B","Defend_B","Zap+1","Dualcast","Compile Driver+1","Gash+1","Coolheaded","Ball Lightning","Go for the Eyes","Coolheaded","Electrodynamics","Hologram","Self Repair+1","Doom and Gloom","Echo Form+1","Steam","White Noise+1","Shame","Gash+1","Gash","Force Field+1"],"special_seed":0,"relics":["Cracked Core","Bag of Preparation","Nunchaku","Whetstone","Symbiotic Virus","Dead Branch","PreservedInsect","Inserter","Lantern","Ornamental Fan","Anchor","Orichalcum","Strawberry","NlothsMask"],"potions_floor_usage":[6,10,16,24,30,30,33],"damage_taken":[{"damage":2,"enemies":"2 Louse","floor":1,"turns":2},{"damage":0,"enemies":"Cultist","floor":3,"turns":4},{"damage":2,"enemies":"Jaw Worm","floor":5,"turns":3},{"damage":18,"enemies":"Gremlin Nob","floor":6,"turns":4},{"damage":9,"enemies":"Lagavulin","floor":8,"turns":7},{"damage":8,"enemies":"Gremlin Nob","floor":10,"turns":3},{"damage":0,"enemies":"2 Fungi Beasts","floor":11,"turns":3},{"damage":9,"enemies":"Lagavulin","floor":12,"turns":6},{"damage":0,"enemies":"Lots of Slimes","floor":14,"turns":1},{"damage":25,"enemies":"The Guardian","floor":16,"turns":11},{"damage":13,"enemies":"Shell Parasite","floor":18,"turns":5},{"damage":8,"enemies":"Chosen","floor":19,"turns":4},{"damage":3,"enemies":"Book of Stabbing","floor":24,"turns":3},{"damage":11,"enemies":"Shelled Parasite and Fungi","floor":25,"turns":6},{"damage":4,"enemies":"Slavers","floor":28,"turns":5},{"damage":7,"enemies":"Snake Plant","floor":30,"turns":4},{"damage":0,"enemies":"Centurion and Healer","floor":31,"turns":7},{"damage":75,"enemies":"Automaton","floor":33,"turns":8}],"seed_played":"122583062059104458","potions_obtained":[{"floor":3,"key":"SkillPotion"},{"floor":6,"key":"Poison Potion"},{"floor":8,"key":"Energy Potion"},{"floor":10,"key":"FearPotion"},{"floor":14,"key":"FocusPotion"},{"floor":16,"key":"Swift Potion"},{"floor":19,"key":"Swift Potion"},{"floor":30,"key":"Poison Potion"},{"floor":31,"key":"SkillPotion"}],"is_trial":false,"path_per_floor":["M","$","M","$","M","E","R","E","T","E","M","E","$","M","R","B",null,"M","M","?","$","?","R","E","M","T","R","E","?","M","M","R","B"],"character_chosen":"DEFECT","items_purchased":["Gash","Coolheaded","Bag of Preparation","Self Repair","Lantern","White Noise"],"campfire_rested":1,"item_purchase_floors":[2,2,4,13,21,21],"current_hp_per_floor":[66,66,66,66,64,46,68,59,59,51,51,42,42,49,49,31,64,58,64,64,64,64,64,68,64,64,64,74,74,74,74,74,0],"gold":195,"neow_bonus":"TWO_FIFTY_GOLD","is_prod":false,"is_daily":false,"chose_seed":false,"campfire_upgraded":4,"win_rate":0,"timestamp":1568754352,"path_taken":["M","$","M","$","M","E","R","E","T","E","M","E","$","M","R","BOSS","M","M","?","?","?","R","E","M","T","R","E","?","M","?","R","BOSS"],"build_version":"2019-07-17","purchased_purges":2,"victory":false,"max_hp_per_floor":[75,75,75,75,75,75,75,75,75,75,75,75,75,75,75,75,75,75,75,75,75,75,75,75,75,75,75,82,82,82,82,82,82],"card_choices":[{"not_picked":["Chaos","Rebound"],"picked":"Compile Driver","floor":1},{"not_picked":["Consume","Skim"],"picked":"Ball Lightning","floor":3},{"not_picked":["Streamline","Steam"],"picked":"Go for the Eyes","floor":5},{"not_picked":["Redo","Skim"],"picked":"Coolheaded","floor":6},{"not_picked":["Turbo","Streamline"],"picked":"Electrodynamics","floor":8},{"not_picked":["Meteor Strike","Thunder Strike"],"picked":"Hologram","floor":10},{"not_picked":["Streamline","Storm","Conserve Battery"],"picked":"SKIP","floor":11},{"not_picked":["Hyperbeam","Beam Cell","Steam Power"],"picked":"SKIP","floor":12},{"not_picked":["Leap","Rebound"],"picked":"Doom and Gloom","floor":14},{"not_picked":["Fission","Hyperbeam"],"picked":"Echo Form","floor":16},{"not_picked":["Compile Driver","Streamline","Coolheaded"],"picked":"SKIP","floor":18},{"not_picked":["Stack+1","Streamline"],"picked":"Steam","floor":19},{"not_picked":["Hologram","Skim","Sweeping Beam+1"],"picked":"SKIP","floor":24},{"not_picked":["Hologram","Sunder","Conserve Battery"],"picked":"SKIP","floor":25},{"not_picked":["Self Repair","Sunder"],"picked":"Gash+1","floor":28},{"not_picked":["Steam","Conserve Battery"],"picked":"Gash","floor":30},{"not_picked":["Undo+1","Rip and Tear"],"picked":"Force Field+1","floor":31}],"player_experience":298692,"relics_obtained":[{"floor":6,"key":"Nunchaku"},{"floor":8,"key":"Whetstone"},{"floor":9,"key":"Symbiotic Virus"},{"floor":10,"key":"Dead Branch"},{"floor":12,"key":"PreservedInsect"},{"floor":24,"key":"Anchor"},{"floor":26,"key":"Orichalcum"},{"floor":28,"key":"Strawberry"}],"event_choices":[{"cards_removed":["Strike_B"],"damage_healed":0,"gold_gain":0,"player_choice":"Purged","damage_taken":0,"max_hp_gain":0,"max_hp_loss":0,"event_name":"Purifier","floor":20,"gold_loss":0},{"damage_healed":0,"gold_gain":0,"player_choice":"Stole Relic","damage_taken":0,"relics_obtained":["Ornamental Fan"],"max_hp_gain":0,"max_hp_loss":0,"event_name":"Addict","floor":22,"gold_loss":0,"cards_obtained":["Shame"]},{"damage_healed":0,"gold_gain":0,"player_choice":"Trade","damage_taken":0,"relics_obtained":["NlothsMask"],"max_hp_gain":0,"max_hp_loss":0,"event_name":"FaceTrader","floor":29,"gold_loss":0}],"is_beta":false,"boss_relics":[{"not_picked":["Ectoplasm","Runic Dome"],"picked":"Inserter"}],"items_purged_floors":[2,13],"is_endless":false,"potions_floor_spawned":[3,6,8,10,14,16,19,30,31],"killed_by":"Automaton","ascension_level":7}