{"gold_per_floor":[20,20,20,37,51,51,82,82,82,82,122,30,52,24,24,108,108,131,145,145,12,0,33,54,54,125,145,145,181,201,238,238,320,320,349,57,57,90,24,24,44,74,74,74,74,101,26,40,40,40],"floor_reached":51,"playtime":5040,"items_purged":["Strike_P","Pray","Strike_P","Strike_P"],"score":1348,"play_id":"6323757d-f226-498e-96fb-cea5697d6282","local_time":"20190917180441","is_ascension_mode":true,"campfire_choices":[{"data":"CarveReality","floor":6.0,"key":"SMITH"},{"floor":8.0,"key":"DIG"},{"floor":10.0,"key":"DIG"},{"floor":15.0,"key":"DIG"},{"floor":28.0,"key":"REST"},{"floor":32.0,"key":"DIG"},{"floor":40,"key":"REST"},{"floor":45,"key":"DIG"},{"floor":49,"key":"DIG"}],"neow_cost":"NO_GOLD","seed_source_timestamp":16548270762000,"circlet_count":0,"master_deck":["AscendersBane","Defend_P","Defend_P","Defend_P","Eruption+1","Vigilance","SandsOfTime+1","CarveReality+1","DeceiveReality","Vault","WaveOfTheHand","EmptyFist","Crescendo","InnerPeace","Blasphemy","BowlingBash","ForeignInfluence","Adaptation","WreathOfFlame","Adaptation","Wish","Wallop","Alpha","MasterReality","Establishment+1","ClearTheMind","Violence","Crescendo","EmptyBody","Wish","Meditate","Trip","Secret Technique"],"special_seed":0,"relics":["PureWater","Shovel","Bottled Flame","Boot","CeramicFish","Mercury Hourglass","Regal Pillow","Ginger","Snecko Eye","Mango","Bottled Lightning","White Beast Statue","Vajra","Gambling Chip","Prayer Wheel","Cursed Key","Membership Card","DollysMirror","Lantern","Singing Bowl","Meat on the Bone","Pen Nib"],"potions_floor_usage":[33,38,50,50],"damage_taken":[{"damage":7.0,"enemies":"Jaw Worm","floor":1.0,"turns":4.0},{"damage":5.0,"enemies":"Small Slimes","floor":4.0,"turns":3.0},{"damage":0.0,"enemies":"Cultist","floor":5.0,"turns":3.0},{"damage":20.0,"enemies":"Gremlin Nob","floor":7.0,"turns":3.0},{"damage":0.0,"enemies":"Lagavulin","floor":11.0,"turns":4.0},{"damage":0.0,"enemies":"Exordium Wildlife","floor":13.0,"turns":3.0},{"damage":6.0,"enemies":"The Guardian","floor":16.0,"turns":8.0},{"damage":7.0,"enemies":"Chosen","floor":18.0,"turns":3.0},{"damage":21.0,"enemies":"Gremlin Leader","floor":23.0,"turns":5.0},{"damage":3.0,"enemies":"3 Byrds","floor":24.0,"turns":3.0},{"damage":0.0,"enemies":"Centurion and Healer","floor":27.0,"turns":2.0},{"damage":22.0,"enemies":"Book of Stabbing","floor":29.0,"turns":5.0},{"damage":0.0,"enemies":"Shelled Parasite and Fungi","floor":30.0,"turns":1.0},{"damage":7.0,"enemies":"Slavers","floor":31.0,"turns":3.0},{"damage":37,"enemies":"Collector","floor":33,"turns":6},{"damage":0,"enemies":"Orb Walker","floor":35,"turns":1},{"damage":35,"enemies":"3 Darklings","floor":38,"turns":7},{"damage":0,"enemies":"Writhing Mass","floor":41,"turns":1},{"damage":0,"enemies":"Nemesis","floor":42,"turns":1},{"damage":0,"enemies":"Giant Head","floor":46,"turns":5},{"damage":30,"enemies":"Time Eater","floor":50,"turns":6}],"seed_played":"2657588407563987887","potions_obtained":[{"floor":4.0,"key":"Ancient Potion"},{"floor":7.0,"key":"LiquidBronze"},{"floor":13.0,"key":"EssenceOfSteel"},{"floor":18.0,"key":"Explosive Potion"},{"floor":24.0,"key":"SteroidPotion"},{"floor":27.0,"key":"Energy Potion"},{"floor":29.0,"key":"Fire Potion"},{"floor":30.0,"key":"Explosive Potion"},{"floor":31.0,"key":"SkillPotion"},{"floor":33,"key":"Energy Potion"},{"floor":35,"key":"Poison Potion"},{"floor":38,"key":"Weak Potion"},{"floor":41,"key":"AttackPotion"},{"floor":46,"key":"Block Potion"}],"is_trial":false,"path_per_floor":["M","?","?","M","M","R","E","R","T","R","E","$","M","$","R","B",null,"M","?","?","$","?","E","M","T","T","M","R","E","M","E","R","B",null,"M","$","?","M","$","R","M","E","T","?","R","E","$","?","R","B",null],"character_chosen":"WATCHER","items_purchased":["EmptyFist","InnerPeace","Adaptation","Membership Card","Violence","DollysMirror"],"campfire_rested":2,"item_purchase_floors":[12,14,21,36,36,39],"current_hp_per_floor":[52,52,52,47,47,47,27,27,27,27,27,27,27,27,27,21,54,47,47,47,47,47,40,37,37,37,37,75,53,53,46,46,9,62,62,62,62,27,27,65,65,65,65,65,65,67,67,62,62,44],"gold":40,"neow_bonus":"ONE_RARE_RELIC","is_prod":false,"is_daily":false,"chose_seed":false,"campfire_upgraded":1,"win_rate":0,"timestamp":1568736281,"path_taken":["M","?","?","M","?","R","E","R","T","R","E","$","M","?","R","BOSS","M","?","?","$","?","E","M","?","T","M","R","E","M","E","R","BOSS","M","$","?","M","?","R","M","E","T","?","R","E","$","?","R","BOSS"],"build_version":"2019-09-16v2","purchased_purges":4,"victory":true,"max_hp_per_floor":[65,65,65,65,65,65,65,65,65,65,65,65,65,65,65,65,65,65,65,65,65,65,79,79,79,79,79,79,79,79,79,79,79,79,79,79,79,79,79,79,79,79,79,75,75,77,77,77,77,77],"card_choices":[{"not_picked":["FollowUp","CrushJoints"],"picked":"SandsOfTime","floor":1.0},{"not_picked":["Halt","FollowUp"],"picked":"CarveReality","floor":4.0},{"not_picked":["FlyingSleeves","JustLucky"],"picked":"DeceiveReality","floor":5.0},{"not_picked":["ForeignInfluence","PathToVictory"],"picked":"Vault","floor":7.0},{"not_picked":["ClearTheMind","Fasting"],"picked":"WaveOfTheHand","floor":11.0},{"not_picked":["Prostrate","Sanctity"],"picked":"Crescendo","floor":13.0},{"not_picked":["SignatureMove","DeusExMachina"],"picked":"Blasphemy","floor":16.0},{"not_picked":["FollowUp","WindmillStrike"],"picked":"BowlingBash","floor":18.0},{"not_picked":["Prostrate","Conclude"],"picked":"WindmillStrike+1","floor":23.0},{"not_picked":["EmptyBody","SignatureMove"],"picked":"WreathOfFlame","floor":24.0},{"not_picked":["FlyingSleeves+1","ThirdEye"],"picked":"Adaptation","floor":27.0},{"not_picked":["Meditate","Prostrate+1"],"picked":"Wish","floor":29.0},{"not_picked":["Tantrum","FlyingSleeves"],"picked":"Wallop","floor":30.0},{"not_picked":["FollowUp","JustLucky"],"picked":"Alpha","floor":31.0},{"not_picked":["Judgement","Alpha"],"picked":"MasterReality","floor":33},{"not_picked":["CarveReality+1","Collect+1"],"picked":"Establishment+1","floor":35},{"not_picked":["Protect","EmptyFist"],"picked":"ClearTheMind","floor":35},{"not_picked":["FlyingSleeves+1","Fasting"],"picked":"Crescendo","floor":38},{"not_picked":["BowlingBash","CrushJoints"],"picked":"EmptyBody","floor":38},{"not_picked":["WaveOfTheHand","FlyingSleeves"],"picked":"Meditate","floor":41},{"not_picked":["SashWhip","Sanctity","ThirdEye"],"picked":"SKIP","floor":41},{"not_picked":["WindmillStrike","Brilliance","Weave"],"picked":"SKIP","floor":42},{"not_picked":["Meditate+1","Halt","BowlingBash"],"picked":"Singing Bowl","floor":46},{"not_picked":["Forethought","Blind"],"picked":"Trip","floor":48},{"not_picked":["Dramatic Entrance","Flash of Steel"],"picked":"Secret Technique","floor":48}],"player_experience":700823,"relics_obtained":[{"floor":7.0,"key":"Bottled Flame"},{"floor":8.0,"key":"Boot"},{"floor":9.0,"key":"CeramicFish"},{"floor":10.0,"key":"Mercury Hourglass"},{"floor":11.0,"key":"Regal Pillow"},{"floor":15.0,"key":"Ginger"},{"floor":23.0,"key":"Mango"},{"floor":25.0,"key":"Bottled Lightning"},{"floor":26.0,"key":"White Beast Statue"},{"floor":29.0,"key":"Vajra"},{"floor":31.0,"key":"Gambling Chip"},{"floor":32.0,"key":"Prayer Wheel"},{"floor":42,"key":"Lantern"},{"floor":45,"key":"Singing Bowl"},{"floor":46,"key":"Meat on the Bone"},{"floor":49,"key":"Pen Nib"}],"event_choices":[{"damage_healed":0.0,"max_hp_gain":0.0,"max_hp_loss":0.0,"gold_gain":0.0,"event_name":"Living Wall","player_choice":"Grow","floor":2.0,"gold_loss":0.0,"damage_taken":0.0,"cards_upgraded":["Eruption"]},{"damage_healed":0.0,"max_hp_gain":0.0,"max_hp_loss":0.0,"gold_gain":0.0,"event_name":"Accursed Blacksmith","player_choice":"Forge","floor":3.0,"gold_loss":0.0,"damage_taken":0.0,"cards_upgraded":["SandsOfTime"]},{"damage_healed":0.0,"max_hp_gain":0.0,"max_hp_loss":0.0,"gold_gain":0.0,"cards_transformed":["Strike_P","Defend_P"],"event_name":"Drug Dealer","player_choice":"Became Test Subject","floor":19.0,"gold_loss":0.0,"damage_taken":0.0,"cards_obtained":["Pray","ForeignInfluence"]},{"damage_healed":0.0,"max_hp_gain":0.0,"max_hp_loss":0.0,"gold_gain":0.0,"event_name":"Ghosts","player_choice":"Ignored","floor":20.0,"gold_loss":0.0,"damage_taken":0.0},{"damage_healed":0.0,"max_hp_gain":0.0,"max_hp_loss":0.0,"gold_gain":0.0,"event_name":"Masked Bandits","player_choice":"Paid Fearfully","floor":22.0,"gold_loss":12.0,"damage_taken":0.0},{"cards_removed":["WindmillStrike"],"damage_healed":0,"gold_gain":0,"player_choice":"Removed Attack","damage_taken":0,"max_hp_gain":0,"max_hp_loss":0,"event_name":"Falling","floor":37,"gold_loss":0},{"damage_healed":0,"gold_gain":0,"player_choice":"Max HP","damage_taken":0,"max_hp_gain":0,"max_hp_loss":4,"event_name":"Winding Halls","floor":44,"gold_loss":0},{"damage_healed":0,"gold_gain":0,"player_choice":"Memory 2","damage_taken":5,"max_hp_gain":0,"max_hp_loss":0,"event_name":"SensoryStone","floor":48,"gold_loss":0}],"is_beta":true,"boss_relics":[{"not_picked":["SacredBark","Black Star"],"picked":"Snecko Eye"},{"not_picked":["Busted Crown","Astrolabe"],"picked":"Cursed Key"}],"items_purged_floors":[12,21,36,47],"is_endless":false,"potions_floor_spawned":[4,7,13,18,24,27,29,30,31,33,35,38,41,42,46],"ascension_level":13}