{"gold_per_floor":[114,114,134,152,172,201,214,214,261,261,261,289,28,38,38,117,117,134,134,134,50,70,98,122,134,146,228,255,267,308,336,348,431,443,467,489,501,528,144,177,20,20,20,20,20,20,49,66,66,66],"floor_reached":51,"playtime":3091,"items_purged":["Strike_G","Writhe"],"score":1389,"play_id":"b64a835e-3f19-407f-be46-8b6d11ef9a09","local_time":"20190428223153","is_ascension_mode":true,"campfire_choices":[{"data":"Neutralize","floor":8,"key":"SMITH"},{"floor":11,"key":"REST"},{"data":"Noxious Fumes","floor":15,"key":"SMITH"},{"data":"Catalyst","floor":25,"key":"SMITH"},{"floor":29,"key":"REST"},{"floor":32,"key":"REST"},{"data":"Deadly Poison","floor":42,"key":"SMITH"},{"floor":49,"key":"REST"}],"neow_cost":"NONE","seed_source_timestamp":34382503465929,"circlet_count":0,"master_deck":["AscendersBane","Defend_G","Defend_G","Defend_G","Defend_G","Strike_G","Strike_G","Survivor","Neutralize+1","Dash","Adrenaline","Well Laid Plans","Noxious Fumes+1","Skewer","Cloak And Dagger","Dagger Spray","Deadly Poison+1","Blur","Footwork+1","Dark Shackles","Footwork","Die Die Die","Acrobatics","Catalyst+1","Backflip","Crippling Poison","PiercingWail","Calculated Gamble+1","Blur","Corpse Explosion","Leg Sweep+1","Noxious Fumes+1","Catalyst+1","Terror","Poisoned Stab","Dagger Throw","Outmaneuver"],"relics":["Ring of the Snake","Bag of Preparation","Dream Catcher","Mercury Hourglass","Sozu","Art of War","MutagenicStrength","MawBank","Pen Nib","Singing Bowl","Blood Vial","Runic Pyramid","DollysMirror","Ancient Tea Set","Strawberry","Pear","Frozen Egg 2"],"potions_floor_usage":[6,12,16,30],"damage_taken":[{"damage":1,"enemies":"Small Slimes","floor":1,"turns":5},{"damage":1,"enemies":"Cultist","floor":3,"turns":3},{"damage":0,"enemies":"Jaw Worm","floor":4,"turns":4},{"damage":1,"enemies":"Exordium Wildlife","floor":5,"turns":4},{"damage":20,"enemies":"Lagavulin","floor":6,"turns":6},{"damage":0,"enemies":"2 Fungi Beasts","floor":7,"turns":3},{"damage":6,"enemies":"Gremlin Nob","floor":12,"turns":3},{"damage":3,"enemies":"Blue Slaver","floor":14,"turns":3},{"damage":19,"enemies":"The Guardian","floor":16,"turns":11},{"damage":5,"enemies":"3 Byrds","floor":18,"turns":3},{"damage":3,"enemies":"Shell Parasite","floor":22,"turns":6},{"damage":6,"enemies":"Book of Stabbing","floor":23,"turns":7},{"damage":8,"enemies":"Chosen and Byrds","floor":24,"turns":6},{"damage":10,"enemies":"Snake Plant","floor":28,"turns":4},{"damage":20,"enemies":"Slavers","floor":30,"turns":5},{"damage":3,"enemies":"Snecko","floor":31,"turns":6},{"damage":72,"enemies":"Collector","floor":33,"turns":9},{"damage":0,"enemies":"3 Shapes","floor":35,"turns":4},{"damage":0,"enemies":"Orb Walker","floor":36,"turns":5},{"damage":0,"enemies":"Jaw Worm Horde","floor":38,"turns":2},{"damage":20,"enemies":"Giant Head","floor":40,"turns":9},{"damage":1,"enemies":"Nemesis","floor":47,"turns":5},{"damage":1,"enemies":"3 Darklings","floor":48,"turns":2},{"damage":11,"enemies":"Donu and Deca","floor":50,"turns":6}],"seed_played":"3873258451545552243","potions_obtained":[{"floor":0,"key":"Strength Potion"},{"floor":0,"key":"Strength Potion"},{"floor":12,"key":"Weak Potion"},{"floor":14,"key":"FairyPotion"},{"floor":16,"key":"PowerPotion"}],"is_trial":false,"path_per_floor":["M","?","M","M","M","E","M","R","T","?","R","E","$","M","R","B",null,"M","?","?","$","M","E","M","R","T","T","M","R","E","M","R","B",null,"M","M","?","M","$","E","$","R","T","$","$","?","E","M","R","B",null],"character_chosen":"THE_SILENT","items_purchased":["Footwork","Dark Shackles","Catalyst","DollysMirror","Terror","Strawberry"],"campfire_rested":4,"item_purchase_floors":[13,13,21,39,39,41],"current_hp_per_floor":[58,58,57,57,56,36,36,36,36,29,48,42,42,39,39,20,55,50,50,50,50,47,41,33,33,33,33,25,47,27,26,47,7,54,56,60,60,62,62,46,53,53,63,63,63,63,66,67,93,82],"gold":66,"neow_bonus":"THREE_SMALL_POTIONS","is_prod":false,"is_daily":false,"chose_seed":false,"campfire_upgraded":4,"win_rate":0,"timestamp":1556483513,"path_taken":["M","?","?","M","M","E","M","R","T","?","R","E","$","M","R","BOSS","M","?","?","$","M","E","M","R","T","?","M","R","E","M","R","BOSS","M","M","?","?","$","E","$","R","T","?","$","?","E","M","R","BOSS"],"build_version":"2019-04-23","purchased_purges":2,"victory":true,"max_hp_per_floor":[66,66,66,66,66,66,66,66,66,66,66,66,66,66,66,66,66,66,66,66,66,66,66,66,66,66,66,68,70,70,70,70,70,70,70,72,72,72,72,74,81,81,91,91,91,91,93,93,93,93],"card_choices":[{"not_picked":["Deadly Poison","Blade Dance"],"picked":"Dash","floor":1},{"not_picked":["Calculated Gamble","Deadly Poison"],"picked":"Well Laid Plans","floor":3},{"not_picked":["Riddle With Holes","Acrobatics"],"picked":"Noxious Fumes","floor":4},{"not_picked":["Deadly Poison","Outmaneuver"],"picked":"Skewer","floor":5},{"not_picked":["Doppelganger","Quick Slash"],"picked":"Cloak And Dagger","floor":6},{"not_picked":["Flying Knee","Flechettes"],"picked":"Dagger Spray","floor":7},{"not_picked":["Blade Dance","Backflip"],"picked":"Deadly Poison","floor":11},{"not_picked":["Caltrops","Infinite Blades"],"picked":"Blur","floor":12},{"not_picked":["Sucker Punch","Caltrops"],"picked":"Footwork","floor":14},{"not_picked":["Wraith Form v2","Storm of Steel"],"picked":"Die Die Die","floor":16},{"not_picked":["Sucker Punch","Riddle With Holes"],"picked":"Acrobatics","floor":18},{"not_picked":["Underhanded Strike","All Out Attack"],"picked":"Backflip","floor":22},{"not_picked":["Dagger Spray","Slice","Accuracy"],"picked":"SKIP","floor":23},{"not_picked":["Flechettes","Dagger Spray"],"picked":"Crippling Poison","floor":24},{"not_picked":["Blade Dance","Underhanded Strike","Deflect"],"picked":"Singing Bowl","floor":28},{"not_picked":["Endless Agony","Sucker Punch+1","Distraction"],"picked":"Singing Bowl","floor":29},{"not_picked":["Sucker Punch","Catalyst"],"picked":"PiercingWail","floor":30},{"not_picked":["Sucker Punch","Caltrops"],"picked":"Calculated Gamble+1","floor":31},{"not_picked":["Flying Knee","Deflect"],"picked":"Blur","floor":32},{"not_picked":["Storm of Steel","Bullet Time"],"picked":"Corpse Explosion","floor":33},{"not_picked":["PiercingWail","Dodge and Roll"],"picked":"Leg Sweep+1","floor":35},{"not_picked":["Accuracy+1","Cloak And Dagger","Prepared"],"picked":"Singing Bowl","floor":36},{"not_picked":["Sucker Punch","Cloak And Dagger"],"picked":"Noxious Fumes+1","floor":38},{"not_picked":["Bane","A Thousand Cuts","Poisoned Stab"],"picked":"Singing Bowl","floor":40},{"not_picked":["Riddle With Holes","Cloak And Dagger","Poisoned Stab+1"],"picked":"Singing Bowl","floor":47},{"not_picked":["Poisoned Stab","Setup"],"picked":"Dagger Throw","floor":48},{"not_picked":["Expertise","Underhanded Strike"],"picked":"Outmaneuver","floor":49}],"player_experience":508911,"relics_obtained":[{"floor":6,"key":"Bag of Preparation"},{"floor":9,"key":"Dream Catcher"},{"floor":12,"key":"Mercury Hourglass"},{"floor":23,"key":"MawBank"},{"floor":26,"key":"Pen Nib"},{"floor":27,"key":"Singing Bowl"},{"floor":30,"key":"Blood Vial"},{"floor":40,"key":"Ancient Tea Set"},{"floor":43,"key":"Pear"},{"floor":47,"key":"Frozen Egg 2"}],"event_choices":[{"damage_healed":0,"gold_gain":0,"cards_transformed":["Strike_G"],"player_choice":"Transformed","damage_taken":0,"max_hp_gain":0,"max_hp_loss":0,"event_name":"Transmorgrifier","floor":2,"gold_loss":0,"cards_obtained":["Adrenaline"]},{"cards_removed":["Strike_G"],"damage_healed":0,"gold_gain":0,"player_choice":"Card Removal","damage_taken":7,"max_hp_gain":0,"max_hp_loss":0,"event_name":"Golden Wing","floor":10,"gold_loss":0},{"damage_healed":0,"gold_gain":0,"player_choice":"Opened","damage_taken":0,"relics_obtained":["Art of War"],"max_hp_gain":0,"max_hp_loss":0,"event_name":"The Mausoleum","floor":19,"gold_loss":0,"cards_obtained":["Writhe"]},{"damage_healed":0,"gold_gain":0,"player_choice":"Inject Mutagens","damage_taken":0,"relics_obtained":["MutagenicStrength"],"max_hp_gain":0,"max_hp_loss":0,"event_name":"Drug Dealer","floor":20,"gold_loss":0},{"damage_healed":0,"gold_gain":0,"player_choice":"Forge","damage_taken":0,"max_hp_gain":0,"max_hp_loss":0,"event_name":"Accursed Blacksmith","floor":37,"gold_loss":0,"cards_upgraded":["Footwork"]},{"damage_healed":0,"gold_gain":0,"cards_transformed":["Defend_G"],"player_choice":"Transformed","damage_taken":0,"max_hp_gain":0,"max_hp_loss":0,"event_name":"Transmorgrifier","floor":46,"gold_loss":0,"cards_obtained":["Poisoned Stab"]}],"is_beta":true,"boss_relics":[{"not_picked":["WristBlade","Empty Cage"],"picked":"Sozu"},{"not_picked":["Coffee Dripper","Pandora\u0027s Box"],"picked":"Runic Pyramid"}],"items_purged_floors":[13,39],"is_endless":false,"potions_floor_spawned":[3,4,12,14,16,22,24,33,35,40],"ascension_level":16}