{"gold_per_floor":[118,138,138,138,89,130,130,164,194,210,236,236,261,277,277,277],"floor_reached":16,"playtime":311,"items_purged":[],"score":230,"play_id":"6b6f399f-9817-41ae-beb2-c17faaa4296a","local_time":"20190918030710","is_ascension_mode":true,"campfire_choices":[{"data":"Zap","floor":7.0,"key":"SMITH"},{"floor":12.0,"key":"REST"},{"floor":15.0,"key":"REST"}],"neow_cost":"NONE","seed_source_timestamp":14705336489200,"circlet_count":0,"master_deck":["AscendersBane","Strike_B","Strike_B","Strike_B","Strike_B","Defend_B","Defend_B","Defend_B","Defend_B","Zap+1","Dualcast","Sweeping Beam","Chill","Gash","Tempest","Heatsinks+1","BootSequence","Storm+1"],"special_seed":0,"relics":["Cracked Core","NeowsBlessing","Golden Idol","Frozen Egg 2","Potion Belt","Tiny Chest","Pen Nib"],"potions_floor_usage":[16],"damage_taken":[{"damage":0.0,"enemies":"Small Slimes","floor":1.0,"turns":1.0},{"damage":0.0,"enemies":"Jaw Worm","floor":2.0,"turns":1.0},{"damage":0.0,"enemies":"Gremlin Nob","floor":6.0,"turns":1.0},{"damage":22.0,"enemies":"3 Sentries","floor":8.0,"turns":6.0},{"damage":6.0,"enemies":"2 Louse","floor":10.0,"turns":2.0},{"damage":11.0,"enemies":"Exordium Wildlife","floor":13.0,"turns":4.0},{"damage":0.0,"enemies":"Exordium Thugs","floor":14.0,"turns":4.0},{"damage":60,"enemies":"Slime Boss","floor":16,"turns":7}],"seed_played":"355830638510130859","potions_obtained":[{"floor":1.0,"key":"SkillPotion"},{"floor":8.0,"key":"Explosive Potion"}],"is_trial":false,"path_per_floor":["M","M","?","?","$","E","R","E","T","M","T","R","M","M","R","B"],"character_chosen":"DEFECT","items_purchased":["Gash"],"campfire_rested":2,"item_purchase_floors":[5],"current_hp_per_floor":[64,64,47,47,47,47,47,25,25,19,19,40,29,29,50,0],"gold":277,"neow_bonus":"THREE_ENEMY_KILL","is_prod":false,"is_daily":false,"chose_seed":false,"campfire_upgraded":1,"win_rate":0,"timestamp":1568794030,"path_taken":["M","M","?","?","?","E","R","E","T","M","?","R","?","M","R","BOSS"],"build_version":"2019-09-17","purchased_purges":0,"victory":false,"max_hp_per_floor":[71,71,71,71,71,71,71,71,71,71,71,71,71,71,71,71],"card_choices":[{"not_picked":["Undo","Gash"],"picked":"Sweeping Beam","floor":1.0},{"not_picked":["Stack","Steam"],"picked":"Chill","floor":2.0},{"not_picked":["Stack","Gash"],"picked":"Tempest","floor":6.0},{"not_picked":["Steam","Aggregate","Fusion"],"picked":"SKIP","floor":8.0},{"not_picked":["Ball Lightning","Fusion"],"picked":"Heatsinks+1","floor":10.0},{"not_picked":["Leap","Meteor Strike"],"picked":"BootSequence","floor":13.0},{"not_picked":["Beam Cell","Turbo"],"picked":"Storm+1","floor":14.0}],"player_experience":1386890,"relics_obtained":[{"floor":6.0,"key":"Frozen Egg 2"},{"floor":8.0,"key":"Potion Belt"},{"floor":9.0,"key":"Tiny Chest"},{"floor":11.0,"key":"Pen Nib"}],"event_choices":[{"damage_healed":0.0,"max_hp_gain":0.0,"max_hp_loss":0.0,"gold_gain":0.0,"event_name":"Golden Idol","player_choice":"Take Damage","floor":3.0,"gold_loss":0.0,"damage_taken":17.0,"relics_obtained":["Golden Idol"]},{"damage_healed":0.0,"max_hp_gain":0.0,"max_hp_loss":0.0,"gold_gain":0.0,"event_name":"Golden Wing","player_choice":"Ignored","floor":4.0,"gold_loss":0.0,"damage_taken":0.0}],"is_beta":true,"boss_relics":[],"items_purged_floors":[],"is_endless":false,"potions_floor_spawned":[1,8],"killed_by":"Slime Boss","ascension_level":14}