{"gold_per_floor":[109,68,68,143,143,143,178,178,228,262,282,303,303,323,323,413,413,436,91,91],"floor_reached":20,"playtime":749,"items_purged":["Strike_B"],"score":437,"play_id":"60471600-a66b-4e7d-9e4b-804216d3f985","local_time":"20181022011042","is_ascension_mode":true,"campfire_choices":[{"data":"Consume","floor":6,"key":"SMITH"},{"data":"Zap","floor":8,"key":"SMITH"},{"data":"Defragment","floor":15,"key":"SMITH"}],"neow_cost":"NONE","seed_source_timestamp":2671278000261313,"circlet_count":0,"master_deck":["Strike_B","Strike_B","Strike_B","Defend_B","Defend_B+1","Defend_B+1","Defend_B","Zap+1","Dualcast","AscendersBane","Go for the Eyes","Consume+1","Echo Form","Capacitor","Lockon","Leap","Decay","Defragment+1","Machine Learning","Blizzard"],"relics":["Cracked Core","NeowsBlessing","Golden Idol","Bird Faced Urn","War Paint","Du-Vu Doll","Inserter","Toy Ornithopter"],"potions_floor_usage":[16,18,20,20],"damage_taken":[{"damage":0,"enemies":"2 Louse","floor":1,"turns":1},{"damage":0,"enemies":"3 Sentries","floor":7,"turns":1},{"damage":0,"enemies":"Lagavulin","floor":10,"turns":1},{"damage":5,"enemies":"Small Slimes","floor":11,"turns":3},{"damage":11,"enemies":"Jaw Worm","floor":12,"turns":3},{"damage":6,"enemies":"Blue Slaver","floor":14,"turns":3},{"damage":21,"enemies":"The Guardian","floor":16,"turns":8},{"damage":51,"enemies":"3 Byrds","floor":18,"turns":6},{"damage":20,"enemies":"Shell Parasite","floor":20,"turns":2}],"seed_played":"-783247477200125877","potions_obtained":[{"floor":7,"key":"SteroidPotion"},{"floor":12,"key":"Weak Potion"},{"floor":16,"key":"EssenceOfSteel"}],"is_trial":false,"path_per_floor":["M","$","?","?","?","R","E","R","T","E","M","M","?","M","R","B",null,"M","$"],"character_chosen":"DEFECT","items_purchased":["Consume","Toy Ornithopter","Fire Potion"],"campfire_rested":0,"item_purchase_floors":[2,19,19],"current_hp_per_floor":[64,64,64,53,53,53,53,53,53,53,48,39,39,33,33,20,53,4,4,0],"gold":91,"neow_bonus":"THREE_ENEMY_KILL","is_prod":false,"is_daily":false,"chose_seed":false,"campfire_upgraded":3,"win_rate":0,"timestamp":1540195842,"path_taken":["M","$","?","?","?","R","E","R","T","E","?","M","?","M","R","BOSS","M","$","M"],"build_version":"2018-10-19","purchased_purges":1,"victory":false,"max_hp_per_floor":[71,71,64,64,64,64,64,64,64,64,64,64,64,64,64,64,64,64,64,64],"card_choices":[{"not_picked":["Rebound","Beam Cell"],"picked":"Go for the Eyes","floor":1},{"not_picked":["Beam Cell","Rebound"],"picked":"Echo Form","floor":7},{"not_picked":["Hologram","Streamline"],"picked":"Capacitor","floor":10},{"not_picked":["Sweeping Beam","Hologram"],"picked":"Lockon","floor":11},{"not_picked":["Steam Power","Tempest"],"picked":"Leap","floor":12},{"not_picked":["Genetic Algorithm","Reprogram"],"picked":"Defragment","floor":14},{"not_picked":["Thunder Strike","Buffer"],"picked":"Machine Learning","floor":16},{"not_picked":["Fusion","Go for the Eyes"],"picked":"Blizzard","floor":18}],"player_experience":942932,"relics_obtained":[{"floor":7,"key":"Bird Faced Urn"},{"floor":9,"key":"War Paint"},{"floor":10,"key":"Du-Vu Doll"}],"event_choices":[{"damage_healed":0,"gold_gain":0,"player_choice":"Lose Max HP","damage_taken":0,"relics_obtained":["Golden Idol"],"max_hp_gain":0,"max_hp_loss":7,"event_name":"Golden Idol","floor":3,"gold_loss":0},{"damage_healed":0,"gold_gain":75,"player_choice":"Gather Gold","damage_taken":11,"max_hp_gain":0,"max_hp_loss":0,"event_name":"World of Goop","floor":4,"gold_loss":0},{"damage_healed":0,"gold_gain":0,"player_choice":"Ignored","damage_taken":0,"max_hp_gain":0,"max_hp_loss":0,"event_name":"Liars Game","floor":5,"gold_loss":0},{"damage_healed":0,"gold_gain":0,"player_choice":"Cursed","damage_taken":0,"max_hp_gain":0,"max_hp_loss":0,"event_name":"Wheel of Change","floor":13,"gold_loss":0,"cards_obtained":["Decay"]}],"is_beta":true,"boss_relics":[{"not_picked":["Fusion Hammer","Empty Cage"],"picked":"Inserter"}],"items_purged_floors":[19],"is_endless":false,"potions_floor_spawned":[7,12,14,16],"killed_by":"Shell Parasite","ascension_level":18}