{"gold_per_floor":[118,137,83,98,98,98,130,130,157,157,207,242,252,177,177,250,250,268,268,318,130,130,130,150,164,164,198,198,216,216,230,230,307,307,321,5,23,23,23,23,54,54,80,94,111,111,129,147,147,147,147],"floor_reached":51,"playtime":2602,"items_purged":["Strike_B","Strike_B"],"score":1310,"play_id":"1b0ccdd4-4b2e-4fd2-8977-73877c0d2557","local_time":"20181224230423","is_ascension_mode":true,"campfire_choices":[{"data":"Creative AI","floor":6,"key":"SMITH"},{"data":"Go for the Eyes","floor":8,"key":"SMITH"},{"data":"Zap","floor":10,"key":"SMITH"},{"floor":15,"key":"DIG"},{"floor":23,"key":"DIG"},{"floor":28,"key":"REST"},{"floor":32,"key":"REST"},{"floor":40,"key":"DIG"},{"floor":42,"key":"REST"},{"floor":46,"key":"REST"},{"floor":49,"key":"DIG"}],"neow_cost":"NONE","seed_source_timestamp":8195045701337491,"circlet_count":0,"master_deck":["AscendersBane","Strike_B","Strike_B+1","Defend_B+1","Defend_B","Defend_B","Defend_B+1","Zap+1","Dualcast","Go for the Eyes+1","Ball Lightning","Creative AI+1","Compile Driver","Coolheaded","Rip and Tear+1","Biased Cognition+1","Genetic Algorithm","Electrodynamics","Capacitor","Reinforced Body","Self Repair","Doom and Gloom","Seek","Glacier","Glacier","Sunder","Reinforced Body"],"relics":["Cracked Core","NeowsBlessing","War Paint","Ancient Tea Set","Shovel","Pear","Snecko Eye","Orichalcum","Mummified Hand","Peace Pipe","Sozu","Pocketwatch","Anchor","Whetstone","Oddly Smooth Stone","Bag of Preparation"],"potions_floor_usage":[7,7,12,16,27,33],"damage_taken":[{"damage":0,"enemies":"Cultist","floor":1,"turns":1},{"damage":0,"enemies":"2 Louse","floor":2,"turns":1},{"damage":0,"enemies":"Small Slimes","floor":4,"turns":1},{"damage":11,"enemies":"3 Sentries","floor":7,"turns":6},{"damage":18,"enemies":"Lagavulin","floor":12,"turns":7},{"damage":8,"enemies":"Blue Slaver","floor":13,"turns":5},{"damage":14,"enemies":"The Guardian","floor":16,"turns":9},{"damage":19,"enemies":"Shell Parasite","floor":18,"turns":6},{"damage":0,"enemies":"Chosen","floor":24,"turns":3},{"damage":16,"enemies":"Snake Plant","floor":25,"turns":5},{"damage":16,"enemies":"Book of Stabbing","floor":27,"turns":5},{"damage":2,"enemies":"Centurion and Healer","floor":29,"turns":5},{"damage":4,"enemies":"Snecko","floor":31,"turns":4},{"damage":35,"enemies":"Collector","floor":33,"turns":7},{"damage":0,"enemies":"3 Shapes","floor":35,"turns":4},{"damage":13,"enemies":"Orb Walker","floor":37,"turns":4},{"damage":60,"enemies":"Nemesis","floor":41,"turns":9},{"damage":6,"enemies":"3 Darklings","floor":44,"turns":2},{"damage":13,"enemies":"Spire Growth","floor":45,"turns":6},{"damage":0,"enemies":"Writhing Mass","floor":47,"turns":6},{"damage":0,"enemies":"Transient","floor":48,"turns":6},{"damage":82,"enemies":"Donu and Deca","floor":50,"turns":15},{"damage":12,"enemies":"Awakened One","floor":51,"turns":2}],"seed_played":"4494719295049244302","potions_obtained":[{"floor":2,"key":"EssenceOfSteel"},{"floor":7,"key":"Dexterity Potion"},{"floor":12,"key":"Poison Potion"},{"floor":24,"key":"Ancient Potion"},{"floor":27,"key":"AttackPotion"},{"floor":31,"key":"SteroidPotion"}],"is_trial":false,"path_per_floor":["M","M","$","M","?","R","E","R","T","R","?","E","M","$","R","B",null,"M","$","?","$","?","R","M","M","T","E","R","M","?","M","R","B",null,"M","$","M","$","?","R","E","R","T","M","M","R","M","M","R","B","B"],"character_chosen":"DEFECT","items_purchased":["SteroidPotion","Electrodynamics","Pocketwatch"],"campfire_rested":4,"item_purchase_floors":[3,21,36],"current_hp_per_floor":[64,64,64,64,69,69,58,58,58,58,58,40,32,32,42,28,72,53,53,53,53,53,53,53,37,37,21,46,44,44,47,72,44,76,83,83,77,77,77,77,24,49,49,50,44,69,76,83,83,8,0],"gold":147,"neow_bonus":"THREE_ENEMY_KILL","is_prod":false,"is_daily":false,"chose_seed":false,"campfire_upgraded":3,"win_rate":0,"timestamp":1545721463,"path_taken":["M","?","$","M","?","R","E","R","T","R","?","E","?","?","R","BOSS","M","$","?","$","?","R","M","M","T","E","R","?","?","M","R","BOSS","M","$","M","$","?","R","E","R","T","?","M","R","M","M","R","BOSS","BOSS"],"build_version":"2018-12-20","purchased_purges":2,"victory":false,"max_hp_per_floor":[71,71,71,71,76,76,76,76,76,76,76,76,76,76,86,86,86,86,86,86,86,86,86,86,86,86,86,86,86,86,86,86,86,86,86,86,86,86,86,86,86,86,86,86,86,86,86,86,86,86,86],"card_choices":[{"not_picked":["Turbo","Capacitor"],"picked":"Go for the Eyes","floor":1},{"not_picked":["Gash","Stack"],"picked":"Ball Lightning","floor":2},{"not_picked":["Redo","Steam"],"picked":"Creative AI","floor":4},{"not_picked":["Capacitor","Consume"],"picked":"Compile Driver","floor":7},{"not_picked":["Redo","Sunder"],"picked":"Coolheaded","floor":12},{"not_picked":["Redo","Steam"],"picked":"Rip and Tear","floor":13},{"not_picked":["Meteor Strike","All For One"],"picked":"Biased Cognition","floor":16},{"not_picked":["Sweeping Beam","Leap+1"],"picked":"Genetic Algorithm","floor":18},{"not_picked":["Defragment","Steam"],"picked":"Reinforced Body","floor":24},{"not_picked":["Compile Driver","Stack+1","Rebound"],"picked":"SKIP","floor":25},{"not_picked":["Compile Driver","Hologram","Sweeping Beam"],"picked":"SKIP","floor":27},{"not_picked":["Beam Cell+1","BootSequence"],"picked":"Self Repair","floor":29},{"not_picked":["Go for the Eyes","Beam Cell"],"picked":"Doom and Gloom","floor":31},{"not_picked":["Rainbow","Hyperbeam"],"picked":"Seek","floor":33},{"not_picked":["Beam Cell+1","Barrage","Reprogram"],"picked":"SKIP","floor":35},{"not_picked":["Cold Snap","Leap","Gash"],"picked":"SKIP","floor":37},{"not_picked":["Hyperbeam","Capacitor","Reprogram+1"],"picked":"SKIP","floor":41},{"not_picked":["Beam Cell","Doom and Gloom"],"picked":"Glacier","floor":44},{"not_picked":["Compile Driver","Steam"],"picked":"Glacier","floor":45},{"not_picked":["Beam Cell","Steam Power"],"picked":"Sunder","floor":47},{"not_picked":["Cold Snap+1","Stack"],"picked":"Reinforced Body","floor":48}],"player_experience":1139567,"relics_obtained":[{"floor":7,"key":"War Paint"},{"floor":9,"key":"Ancient Tea Set"},{"floor":12,"key":"Shovel"},{"floor":15,"key":"Pear"},{"floor":23,"key":"Orichalcum"},{"floor":26,"key":"Mummified Hand"},{"floor":27,"key":"Peace Pipe"},{"floor":40,"key":"Anchor"},{"floor":41,"key":"Whetstone"},{"floor":43,"key":"Oddly Smooth Stone"},{"floor":49,"key":"Bag of Preparation"}],"event_choices":[{"damage_healed":0,"gold_gain":0,"player_choice":"Donut","damage_taken":0,"max_hp_gain":5,"max_hp_loss":0,"event_name":"Big Fish","floor":5,"gold_loss":0},{"damage_healed":0,"gold_gain":50,"player_choice":"Pray","damage_taken":0,"max_hp_gain":0,"max_hp_loss":0,"event_name":"Golden Shrine","floor":11,"gold_loss":0},{"damage_healed":0,"gold_gain":50,"player_choice":"Stole From Cult","damage_taken":0,"max_hp_gain":0,"max_hp_loss":0,"event_name":"Nest","floor":20,"gold_loss":0},{"damage_healed":0,"gold_gain":0,"player_choice":"1 cards matched","damage_taken":0,"max_hp_gain":0,"max_hp_loss":0,"event_name":"Match and Keep!","floor":22,"gold_loss":0,"cards_obtained":["Capacitor"]},{"damage_healed":0,"gold_gain":0,"player_choice":"Upgraded","damage_taken":0,"max_hp_gain":0,"max_hp_loss":0,"event_name":"Upgrade Shrine","floor":30,"gold_loss":0,"cards_upgraded":["Biased Cognition"]},{"damage_healed":0,"gold_gain":0,"player_choice":"0 cards matched","damage_taken":0,"max_hp_gain":0,"max_hp_loss":0,"event_name":"Match and Keep!","floor":39,"gold_loss":0,"cards_obtained":[]}],"is_beta":true,"boss_relics":[{"not_picked":["Inserter","FrozenCore"],"picked":"Snecko Eye"},{"not_picked":["Astrolabe","Velvet Choker"],"picked":"Sozu"}],"items_purged_floors":[14,21],"is_endless":false,"potions_floor_spawned":[2,7,12,24,27,31,37,41,44,48],"killed_by":"Awakened One","ascension_level":20}