{"gold_per_floor":[114,128,139,64,76,76,102,119,119,119,134,64,81,46,46,120,120,136,156,156,166,180,180,25,37,62,62,0,0,29,39,39,39],"floor_reached":33,"playtime":2083,"items_purged":[],"score":587,"play_id":"bd4fe226-4386-42f5-ac11-bcb0ecfdac6e","local_time":"20180725045217","is_ascension_mode":true,"campfire_choices":[{"data":"Neutralize","floor":6,"key":"SMITH"},{"floor":10,"key":"REST"},{"data":"Infinite Blades","floor":15,"key":"SMITH"},{"floor":23,"key":"REST"},{"floor":27,"key":"REST"},{"data":"Glass Knife","floor":29,"key":"SMITH"},{"data":"Malaise","floor":32,"key":"SMITH"}],"neow_cost":"NONE","seed_source_timestamp":1407872431998230,"circlet_count":0,"master_deck":["Defend_G","Defend_G","Defend_G","Defend_G","Defend_G","Survivor","Neutralize+1","AscendersBane","Quick Slash","Dagger Spray","Backstab","Infinite Blades+1","Predator","Quick Slash","Underhanded Strike","Backflip","Well Laid Plans","Deflect","Malaise+1","Shame","Parasite","Decay","Predator","Glass Knife+1","Bite","Bite","Bite","Bite","Bite","Backflip","Terror+1","Tactician+1","Tactician"],"relics":["HoveringKite","Unceasing Top","Kunai","Calling Bell","Snake Skull","Question Card","Turnip","Oddly Smooth Stone","Orichalcum","Nunchaku"],"potions_floor_usage":[7,16,19,30,30,31],"damage_taken":[{"damage":8,"enemies":"Jaw Worm","floor":1,"turns":7},{"damage":5,"enemies":"Small Slimes","floor":2,"turns":4},{"damage":0,"enemies":"2 Louse","floor":3,"turns":2},{"damage":13,"enemies":"Exordium Thugs","floor":5,"turns":5},{"damage":14,"enemies":"3 Sentries","floor":7,"turns":6},{"damage":0,"enemies":"2 Fungi Beasts","floor":8,"turns":3},{"damage":7,"enemies":"Large Slime","floor":11,"turns":6},{"damage":2,"enemies":"Exordium Thugs","floor":13,"turns":3},{"damage":0,"enemies":"Slime Boss","floor":16,"turns":9},{"damage":11,"enemies":"Shell Parasite","floor":18,"turns":7},{"damage":9,"enemies":"Spheric Guardian","floor":19,"turns":4},{"damage":24,"enemies":"3 Cultists","floor":21,"turns":6},{"damage":18,"enemies":"Snake Plant","floor":22,"turns":6},{"damage":21,"enemies":"Cultist and Chosen","floor":25,"turns":7},{"damage":4,"enemies":"Slavers","floor":30,"turns":5},{"damage":18,"enemies":"Centurion and Healer","floor":31,"turns":9},{"damage":65,"enemies":"Automaton","floor":33,"turns":6}],"seed_played":"3594995443985840658","potions_obtained":[{"floor":2,"key":"Block Potion"},{"floor":5,"key":"SkillPotion"},{"floor":8,"key":"AttackPotion"},{"floor":16,"key":"Weak Potion"},{"floor":19,"key":"EssenceOfSteel"},{"floor":25,"key":"Fire Potion"},{"floor":30,"key":"SkillPotion"}],"is_trial":false,"path_per_floor":["M","M","M","$","M","R","E","M","T","R","M","$","M","?","R","B",null,"M","M","?","M","M","R","$","M","T","R","?","R","E","M","R"],"character_chosen":"THE_SILENT","items_purchased":["Infinite Blades","Well Laid Plans","Oddly Smooth Stone"],"campfire_rested":3,"item_purchase_floors":[4,12,24],"current_hp_per_floor":[51,46,46,46,33,33,19,19,19,38,31,31,29,45,45,45,61,50,41,41,25,13,26,26,15,15,28,28,28,34,36,36,0],"gold":39,"neow_bonus":"BOSS_RELIC","is_prod":false,"is_daily":false,"chose_seed":false,"campfire_upgraded":4,"win_rate":0,"timestamp":1532519537,"path_taken":["M","M","M","$","M","R","E","M","T","R","M","$","M","?","R","BOSS","M","M","?","M","M","R","?","M","T","R","?","R","E","M","R","BOSS"],"build_version":"2018-07-24","purchased_purges":0,"victory":false,"max_hp_per_floor":[66,66,66,66,66,66,66,66,66,66,66,66,66,66,66,66,66,66,66,46,46,46,46,46,46,46,46,46,46,46,46,46,46],"card_choices":[{"not_picked":["Bane","Flying Knee"],"picked":"Quick Slash","floor":1},{"not_picked":["Accuracy","Outmaneuver"],"picked":"Dagger Spray","floor":2},{"not_picked":["Calculated Gamble","Flying Knee"],"picked":"Backstab","floor":3},{"not_picked":["Acrobatics","Tools of the Trade"],"picked":"Predator","floor":5},{"not_picked":["Bane","Setup"],"picked":"Quick Slash","floor":7},{"not_picked":["Sucker Punch","Slice"],"picked":"Underhanded Strike","floor":8},{"not_picked":["Footwork","Cloak And Dagger"],"picked":"Backflip","floor":11},{"not_picked":["Well Laid Plans","Eviscerate"],"picked":"Deflect","floor":13},{"not_picked":["Die Die Die","Storm of Steel"],"picked":"Malaise","floor":16},{"not_picked":["Poisoned Stab","All Out Attack","Underhanded Strike"],"picked":"Predator","floor":18},{"not_picked":["Blur","Bane","Heel Hook"],"picked":"Glass Knife","floor":19},{"not_picked":["Acrobatics","Blade Dance","Footwork"],"picked":"Backflip","floor":21},{"not_picked":["Eviscerate","Underhanded Strike+1","Acrobatics+1"],"picked":"Terror+1","floor":22},{"not_picked":["Outmaneuver+1","Blur","Crippling Poison"],"picked":"Tactician+1","floor":25},{"not_picked":["Dash","PiercingWail","Terror","Underhanded Strike"],"picked":"SKIP","floor":30},{"not_picked":["Outmaneuver","Flying Knee","All Out Attack"],"picked":"Tactician","floor":31}],"player_experience":872340,"relics_obtained":[{"floor":7,"key":"Unceasing Top"},{"floor":9,"key":"Kunai"},{"floor":17,"key":"Snake Skull"},{"floor":17,"key":"Question Card"},{"floor":17,"key":"Turnip"},{"floor":26,"key":"Orichalcum"},{"floor":30,"key":"Nunchaku"}],"event_choices":[{"event_name":"The Cleric","player_choice":"Healed","floor":14,"damage_taken":0},{"event_name":"Vampires","player_choice":"Became a vampire","floor":20,"damage_taken":0},{"event_name":"Masked Bandits","player_choice":"Paid Bandits 62 gold","floor":28,"damage_taken":0}],"is_beta":true,"boss_relics":[{"not_picked":["Lizard Tail","Runic Dome"],"picked":"Calling Bell"}],"items_purged_floors":[],"is_endless":false,"potions_floor_spawned":[2,5,8,13,16,19,25,30],"killed_by":"Automaton","ascension_level":15}