{"gold_per_floor":[110,137,137,137,151,182,182,201,201,227,227,242,254,274,274,373,373,385,72,72,72,84,84],"floor_reached":23,"playtime":1860,"items_purged":[],"score":276,"play_id":"1771bbb6-bcc6-4b60-83cc-16806da7118a","local_time":"20181029150044","is_ascension_mode":false,"campfire_choices":[{"data":"Conserve Battery","floor":7,"key":"SMITH"},{"data":"Beam Cell","floor":15,"key":"SMITH"}],"neow_cost":"NONE","seed_source_timestamp":771450492106436,"circlet_count":0,"master_deck":["Defend_B","Defend_B","Defend_B","Defend_B","Zap","Dualcast","Glacier+1","Redo","Conserve Battery+1","Sweeping Beam","Beam Cell+1","FTL","Doom and Gloom","Conserve Battery","Buffer","Coolheaded+1","Defragment+1","Rip and Tear","Bite","Bite","Bite","Bite","Bite","Conserve Battery"],"relics":["Cracked Core","NeowsBlessing","Juzu Bracelet","Oddly Smooth Stone","Ice Cream","Pen Nib","Meat on the Bone","Eternal Feather","HandDrill"],"potions_floor_usage":[],"damage_taken":[{"damage":0,"enemies":"Cultist","floor":1,"turns":1},{"damage":0,"enemies":"Jaw Worm","floor":5,"turns":1},{"damage":0,"enemies":"Lagavulin","floor":6,"turns":1},{"damage":0,"enemies":"2 Louse","floor":8,"turns":3},{"damage":0,"enemies":"3 Sentries","floor":10,"turns":8},{"damage":1,"enemies":"2 Fungi Beasts","floor":12,"turns":2},{"damage":0,"enemies":"Blue Slaver","floor":13,"turns":3},{"damage":1,"enemies":"Lots of Slimes","floor":14,"turns":3},{"damage":8,"enemies":"Slime Boss","floor":16,"turns":9},{"damage":5,"enemies":"3 Byrds","floor":18,"turns":5},{"damage":20,"enemies":"2 Thieves","floor":22,"turns":4},{"damage":44,"enemies":"Gremlin Leader","floor":23,"turns":7}],"seed_played":"467351277053298846","potions_obtained":[{"floor":1,"key":"Fire Potion"},{"floor":4,"key":"Regen Potion"},{"floor":4,"key":"EntropicBrew"}],"is_trial":false,"path_per_floor":["M","T","?","?","M","E","R","M","T","E","?","M","M","M","R","B",null,"M","$","?","?","M"],"character_chosen":"DEFECT","items_purchased":["Defragment","HandDrill","Rip and Tear"],"campfire_rested":0,"item_purchase_floors":[19,19,19],"current_hp_per_floor":[75,75,60,60,60,60,60,60,60,60,57,56,56,55,55,47,75,70,70,52,52,36,0],"gold":84,"neow_bonus":"THREE_ENEMY_KILL","is_prod":false,"is_daily":false,"chose_seed":false,"campfire_upgraded":2,"win_rate":0.0,"timestamp":1540839644,"path_taken":["M","?","?","?","M","E","R","M","T","E","?","M","M","M","R","BOSS","M","$","?","?","M","E"],"build_version":"2018-10-25v2","purchased_purges":0,"victory":false,"max_hp_per_floor":[75,75,75,75,75,75,75,75,75,75,75,75,75,75,75,75,75,75,75,52,52,52,52],"card_choices":[{"not_picked":["Compile Driver","Static Discharge"],"picked":"Glacier","floor":1},{"not_picked":["Streamline","Conserve Battery"],"picked":"Redo","floor":5},{"not_picked":["Static Discharge","Hello World"],"picked":"Conserve Battery","floor":6},{"not_picked":["Static Discharge","Compile Driver"],"picked":"Sweeping Beam","floor":8},{"not_picked":["Aggregate","Leap"],"picked":"Beam Cell","floor":10},{"not_picked":["Fusion","Redo"],"picked":"FTL","floor":12},{"not_picked":["Force Field","Redo"],"picked":"Doom and Gloom","floor":13},{"not_picked":["Beam Cell","Stack"],"picked":"Conserve Battery","floor":14},{"not_picked":["Reboot","Amplify"],"picked":"Buffer","floor":16},{"not_picked":["Streamline","Redo"],"picked":"Coolheaded+1","floor":18},{"not_picked":["Hologram","Go for the Eyes"],"picked":"Conserve Battery","floor":22}],"player_experience":54246,"relics_obtained":[{"floor":2,"key":"Juzu Bracelet"},{"floor":6,"key":"Oddly Smooth Stone"},{"floor":9,"key":"Ice Cream"},{"floor":10,"key":"Pen Nib"}],"event_choices":[{"damage_healed":0,"gold_gain":0,"player_choice":"Entered Light","damage_taken":15,"max_hp_gain":0,"max_hp_loss":0,"event_name":"Shining Light","floor":3,"gold_loss":0,"cards_upgraded":["Glacier","Strike_B"]},{"damage_healed":0,"gold_gain":0,"player_choice":"Got Potions","damage_taken":0,"max_hp_gain":0,"max_hp_loss":0,"event_name":"The Lab","floor":4,"gold_loss":0},{"damage_healed":0,"gold_gain":0,"player_choice":"Success","damage_taken":3,"relics_obtained":["Meat on the Bone"],"max_hp_gain":0,"max_hp_loss":0,"event_name":"Scrap Ooze","floor":11,"gold_loss":0},{"damage_healed":0,"gold_gain":0,"player_choice":"Became a vampire","damage_taken":0,"max_hp_gain":0,"max_hp_loss":23,"event_name":"Vampires","floor":20,"gold_loss":0,"cards_obtained":["Bite","Bite","Bite","Bite","Bite"]},{"damage_healed":0,"gold_gain":0,"player_choice":"Forge","damage_taken":0,"max_hp_gain":0,"max_hp_loss":0,"event_name":"Accursed Blacksmith","floor":21,"gold_loss":0,"cards_upgraded":["Defragment"]}],"is_beta":false,"boss_relics":[{"not_picked":["Runic Dome","Cursed Key"],"picked":"Eternal Feather"}],"items_purged_floors":[],"is_endless":false,"potions_floor_spawned":[1,8,13,14],"killed_by":"Gremlin Leader","ascension_level":0}