{"gold_per_floor":[116,63,80,80,80,80,106,106,106,116,131,56,90,100,100,172,172,186,199,249,249,41,41,41],"floor_reached":24,"playtime":801,"items_purged":["Strike_R"],"score":458,"play_id":"bdec6088-4054-471c-bf34-012d95c18094","local_time":"20190516001519","is_ascension_mode":true,"campfire_choices":[{"data":"Bash","floor":6,"key":"SMITH"},{"data":"Demon Form","floor":8,"key":"SMITH"},{"data":"Sword Boomerang","floor":15,"key":"SMITH"},{"floor":23,"key":"REST"}],"neow_cost":"NONE","seed_source_timestamp":1731468097835056,"circlet_count":0,"master_deck":["AscendersBane","Strike_R","Strike_R","Strike_R","Defend_R","Defend_R","Defend_R","Defend_R","Bash+1","Reckless Charge","Ghostly Armor","Demon Form+1","Battle Trance","Sword Boomerang+1","Shockwave","Feel No Pain","Immolate","Shrug It Off","Battle Trance"],"relics":["Burning Blood","NeowsBlessing","Anchor","Smiling Mask","Gremlin Horn","Dodecahedron","Black Star","Pen Nib"],"potions_floor_usage":[13,16,19],"damage_taken":[{"damage":0,"enemies":"Jaw Worm","floor":1,"turns":1},{"damage":0,"enemies":"2 Louse","floor":3,"turns":1},{"damage":0,"enemies":"Gremlin Nob","floor":7,"turns":1},{"damage":13,"enemies":"Cultist","floor":10,"turns":5},{"damage":13,"enemies":"Exordium Thugs","floor":11,"turns":4},{"damage":20,"enemies":"3 Sentries","floor":13,"turns":6},{"damage":7,"enemies":"2 Fungi Beasts","floor":14,"turns":4},{"damage":18,"enemies":"Slime Boss","floor":16,"turns":6},{"damage":37,"enemies":"Spheric Guardian","floor":18,"turns":5},{"damage":16,"enemies":"2 Thieves","floor":19,"turns":4},{"damage":50,"enemies":"Book of Stabbing","floor":24,"turns":4}],"seed_played":"-1791522459991962563","potions_obtained":[{"floor":10,"key":"FearPotion"},{"floor":13,"key":"Weak Potion"},{"floor":16,"key":"Ancient Potion"}],"is_trial":false,"path_per_floor":["M","$","M","?","?","R","E","R","T","M","M","?","E","M","R","B",null,"M","M","?","?","$","R","E"],"character_chosen":"IRONCLAD","items_purchased":["Explosive Potion","Pen Nib"],"campfire_rested":1,"item_purchase_floors":[2,22],"current_hp_per_floor":[74,74,75,70,70,70,75,75,75,68,61,61,47,46,46,34,65,34,24,24,24,24,46,0],"gold":41,"neow_bonus":"THREE_ENEMY_KILL","is_prod":false,"is_daily":false,"chose_seed":false,"campfire_upgraded":3,"win_rate":0,"timestamp":1557990919,"path_taken":["M","$","M","?","?","R","E","R","T","M","M","?","E","M","R","BOSS","M","M","?","?","$","R","E"],"build_version":"2019-05-07","purchased_purges":1,"victory":false,"max_hp_per_floor":[75,75,75,75,75,75,75,75,75,75,75,75,75,75,75,75,75,75,75,75,75,75,75,75],"card_choices":[{"not_picked":["Clash","Heavy Blade"],"picked":"Reckless Charge","floor":1},{"not_picked":["Sentinel","Thunderclap"],"picked":"Ghostly Armor","floor":3},{"not_picked":["Spot Weakness","Intimidate"],"picked":"Demon Form","floor":7},{"not_picked":["Flex","True Grit"],"picked":"Battle Trance","floor":10},{"not_picked":["Cleave","Twin Strike"],"picked":"Sword Boomerang","floor":11},{"not_picked":["Clothesline","Dropkick"],"picked":"Shockwave","floor":13},{"not_picked":["Uppercut","Sword Boomerang"],"picked":"Feel No Pain","floor":14},{"not_picked":["Demon Form","Feed"],"picked":"Immolate","floor":16},{"not_picked":["Rampage","Sword Boomerang","Rupture"],"picked":"SKIP","floor":18},{"not_picked":["Heavy Blade","Blood for Blood"],"picked":"Shrug It Off","floor":19}],"player_experience":1257372,"relics_obtained":[{"floor":7,"key":"Smiling Mask"},{"floor":9,"key":"Gremlin Horn"},{"floor":13,"key":"Dodecahedron"}],"event_choices":[{"damage_healed":0,"gold_gain":0,"player_choice":"Success","damage_taken":5,"relics_obtained":["Anchor"],"max_hp_gain":0,"max_hp_loss":0,"event_name":"Scrap Ooze","floor":4,"gold_loss":0},{"damage_healed":0,"gold_gain":0,"player_choice":"Ignored","damage_taken":0,"max_hp_gain":0,"max_hp_loss":0,"event_name":"Liars Game","floor":5,"gold_loss":0},{"cards_removed":["Strike_R"],"damage_healed":0,"gold_gain":0,"player_choice":"Card Removal","damage_taken":0,"max_hp_gain":0,"max_hp_loss":0,"event_name":"The Cleric","floor":12,"gold_loss":75},{"damage_healed":0,"gold_gain":50,"player_choice":"Stole From Cult","damage_taken":0,"max_hp_gain":0,"max_hp_loss":0,"event_name":"Nest","floor":20,"gold_loss":0},{"damage_healed":0,"gold_gain":0,"player_choice":"Copied","damage_taken":0,"max_hp_gain":0,"max_hp_loss":0,"event_name":"Duplicator","floor":21,"gold_loss":0,"cards_obtained":["Battle Trance"]}],"is_beta":true,"boss_relics":[{"not_picked":["Velvet Choker","Tiny House"],"picked":"Black Star"}],"items_purged_floors":[22],"is_endless":false,"potions_floor_spawned":[10,11,13,14,16],"killed_by":"Book of Stabbing","ascension_level":20}