{"gold_per_floor":[109,127,142,159,170,170,170,200,225,300,314,279,279,308,308,385,385,396,409,55,71,71,71,71,71,71,84,96,96,19,39,39,115,115,133,133,133,133,151,151,176,56,56,56,71,71,71,88,88,88],"floor_reached":50,"playtime":2455,"items_purged":["Strike_G"],"score":913,"play_id":"13d401d2-980b-40e9-897b-97b7fcd22704","local_time":"20181023070828","is_ascension_mode":true,"campfire_choices":[{"data":"Bouncing Flask","floor":6.0,"key":"SMITH"},{"data":"Infinite Blades","floor":13.0,"key":"SMITH"},{"data":"Blind","floor":15.0,"key":"SMITH"},{"data":"Footwork","floor":23.0,"key":"SMITH"},{"data":"Cloak And Dagger","floor":29.0,"key":"SMITH"},{"floor":32.0,"key":"REST"},{"floor":40.0,"key":"REST"},{"data":"Footwork","floor":46,"key":"SMITH"},{"data":"Apotheosis","floor":49,"key":"SMITH"}],"neow_cost":"NONE","seed_source_timestamp":0,"circlet_count":0,"master_deck":["Defend_G","Defend_G","Defend_G","Defend_G","Defend_G","Strike_G+1","Strike_G","Strike_G","Strike_G","Survivor","Neutralize+1","AscendersBane","Blind+1","Endless Agony","Sucker Punch","Bouncing Flask+1","Infinite Blades+1","Finisher","Cloak And Dagger+1","Corpse Explosion","Backflip+1","PiercingWail","Footwork+1","Catalyst+1","Decay","Catalyst+1","Doppelganger","Cloak And Dagger+1","Apotheosis+1","Footwork+1","Well Laid Plans","Parasite"],"special_seed":0,"relics":["Ring of the Snake","FaceOfCleric","Whetstone","Ancient Tea Set","Oddly Smooth Stone","Cursed Key","Bottled Lightning","WristBlade","Bag of Preparation"],"potions_floor_usage":[50],"damage_taken":[{"damage":0.0,"enemies":"Jaw Worm","floor":1.0,"turns":6.0},{"damage":2.0,"enemies":"Cultist","floor":2.0,"turns":5.0},{"damage":4.0,"enemies":"Small Slimes","floor":3.0,"turns":3.0},{"damage":3.0,"enemies":"Looter","floor":4.0,"turns":3.0},{"damage":2.0,"enemies":"Exordium Thugs","floor":5.0,"turns":5.0},{"damage":15.0,"enemies":"Gremlin Nob","floor":8.0,"turns":4.0},{"damage":0.0,"enemies":"Blue Slaver","floor":11.0,"turns":4.0},{"damage":16.0,"enemies":"3 Sentries","floor":14.0,"turns":8.0},{"damage":11.0,"enemies":"Hexaghost","floor":16.0,"turns":9.0},{"damage":0.0,"enemies":"Spheric Guardian","floor":18.0,"turns":3.0},{"damage":4.0,"enemies":"2 Thieves","floor":19.0,"turns":3.0},{"damage":0.0,"enemies":"3 Cultists","floor":21.0,"turns":3.0},{"damage":17.0,"enemies":"Centurion and Healer","floor":27.0,"turns":5.0},{"damage":8.0,"enemies":"Chosen and Byrds","floor":28.0,"turns":6.0},{"damage":2.0,"enemies":"3 Cultists","floor":31.0,"turns":3.0},{"damage":64.0,"enemies":"Automaton","floor":33.0,"turns":12.0},{"damage":5.0,"enemies":"Orb Walker","floor":35.0,"turns":4.0},{"damage":17.0,"enemies":"3 Darklings","floor":39.0,"turns":3.0},{"damage":23.0,"enemies":"Nemesis","floor":41.0,"turns":7.0},{"damage":0,"enemies":"Maw","floor":45,"turns":6},{"damage":0,"enemies":"Writhing Mass","floor":48,"turns":7},{"damage":74,"enemies":"Time Eater","floor":50,"turns":8}],"seed_played":"1092607301313513784","potions_obtained":[{"floor":1.0,"key":"PowerPotion"},{"floor":3.0,"key":"Fire Potion"},{"floor":11.0,"key":"AttackPotion"},{"floor":14.0,"key":"Swift Potion"},{"floor":28.0,"key":"Regen Potion"},{"floor":35.0,"key":"FairyPotion"}],"is_trial":false,"path_per_floor":["M","M","M","M","M","R","?","E","T","?","M","?","R","E","R","B",null,"M","M","$","M","?","R","?","T","T","M","M","R","$","M","R","B",null,"M","?","?","?","M","R","E","$","T","$","M","R","?","M","R"],"character_chosen":"THE_SILENT","items_purchased":["Footwork","Bottled Lightning","Catalyst","Well Laid Plans"],"campfire_rested":2,"item_purchase_floors":[20,20,30,42],"current_hp_per_floor":[59,57,53,50,48,48,48,34,34,23,24,41,41,26,26,16,57,58,55,55,56,56,56,56,56,56,40,33,33,33,32,54,6,59,55,55,55,45,29,52,30,30,30,30,31,31,66,67,67,0],"gold":88,"neow_bonus":"RANDOM_COLORLESS","is_prod":false,"is_daily":false,"chose_seed":false,"campfire_upgraded":7,"win_rate":0,"timestamp":1540303708,"path_taken":["M","M","M","M","M","R","?","E","T","?","M","?","R","E","R","BOSS","M","M","$","M","?","R","?","?","T","?","M","R","$","M","R","BOSS","M","?","?","?","M","R","E","$","T","$","M","R","?","M","R","BOSS"],"build_version":"2018-10-22","purchased_purges":1,"victory":false,"max_hp_per_floor":[66,66,66,66,66,66,66,67,67,67,68,68,68,69,69,70,70,71,72,72,73,73,73,73,73,73,74,75,75,75,76,76,77,77,78,78,78,78,79,79,80,80,80,80,81,81,66,67,67,67],"card_choices":[{"not_picked":["Underhanded Strike","Slice"],"picked":"Endless Agony","floor":1.0},{"not_picked":["Outmaneuver","Deadly Poison"],"picked":"Sucker Punch","floor":2.0},{"not_picked":["Eviscerate","Outmaneuver"],"picked":"Bouncing Flask","floor":3.0},{"not_picked":["Calculated Gamble","Prepared"],"picked":"Infinite Blades","floor":4.0},{"not_picked":["Calculated Gamble","Underhanded Strike","Crippling Poison"],"picked":"SKIP","floor":5.0},{"not_picked":["PiercingWail","Sucker Punch"],"picked":"Finisher","floor":8.0},{"not_picked":["Quick Slash","Dodge and Roll"],"picked":"PiercingWail","floor":11.0},{"not_picked":["Setup","Slice"],"picked":"Cloak And Dagger","floor":14.0},{"not_picked":["Burst","Grand Finale"],"picked":"Corpse Explosion","floor":16.0},{"not_picked":["Blade Dance","Deflect"],"picked":"Backflip+1","floor":18.0},{"not_picked":["Eviscerate","Venomology"],"picked":"PiercingWail","floor":19.0},{"not_picked":["Cloak And Dagger","Deflect"],"picked":"Catalyst","floor":21.0},{"not_picked":["Underhanded Strike","Cloak And Dagger","Sucker Punch"],"picked":"SKIP","floor":27.0},{"not_picked":["Reflex","Flying Knee","Underhanded Strike"],"picked":"SKIP","floor":28.0},{"not_picked":["Dagger Spray","Predator","Dodge and Roll"],"picked":"SKIP","floor":31.0},{"not_picked":["Venomology","Unload"],"picked":"Doppelganger","floor":33.0},{"not_picked":["Escape Plan","Deadly Poison"],"picked":"Cloak And Dagger+1","floor":35.0},{"not_picked":["Mind Blast","Jack Of All Trades"],"picked":"Apotheosis","floor":38.0},{"not_picked":["All Out Attack","Dagger Throw","Dash"],"picked":"SKIP","floor":39.0},{"not_picked":["Outmaneuver+1","Acrobatics"],"picked":"Footwork","floor":41.0},{"not_picked":["Bane","Crippling Poison","Endless Agony+1"],"picked":"SKIP","floor":45},{"not_picked":["Sucker Punch+1","Dodge and Roll","Outmaneuver"],"picked":"SKIP","floor":48},{"not_picked":["Sucker Punch+1","Dodge and Roll","Outmaneuver"],"picked":"SKIP","floor":48}],"player_experience":963242,"relics_obtained":[{"floor":8.0,"key":"Whetstone"},{"floor":9.0,"key":"Ancient Tea Set"},{"floor":14.0,"key":"Oddly Smooth Stone"},{"floor":41.0,"key":"Bag of Preparation"}],"event_choices":[{"damage_healed":0.0,"max_hp_gain":0.0,"max_hp_loss":0.0,"gold_gain":0.0,"event_name":"FaceTrader","player_choice":"Trade","floor":7.0,"gold_loss":0.0,"damage_taken":0.0,"relics_obtained":["FaceOfCleric"]},{"damage_healed":0.0,"max_hp_gain":0.0,"max_hp_loss":0.0,"gold_gain":75.0,"event_name":"World of Goop","player_choice":"Gather Gold","floor":10.0,"gold_loss":0.0,"damage_taken":11.0},{"damage_healed":17.0,"max_hp_gain":0.0,"max_hp_loss":0.0,"gold_gain":0.0,"event_name":"The Cleric","player_choice":"Healed","floor":12.0,"gold_loss":35.0,"damage_taken":0.0},{"damage_healed":0.0,"max_hp_gain":0.0,"max_hp_loss":0.0,"gold_gain":0.0,"event_name":"Upgrade Shrine","player_choice":"Upgraded","floor":22.0,"gold_loss":0.0,"damage_taken":0.0,"cards_upgraded":["Catalyst"]},{"damage_healed":0.0,"max_hp_gain":0.0,"max_hp_loss":0.0,"gold_gain":0.0,"event_name":"Forgotten Altar","player_choice":"Smashed Altar","floor":24.0,"gold_loss":0.0,"damage_taken":0.0,"cards_obtained":["Decay"]},{"damage_healed":0.0,"max_hp_gain":0.0,"max_hp_loss":0.0,"gold_gain":0.0,"event_name":"Accursed Blacksmith","player_choice":"Forge","floor":36.0,"gold_loss":0.0,"damage_taken":0.0,"cards_upgraded":["Catalyst"]},{"cards_removed":["PiercingWail"],"damage_healed":0.0,"max_hp_gain":0.0,"max_hp_loss":0.0,"gold_gain":0.0,"event_name":"Falling","player_choice":"Removed Skill","floor":37.0,"gold_loss":0.0,"damage_taken":0.0},{"damage_healed":0.0,"max_hp_gain":0.0,"max_hp_loss":0.0,"gold_gain":0.0,"event_name":"SensoryStone","player_choice":"Memory 3","floor":38.0,"gold_loss":0.0,"damage_taken":10.0},{"damage_healed":66,"gold_gain":0,"player_choice":"Heal","damage_taken":0,"max_hp_gain":0,"max_hp_loss":15,"event_name":"The Moai Head","floor":47,"gold_loss":0}],"is_beta":true,"boss_relics":[{"not_picked":["Runic Dome","Black Star"],"picked":"Cursed Key"},{"not_picked":["Snecko Eye","Busted Crown"],"picked":"WristBlade"}],"items_purged_floors":[42],"is_endless":false,"potions_floor_spawned":[1,3,11,14,19,21,28,35],"killed_by":"Time Eater","ascension_level":16}