{"gold_per_floor":[117,137,137,157,157,157,183,23,23,23,57,57,76,104,104,104],"floor_reached":16,"playtime":975,"items_purged":[],"score":236,"play_id":"30566f06-bed7-4da5-ad0e-c91bd87c4070","local_time":"20190815011502","is_ascension_mode":true,"campfire_choices":[{"data":"Neutralize","floor":6.0,"key":"SMITH"},{"floor":12.0,"key":"REST"},{"data":"Cloak And Dagger","floor":15.0,"key":"SMITH"}],"neow_cost":"NONE","seed_source_timestamp":4494166030404200,"circlet_count":0,"master_deck":["AscendersBane","Strike_G","Strike_G","Strike_G","Strike_G","Defend_G","Defend_G","Defend_G","Defend_G","Defend_G","Survivor","Neutralize+1","Backstab","All Out Attack","Quick Slash","Poisoned Stab","Cloak And Dagger+1","Cloak And Dagger"],"special_seed":0,"relics":["Ring of the Snake","The Specimen","Ornamental Fan","Snake Skull","Paper Crane","Kunai","Meat on the Bone","Pantograph"],"potions_floor_usage":[16],"damage_taken":[{"damage":1.0,"enemies":"Small Slimes","floor":1.0,"turns":4.0},{"damage":2.0,"enemies":"Cultist","floor":2.0,"turns":6.0},{"damage":2.0,"enemies":"Jaw Worm","floor":4.0,"turns":6.0},{"damage":30.0,"enemies":"3 Sentries","floor":7.0,"turns":7.0},{"damage":15.0,"enemies":"Lagavulin","floor":11.0,"turns":9.0},{"damage":3.0,"enemies":"Exordium Wildlife","floor":13.0,"turns":6.0},{"damage":19.0,"enemies":"Gremlin Nob","floor":14.0,"turns":5.0},{"damage":62,"enemies":"Hexaghost","floor":16,"turns":16}],"seed_played":"4853745306366345504","potions_obtained":[{"floor":4.0,"key":"LiquidBronze"},{"floor":7.0,"key":"Weak Potion"},{"floor":14.0,"key":"PowerPotion"}],"is_trial":false,"path_per_floor":["M","M","?","M","?","R","E","$","T","T","E","R","M","E","R","B"],"character_chosen":"THE_SILENT","items_purchased":["Snake Skull"],"campfire_rested":1,"item_purchase_floors":[8],"current_hp_per_floor":[58,56,56,54,54,54,24,24,24,24,9,28,37,30,30,0],"gold":104,"neow_bonus":"REMOVE_CARD","is_prod":false,"is_daily":false,"chose_seed":false,"campfire_upgraded":2,"win_rate":0,"timestamp":1565856902,"path_taken":["M","M","?","?","?","R","E","$","T","?","E","R","M","E","R","BOSS"],"build_version":"2019-07-18","purchased_purges":0,"victory":false,"max_hp_per_floor":[66,66,66,66,66,66,66,66,66,66,66,66,66,66,66,66],"card_choices":[{"not_picked":["Acrobatics","Deadly Poison"],"picked":"Backstab","floor":1.0},{"not_picked":["Tactician","Acrobatics"],"picked":"Backflip","floor":2.0},{"not_picked":["Outmaneuver","Underhanded Strike"],"picked":"All Out Attack","floor":4.0},{"not_picked":["Outmaneuver","Distraction"],"picked":"Quick Slash","floor":7.0},{"not_picked":["Flying Knee","Eviscerate"],"picked":"Poisoned Stab","floor":11.0},{"not_picked":["Expertise","Backflip"],"picked":"Cloak And Dagger","floor":13.0},{"not_picked":["Night Terror","Accuracy"],"picked":"Cloak And Dagger","floor":14.0}],"player_experience":3533419,"relics_obtained":[{"floor":7.0,"key":"Ornamental Fan"},{"floor":9.0,"key":"Paper Crane"},{"floor":10.0,"key":"Kunai"},{"floor":11.0,"key":"Meat on the Bone"},{"floor":14.0,"key":"Pantograph"}],"event_choices":[{"cards_removed":["Backflip"],"damage_healed":0.0,"max_hp_gain":0.0,"max_hp_loss":0.0,"gold_gain":0.0,"event_name":"WeMeetAgain","player_choice":"Gave Card","floor":3.0,"gold_loss":0.0,"damage_taken":0.0,"relics_obtained":["The Specimen"]},{"damage_healed":0.0,"max_hp_gain":0.0,"max_hp_loss":0.0,"gold_gain":0.0,"event_name":"Scrap Ooze","player_choice":"Fled","floor":5.0,"gold_loss":0.0,"damage_taken":0.0}],"is_beta":true,"boss_relics":[],"items_purged_floors":[],"is_endless":false,"potions_floor_spawned":[4,7,14],"killed_by":"Hexaghost","ascension_level":20}