{"gold_per_floor":[118,118,43,43,19,54,69,124,169,180,20,40,40,52,52,127,127,145,145,164,87,87,113,113,132,156,156,170,47,97,108,108,184,184,204,204,204,33,49,49,78,78,78,105,125,144,144,144,144,144],"floor_reached":50,"playtime":1553,"items_purged":["Regret","Clumsy"],"score":948,"play_id":"7fda9547-c281-44e8-b2b6-2c79ae861059","local_time":"20190918025151","is_ascension_mode":true,"campfire_choices":[{"data":"Zap","floor":13.0,"key":"SMITH"},{"data":"Chaos","floor":15.0,"key":"SMITH"},{"floor":24.0,"key":"REST"},{"floor":27.0,"key":"REST"},{"floor":32.0,"key":"REST"},{"floor":40.0,"key":"REST"},{"data":"Defragment","floor":42.0,"key":"SMITH"},{"data":"Buffer","floor":49,"key":"SMITH"}],"neow_cost":"NONE","seed_source_timestamp":12332040222000,"circlet_count":0,"master_deck":["AscendersBane","Strike_B","Defend_B","Defend_B","Defend_B","Defend_B+1","Zap+1","Dualcast","Chaos+1","Ball Lightning","FTL","Glacier","Capacitor","Rebound","Trip","Rip and Tear","Reboot","Rainbow","Beam Cell+1","Defragment+1","White Noise+1","Thunder Strike","BootSequence+1","Reinforced Body","Go for the Eyes","Doubt","Auto Shields","All For One","Seek+1","Creative AI+1","Steam Power+1","Panache","Hologram+1","Buffer+1","Leap+1","Force Field","Doubt"],"special_seed":0,"relics":["Cracked Core","NeowsBlessing","Kunai","Cables","Bottled Lightning","Orichalcum","Cursed Key","War Paint","Regal Pillow","Bronze Scales","Astrolabe","MealTicket","Centennial Puzzle"],"potions_floor_usage":[],"damage_taken":[{"damage":0.0,"enemies":"Cultist","floor":1.0,"turns":1.0},{"damage":0.0,"enemies":"3 Sentries","floor":6.0,"turns":1.0},{"damage":0.0,"enemies":"Small Slimes","floor":7.0,"turns":1.0},{"damage":11.0,"enemies":"3 Sentries","floor":8.0,"turns":8.0},{"damage":2.0,"enemies":"Jaw Worm","floor":10.0,"turns":3.0},{"damage":6.0,"enemies":"2 Fungi Beasts","floor":12.0,"turns":3.0},{"damage":8.0,"enemies":"Blue Slaver","floor":14.0,"turns":2.0},{"damage":15.0,"enemies":"The Guardian","floor":16.0,"turns":7.0},{"damage":16.0,"enemies":"Shell Parasite","floor":18.0,"turns":4.0},{"damage":2.0,"enemies":"3 Byrds","floor":20.0,"turns":4.0},{"damage":34.0,"enemies":"Slavers","floor":23.0,"turns":6.0},{"damage":6.0,"enemies":"Snake Plant","floor":25.0,"turns":3.0},{"damage":0.0,"enemies":"Cultist and Chosen","floor":28.0,"turns":6.0},{"damage":19.0,"enemies":"Shelled Parasite and Fungi","floor":31.0,"turns":5.0},{"damage":51.0,"enemies":"Champ","floor":33.0,"turns":11.0},{"damage":26.0,"enemies":"3 Darklings","floor":35.0,"turns":5.0},{"damage":15.0,"enemies":"3 Shapes","floor":39.0,"turns":3.0},{"damage":3.0,"enemies":"Nemesis","floor":41.0,"turns":5.0},{"damage":23.0,"enemies":"Reptomancer","floor":44.0,"turns":6.0},{"damage":15.0,"enemies":"Jaw Worm Horde","floor":45.0,"turns":4.0},{"damage":0.0,"enemies":"3 Darklings","floor":46.0,"turns":5.0},{"damage":49,"enemies":"Awakened One","floor":50,"turns":4}],"seed_played":"-4672002397835856328","potions_obtained":[{"floor":6.0,"key":"SteroidPotion"},{"floor":10.0,"key":"Strength Potion"},{"floor":16.0,"key":"Weak Potion"},{"floor":25.0,"key":"Fire Potion"},{"floor":28.0,"key":"Energy Potion"},{"floor":33.0,"key":"Weak Potion"},{"floor":45.0,"key":"FairyPotion"}],"is_trial":false,"path_per_floor":["M","?","$","?","$","E","M","?","T","M","$","M","R","M","R","B",null,"M","?","M","$","?","E","R","M","T","R","M","$","T","M","R","B",null,"M","?","?","$","M","R","E","R","T","E","M","M","?","T","R","B"],"character_chosen":"DEFECT","items_purchased":["Ball Lightning","Trip","Rip and Tear","White Noise","Go for the Eyes","Panache"],"campfire_rested":4,"item_purchase_floors":[5,11,11,21,29,38],"current_hp_per_floor":[64,64,64,64,64,64,64,53,53,51,51,45,45,37,37,22,59,43,43,41,41,41,7,28,22,22,58,58,58,58,39,71,20,58,32,32,32,32,17,53,50,50,50,27,12,12,71,71,71,22],"gold":144,"neow_bonus":"THREE_ENEMY_KILL","is_prod":false,"is_daily":false,"chose_seed":false,"campfire_upgraded":4,"win_rate":0,"timestamp":1568793111,"path_taken":["M","?","$","?","?","E","M","?","T","?","$","?","R","M","R","BOSS","M","?","M","$","?","E","R","M","T","R","M","$","?","M","R","BOSS","M","?","?","$","M","R","E","R","T","E","?","M","?","?","R","BOSS"],"build_version":"2019-09-17","purchased_purges":2,"victory":false,"max_hp_per_floor":[71,71,71,71,71,71,71,71,71,71,71,71,71,71,71,71,71,71,71,71,71,71,71,71,71,71,71,71,71,71,71,71,71,71,71,71,71,71,71,71,71,71,71,71,71,71,71,71,71,71],"card_choices":[{"not_picked":["Leap","Go for the Eyes"],"picked":"Chaos","floor":1.0},{"not_picked":["Storm","BootSequence"],"picked":"FTL","floor":6.0},{"not_picked":["Redo","Reinforced Body"],"picked":"Glacier","floor":7.0},{"not_picked":["Hologram","Steam Power"],"picked":"Capacitor","floor":8.0},{"not_picked":["Streamline","Coolheaded"],"picked":"Rebound","floor":10.0},{"not_picked":["Redo","Leap"],"picked":"Reboot","floor":12.0},{"not_picked":["Doom and Gloom","Hello World","Compile Driver"],"picked":"SKIP","floor":14.0},{"not_picked":["Core Surge","Multi-Cast"],"picked":"Rainbow","floor":16.0},{"not_picked":["Compile Driver","Redo"],"picked":"Beam Cell+1","floor":18.0},{"not_picked":["Cold Snap","Barrage"],"picked":"Defragment","floor":20.0},{"not_picked":["Hologram","Streamline"],"picked":"BootSequence+1","floor":23.0},{"not_picked":["Steam Power","Compile Driver","Ball Lightning"],"picked":"SKIP","floor":25.0},{"not_picked":["Scrape","Loop+1"],"picked":"Reinforced Body","floor":28.0},{"not_picked":["Ball Lightning","BootSequence"],"picked":"Auto Shields","floor":31.0},{"not_picked":["Buffer","Electrodynamics"],"picked":"All For One","floor":33.0},{"not_picked":["Chaos+1","Cold Snap","Streamline+1"],"picked":"SKIP","floor":35.0},{"not_picked":["Cold Snap","Steam"],"picked":"Hologram+1","floor":39.0},{"not_picked":["Cold Snap","Conserve Battery","Meteor Strike"],"picked":"SKIP","floor":41.0},{"not_picked":["Defragment","Compile Driver+1"],"picked":"Buffer","floor":44.0},{"not_picked":["Rebound","Ball Lightning"],"picked":"Leap+1","floor":45.0},{"not_picked":["BootSequence","Conserve Battery"],"picked":"Force Field","floor":46.0}],"player_experience":1384829,"relics_obtained":[{"floor":6.0,"key":"Cables"},{"floor":8.0,"key":"Bottled Lightning"},{"floor":9.0,"key":"Orichalcum"},{"floor":23.0,"key":"War Paint"},{"floor":26.0,"key":"Regal Pillow"},{"floor":30.0,"key":"Bronze Scales"},{"floor":41.0,"key":"MealTicket"},{"floor":44.0,"key":"Centennial Puzzle"}],"event_choices":[{"damage_healed":0.0,"max_hp_gain":0.0,"max_hp_loss":0.0,"gold_gain":0.0,"event_name":"Big Fish","player_choice":"Box","floor":2.0,"gold_loss":0.0,"damage_taken":0.0,"relics_obtained":["Kunai"],"cards_obtained":["Regret"]},{"damage_healed":0.0,"max_hp_gain":0.0,"max_hp_loss":0.0,"gold_gain":0.0,"event_name":"Liars Game","player_choice":"Ignored","floor":4.0,"gold_loss":0.0,"damage_taken":0.0},{"damage_healed":0.0,"max_hp_gain":0.0,"max_hp_loss":0.0,"gold_gain":30.0,"event_name":"Dead Adventurer","player_choice":"Searched \u00273\u0027 times","floor":8.0,"gold_loss":0.0,"damage_taken":0.0},{"damage_healed":0.0,"max_hp_gain":0.0,"max_hp_loss":0.0,"gold_gain":0.0,"event_name":"The Library","player_choice":"Read","floor":22.0,"gold_loss":0.0,"damage_taken":0.0,"cards_obtained":["Thunder Strike"]},{"damage_healed":0.0,"max_hp_gain":0.0,"max_hp_loss":0.0,"gold_gain":0.0,"event_name":"Mysterious Sphere","player_choice":"Ignored","floor":36.0,"gold_loss":0.0,"damage_taken":0.0},{"damage_healed":0.0,"max_hp_gain":0.0,"max_hp_loss":0.0,"gold_gain":0.0,"event_name":"SecretPortal","player_choice":"Ignored","floor":37.0,"gold_loss":0.0,"damage_taken":0.0},{"damage_healed":59.0,"max_hp_gain":0.0,"max_hp_loss":0.0,"gold_gain":0.0,"event_name":"MindBloom","player_choice":"Heal","floor":47.0,"gold_loss":0.0,"damage_taken":0.0,"cards_obtained":["Doubt"]}],"is_beta":true,"boss_relics":[{"not_picked":["Snecko Eye","Runic Pyramid"],"picked":"Cursed Key"},{"not_picked":["Pandora\u0027s Box","Philosopher\u0027s Stone"],"picked":"Astrolabe"}],"items_purged_floors":[3,29],"is_endless":false,"potions_floor_spawned":[6,10,12,16,25,28,33,39,45,46],"killed_by":"Awakened One","ascension_level":14}