{"gold_per_floor":[112,112,37,10,10,43,57,86,86,86,99,114,114,38,38,135,135,149,168,184,27,42,42,77,97,97,97,124,74,106,126,126,227,227,238,20,20,40,58,88,88,122,169,199,199,199,213,229,229,229,229,229,140,172,172],"floor_reached":55,"playtime":4682,"items_purged":["Pain","Strike_R","Strike_R"],"score":963,"play_id":"40d8960d-c71e-4f45-b31a-b43c26ecdd2a","local_time":"20190912155248","is_ascension_mode":true,"campfire_choices":[{"floor":10.0,"key":"RECALL"},{"data":"Berserk","floor":15.0,"key":"SMITH"},{"data":"Corruption","floor":23.0,"key":"SMITH"},{"data":"Juggernaut","floor":27.0,"key":"SMITH"},{"data":"Anger","floor":32.0,"key":"SMITH"},{"data":"Juggernaut","floor":41,"key":"SMITH"},{"data":"Seeing Red","floor":46,"key":"SMITH"},{"data":"Juggernaut","floor":49,"key":"SMITH"},{"data":"Rage","floor":52,"key":"SMITH"}],"neow_cost":"NONE","seed_source_timestamp":0,"circlet_count":0,"master_deck":["Defend_R","Defend_R","Defend_R","Defend_R","Bash","Armaments","Clothesline","Seeing Red+1","Sword Boomerang","Spot Weakness","Berserk+1","Metallicize","Reaper","Corruption+1","Rampage+1","Rage+1","Shrug It Off","Juggernaut+1","Body Slam+1","Anger+1","Juggernaut+1","Sentinel+1","Offering","Finesse","Apotheosis","Purity","Fire Breathing+1","Clash","Juggernaut+1","Feel No Pain"],"special_seed":0,"relics":["Black Blood","NeowsBlessing","WarpedTongs","Thread and Needle","Mummified Hand","Unceasing Top","Sozu","Lantern","Bottled Lightning","Smiling Mask","CaptainsWheel","Orichalcum","HandDrill","White Beast Statue","Pear","Dead Branch","Letter Opener"],"potions_floor_usage":[],"damage_taken":[{"damage":0.0,"enemies":"Small Slimes","floor":1.0,"turns":1.0},{"damage":0.0,"enemies":"Gremlin Nob","floor":6.0,"turns":1.0},{"damage":0.0,"enemies":"Cultist","floor":7.0,"turns":1.0},{"damage":24.0,"enemies":"3 Sentries","floor":8.0,"turns":8.0},{"damage":0.0,"enemies":"Jaw Worm","floor":11.0,"turns":2.0},{"damage":3.0,"enemies":"Exordium Thugs","floor":12.0,"turns":5.0},{"damage":23.0,"enemies":"Slime Boss","floor":16.0,"turns":7.0},{"damage":0.0,"enemies":"Chosen","floor":18.0,"turns":3.0},{"damage":0.0,"enemies":"Shell Parasite","floor":19.0,"turns":3.0},{"damage":30.0,"enemies":"Centurion and Healer","floor":20.0,"turns":6.0},{"damage":9.0,"enemies":"Chosen and Byrds","floor":22.0,"turns":6.0},{"damage":17.0,"enemies":"Book of Stabbing","floor":24.0,"turns":4.0},{"damage":0.0,"enemies":"Snecko","floor":25.0,"turns":2.0},{"damage":20.0,"enemies":"Slavers","floor":28.0,"turns":5.0},{"damage":4.0,"enemies":"Gremlin Leader","floor":30.0,"turns":3.0},{"damage":24.0,"enemies":"Centurion and Healer","floor":31.0,"turns":3.0},{"damage":35.0,"enemies":"Automaton","floor":33.0,"turns":7.0},{"damage":0.0,"enemies":"Orb Walker","floor":35.0,"turns":2.0},{"damage":6,"enemies":"3 Darklings","floor":38,"turns":3},{"damage":6,"enemies":"4 Shapes","floor":39,"turns":2},{"damage":29,"enemies":"Nemesis","floor":40,"turns":3},{"damage":6,"enemies":"Giant Head","floor":42,"turns":5},{"damage":6,"enemies":"Reptomancer","floor":44,"turns":2},{"damage":6,"enemies":"Maw","floor":47,"turns":3},{"damage":0,"enemies":"Spire Growth","floor":48,"turns":2},{"damage":40,"enemies":"Donu and Deca","floor":50,"turns":4},{"damage":44,"enemies":"Shield and Spear","floor":54,"turns":4},{"damage":64,"enemies":"The Heart","floor":55,"turns":3}],"seed_played":"-4371956715658652047","potions_obtained":[{"floor":6.0,"key":"Regen Potion"},{"floor":8.0,"key":"Energy Potion"},{"floor":12.0,"key":"Fire Potion"},{"floor":16.0,"key":"EssenceOfSteel"}],"is_trial":false,"path_per_floor":["M","?","$","$","?","E","M","E","T","R","M","M","?","$","R","B",null,"M","M","M","$","M","R","E","M","T","R","E","$","E","M","R","B",null,"M","$","?","M","M","E","R","E","T","E","?","R","M","M","R","B",null,"R","$","E","B"],"character_chosen":"IRONCLAD","items_purchased":["Clothesline","Metallicize","Lantern","Offering","HandDrill","Feel No Pain"],"campfire_rested":0,"item_purchase_floors":[4,14,21,36,36,53],"current_hp_per_floor":[80,80,80,80,80,80,80,62,62,62,73,76,76,76,76,59,80,80,80,61,61,61,61,54,64,64,64,69,69,78,74,74,51,80,80,80,70,76,80,68,68,90,90,90,90,90,90,90,90,62,90,90,90,58,0],"gold":172,"neow_bonus":"THREE_ENEMY_KILL","is_prod":false,"is_daily":false,"chose_seed":false,"campfire_upgraded":8,"win_rate":0,"timestamp":1568274768,"path_taken":["M","?","?","$","?","E","M","E","T","R","?","M","?","$","R","BOSS","M","?","M","$","M","R","E","M","T","R","E","$","E","M","R","BOSS","M","$","?","M","M","E","R","E","T","E","?","R","M","M","R","BOSS","R","$","E","BOSS"],"build_version":"2019-09-11","purchased_purges":3,"victory":false,"max_hp_per_floor":[80,80,80,80,80,80,80,80,80,80,80,80,80,80,80,80,80,80,80,80,80,80,80,80,80,80,80,80,80,80,80,80,80,80,80,80,80,80,80,80,80,90,90,90,90,90,90,90,90,90,90,90,90,90,90],"card_choices":[{"not_picked":["Intimidate","Clash"],"picked":"Armaments","floor":1.0},{"not_picked":["Headbutt","Shrug It Off"],"picked":"Seeing Red","floor":6.0},{"not_picked":["Heavy Blade","Twin Strike"],"picked":"Sword Boomerang","floor":7.0},{"not_picked":["Shrug It Off","Cleave"],"picked":"Spot Weakness","floor":8.0},{"not_picked":["Wild Strike","Warcry","Searing Blow"],"picked":"SKIP","floor":11.0},{"not_picked":["Thunderclap","Armaments"],"picked":"Berserk","floor":12.0},{"not_picked":["Exhume","Feed"],"picked":"Reaper","floor":16.0},{"not_picked":["Sever Soul","Thunderclap+1"],"picked":"Corruption","floor":18.0},{"not_picked":["Uppercut+1","Havoc"],"picked":"Rampage+1","floor":19.0},{"not_picked":["Armaments","Infernal Blade+1"],"picked":"Rage","floor":20.0},{"not_picked":["Flame Barrier+1","Clothesline"],"picked":"Shrug It Off","floor":22.0},{"not_picked":["Sword Boomerang","Thunderclap"],"picked":"Juggernaut","floor":24.0},{"not_picked":["True Grit+1","Armaments+1","Blood for Blood+1"],"picked":"SKIP","floor":25.0},{"not_picked":["Limit Break","Dual Wield"],"picked":"Body Slam+1","floor":28.0},{"not_picked":["Combust","Sever Soul+1","Disarm+1"],"picked":"SKIP","floor":30.0},{"not_picked":["Rage","Cleave"],"picked":"Anger","floor":31.0},{"not_picked":["Double Tap","Limit Break"],"picked":"Juggernaut","floor":33.0},{"not_picked":["Wild Strike","Headbutt+1"],"picked":"Sentinel+1","floor":35.0},{"not_picked":["Mind Blast","Bandage Up"],"picked":"Finesse","floor":37},{"not_picked":["Jack Of All Trades","Madness"],"picked":"Apotheosis","floor":37},{"not_picked":["The Bomb","Discovery"],"picked":"Purity","floor":37},{"not_picked":["Heavy Blade+1","Whirlwind"],"picked":"Fire Breathing+1","floor":38},{"not_picked":["Headbutt","Burning Pact","Anger"],"picked":"SKIP","floor":39},{"not_picked":["Warcry+1","Offering","Havoc"],"picked":"SKIP","floor":40},{"not_picked":["Power Through","Anger+1"],"picked":"Clash","floor":42},{"not_picked":["Sword Boomerang","Uppercut+1"],"picked":"Juggernaut","floor":44},{"not_picked":["Sword Boomerang","Body Slam","Bloodletting"],"picked":"SKIP","floor":47},{"not_picked":["Armaments","Whirlwind","Perfected Strike"],"picked":"SKIP","floor":48},{"not_picked":["Disarm+1","Armaments","Dropkick"],"picked":"SKIP","floor":54}],"player_experience":123647,"relics_obtained":[{"floor":6.0,"key":"Thread and Needle"},{"floor":8.0,"key":"Mummified Hand"},{"floor":9.0,"key":"Unceasing Top"},{"floor":24.0,"key":"Bottled Lightning"},{"floor":26.0,"key":"Smiling Mask"},{"floor":28.0,"key":"CaptainsWheel"},{"floor":30.0,"key":"Orichalcum"},{"floor":40,"key":"White Beast Statue"},{"floor":42,"key":"Pear"},{"floor":44,"key":"Dead Branch"},{"floor":54,"key":"Letter Opener"}],"event_choices":[{"damage_healed":0.0,"max_hp_gain":0.0,"max_hp_loss":0.0,"gold_gain":0.0,"event_name":"Accursed Blacksmith","player_choice":"Rummage","floor":2.0,"gold_loss":0.0,"damage_taken":0.0,"relics_obtained":["WarpedTongs"],"cards_obtained":["Pain"]},{"cards_removed":["Strike_R"],"damage_healed":0.0,"max_hp_gain":0.0,"max_hp_loss":0.0,"gold_gain":0.0,"event_name":"Purifier","player_choice":"Purged","floor":5.0,"gold_loss":0.0,"damage_taken":0.0},{"cards_removed":["Strike_R"],"damage_healed":0.0,"max_hp_gain":0.0,"max_hp_loss":0.0,"gold_gain":0.0,"event_name":"Purifier","player_choice":"Purged","floor":13.0,"gold_loss":0.0,"damage_taken":0.0},{"damage_healed":0,"gold_gain":0,"player_choice":"Memory 3","damage_taken":10,"max_hp_gain":0,"max_hp_loss":0,"event_name":"SensoryStone","floor":37,"gold_loss":0},{"cards_removed":["Strike_R"],"damage_healed":0,"gold_gain":0,"player_choice":"Purged","damage_taken":0,"max_hp_gain":0,"max_hp_loss":0,"event_name":"Purifier","floor":45,"gold_loss":0}],"is_beta":true,"boss_relics":[{"not_picked":["Mark of Pain","Fusion Hammer"],"picked":"Sozu"},{"not_picked":["Runic Dome","Cursed Key"],"picked":"Black Blood"}],"items_purged_floors":[3,29,53],"is_endless":false,"potions_floor_spawned":[6,8,12,16,19,20,22,33,35,38,42,44,47,48,54],"killed_by":"The Heart","ascension_level":2}