{"gold_per_floor":[109,5,5,24,24,59,59,87,155,15,15,15,28,46,46,151,151,167,128,140,0,17,17,17,17,17,17,31,31,44,61,61,162,162,177,195,495,507,3,32,32],"floor_reached":41,"playtime":2698,"items_purged":[],"score":456,"play_id":"b8e78bcf-7f98-42d0-afbf-7d411ed666cd","local_time":"20190918171306","is_ascension_mode":false,"campfire_choices":[{"floor":7,"key":"RECALL"},{"floor":12,"key":"REST"},{"data":"Defragment","floor":15,"key":"SMITH"},{"floor":23,"key":"REST"},{"floor":25,"key":"REST"},{"data":"Electrodynamics","floor":27,"key":"SMITH"},{"floor":32,"key":"REST"}],"neow_cost":"NONE","seed_source_timestamp":96294609015300,"circlet_count":0,"master_deck":["Strike_B+1","Strike_B+1","Strike_B","Strike_B","Defend_B","Defend_B","Defend_B","Defend_B","Dualcast","Rebound","Sunder+1","Conserve Battery","Hello World","Gash","Cold Snap","Seek","Gash","Defragment+1","All For One","Gash","Chill","Rebound+1","Electrodynamics+1","Ball Lightning+1","FTL+1","Barrage","Amplify","Go for the Eyes","Hologram+1","Glacier","Glacier","Defragment+1","Leap+1"],"relics":["Cracked Core","Strawberry","Happy Flower","Mango","Inserter","Frozen Egg 2","Busted Crown","Cables","DollysMirror","Prayer Wheel"],"potions_floor_usage":[33,33,41],"damage_taken":[{"damage":0,"enemies":"Small Slimes","floor":1,"turns":3},{"damage":0,"enemies":"Jaw Worm","floor":4,"turns":3},{"damage":9,"enemies":"Lagavulin","floor":6,"turns":5},{"damage":14,"enemies":"Gremlin Nob","floor":8,"turns":3},{"damage":0,"enemies":"2 Louse","floor":13,"turns":2},{"damage":3,"enemies":"Large Slime","floor":14,"turns":4},{"damage":22,"enemies":"The Guardian","floor":16,"turns":10},{"damage":22,"enemies":"2 Thieves","floor":18,"turns":4},{"damage":11,"enemies":"Chosen","floor":20,"turns":6},{"damage":27,"enemies":"Shelled Parasite and Fungi","floor":22,"turns":5},{"damage":14,"enemies":"Snecko","floor":28,"turns":4},{"damage":15,"enemies":"Centurion and Healer","floor":30,"turns":3},{"damage":32,"enemies":"Snake Plant","floor":31,"turns":5},{"damage":50,"enemies":"Champ","floor":33,"turns":8},{"damage":5,"enemies":"3 Shapes","floor":35,"turns":3},{"damage":17,"enemies":"Orb Walker","floor":36,"turns":3},{"damage":42,"enemies":"Spire Growth","floor":38,"turns":4},{"damage":3,"enemies":"Giant Head","floor":40,"turns":6},{"damage":43,"enemies":"Writhing Mass","floor":41,"turns":3}],"seed_played":"4770211956941267251","potions_obtained":[{"floor":1,"key":"SteroidPotion"},{"floor":6,"key":"Poison Potion"},{"floor":18,"key":"SteroidPotion"},{"floor":22,"key":"Energy Potion"},{"floor":31,"key":"EssenceOfSteel"},{"floor":33,"key":"Strength Potion"},{"floor":38,"key":"Weak Potion"},{"floor":40,"key":"SneckoOil"}],"is_trial":false,"path_per_floor":["M","$","?","M","?","E","R","E","T","$","?","R","M","M","R","B",null,"M","$","M","?","M","R","?","R","T","R","M","?","M","M","R","B",null,"M","M","?","M","$","E","M"],"character_chosen":"DEFECT","items_purchased":["Sunder","Conserve Battery","Seek","Chill","Cables","Glacier","DollysMirror"],"campfire_rested":4,"item_purchase_floors":[2,2,10,19,39,39,39],"current_hp_per_floor":[82,82,87,87,87,78,78,78,78,78,58,88,88,85,85,63,101,79,79,68,68,41,71,71,101,101,101,87,87,72,40,70,20,101,96,79,79,37,37,34,0],"gold":32,"neow_bonus":"RANDOM_COMMON_RELIC","is_prod":false,"is_daily":false,"chose_seed":false,"campfire_upgraded":2,"win_rate":0,"timestamp":1568815986,"path_taken":["M","$","?","M","?","E","R","E","T","$","?","R","M","M","R","BOSS","M","$","M","?","M","R","?","R","T","R","M","?","M","?","R","BOSS","M","M","?","M","$","E","M"],"build_version":"2019-07-17","purchased_purges":0,"victory":false,"max_hp_per_floor":[82,82,87,87,87,87,87,101,101,101,101,101,101,101,101,101,101,101,101,101,101,101,101,101,101,101,101,101,101,101,101,101,101,101,101,101,101,101,101,101,101],"card_choices":[{"not_picked":["Reprogram","Stack"],"picked":"Rebound","floor":1},{"not_picked":["Compile Driver","Turbo"],"picked":"Hello World","floor":4},{"not_picked":["Hello World","Undo"],"picked":"Gash","floor":6},{"not_picked":["Conserve Battery","Buffer"],"picked":"Cold Snap","floor":8},{"not_picked":["Coolheaded","Streamline"],"picked":"Gash","floor":13},{"not_picked":["Undo","Doom and Gloom"],"picked":"Defragment","floor":14},{"not_picked":["Thunder Strike","Amplify"],"picked":"All For One","floor":16},{"not_picked":["Glacier","Redo"],"picked":"Gash","floor":18},{"not_picked":["Conserve Battery","Self Repair"],"picked":"Rebound+1","floor":20},{"not_picked":["Defragment","Stack"],"picked":"Electrodynamics","floor":22},{"not_picked":["Stack+1","Force Field"],"picked":"Ball Lightning+1","floor":28},{"not_picked":["Go for the Eyes+1","Coolheaded"],"picked":"FTL+1","floor":30},{"not_picked":["Rebound","Ball Lightning"],"picked":"Barrage","floor":31},{"not_picked":["Core Surge","Meteor Strike"],"picked":"Amplify","floor":33},{"not_picked":[],"picked":"Go for the Eyes","floor":35},{"not_picked":[],"picked":"Hologram+1","floor":36},{"not_picked":[],"picked":"Glacier","floor":38},{"not_picked":[],"picked":"Leap+1","floor":40}],"player_experience":106229,"relics_obtained":[{"floor":6,"key":"Happy Flower"},{"floor":8,"key":"Mango"},{"floor":26,"key":"Frozen Egg 2"},{"floor":40,"key":"Prayer Wheel"}],"event_choices":[{"damage_healed":0,"gold_gain":0,"player_choice":"Donut","damage_taken":0,"max_hp_gain":5,"max_hp_loss":0,"event_name":"Big Fish","floor":3,"gold_loss":0},{"damage_healed":0,"gold_gain":0,"player_choice":"Grow","damage_taken":0,"max_hp_gain":0,"max_hp_loss":0,"event_name":"Living Wall","floor":5,"gold_loss":0,"cards_upgraded":["Sunder"]},{"damage_healed":0,"gold_gain":0,"player_choice":"Entered Light","damage_taken":20,"max_hp_gain":0,"max_hp_loss":0,"event_name":"Shining Light","floor":11,"gold_loss":0,"cards_upgraded":["Strike_B","Strike_B"]},{"damage_healed":0,"gold_gain":0,"player_choice":"Paid Fearfully","damage_taken":0,"max_hp_gain":0,"max_hp_loss":0,"event_name":"Masked Bandits","floor":21,"gold_loss":140},{"damage_healed":0,"gold_gain":0,"player_choice":"Ignored","damage_taken":0,"max_hp_gain":0,"max_hp_loss":0,"event_name":"Ghosts","floor":24,"gold_loss":0},{"cards_removed":["Zap"],"damage_healed":0,"gold_gain":0,"player_choice":"Offered Basic","damage_taken":0,"max_hp_gain":0,"max_hp_loss":0,"event_name":"Bonfire Elementals","floor":29,"gold_loss":0},{"damage_healed":0,"gold_gain":300,"player_choice":"Gold","damage_taken":0,"max_hp_gain":0,"max_hp_loss":0,"event_name":"Wheel of Change","floor":37,"gold_loss":0}],"is_beta":false,"boss_relics":[{"not_picked":["Coffee Dripper","Runic Dome"],"picked":"Inserter"},{"not_picked":["Pandora\u0027s Box","White Beast Statue"],"picked":"Busted Crown"}],"items_purged_floors":[],"is_endless":false,"potions_floor_spawned":[1,6,18,22,31,33,38,40],"killed_by":"Writhing Mass","ascension_level":0}