{"gold_per_floor":[123,48,68,90,13,13,52,74,74,74,74,74,94,132,132,132],"floor_reached":16,"playtime":834,"items_purged":[],"score":220,"play_id":"16d71ad9-ed1e-481e-a44d-0f6540db5479","local_time":"20190918214512","is_ascension_mode":true,"campfire_choices":[{"data":"Bash","floor":6,"key":"SMITH"},{"floor":10,"key":"REST"},{"data":"Disarm","floor":15,"key":"SMITH"}],"neow_cost":"NONE","seed_source_timestamp":121359675723200,"circlet_count":0,"master_deck":["AscendersBane","Strike_R","Strike_R","Strike_R","Defend_R","Defend_R","Defend_R","Defend_R","Bash+1","Twin Strike","Disarm+1","Shockwave","Carnage","Clothesline","Power Through","Corruption","Combust"],"relics":["Burning Blood","CeramicFish","Omamori","Akabeko","Singing Bowl"],"potions_floor_usage":[7,13,14,16,16],"damage_taken":[{"damage":9,"enemies":"2 Louse","floor":1,"turns":3},{"damage":2,"enemies":"Jaw Worm","floor":3,"turns":4},{"damage":7,"enemies":"Small Slimes","floor":4,"turns":3},{"damage":55,"enemies":"Lagavulin","floor":7,"turns":7},{"damage":9,"enemies":"Blue Slaver","floor":8,"turns":4},{"damage":1,"enemies":"Large Slime","floor":13,"turns":5},{"damage":4,"enemies":"Gremlin Nob","floor":14,"turns":3},{"damage":38,"enemies":"Hexaghost","floor":16,"turns":9}],"seed_played":"-3462916559003010286","potions_obtained":[{"floor":3,"key":"AttackPotion"},{"floor":7,"key":"Fire Potion"},{"floor":8,"key":"EssenceOfSteel"},{"floor":13,"key":"Block Potion"},{"floor":14,"key":"Swift Potion"}],"is_trial":false,"path_per_floor":["M","?","M","M","$","R","E","M","T","R","?","?","M","E","R","B"],"character_chosen":"IRONCLAD","items_purchased":["Carnage"],"campfire_rested":1,"item_purchase_floors":[5],"current_hp_per_floor":[65,65,69,68,68,68,19,16,16,38,38,31,36,38,38,0],"gold":132,"neow_bonus":"RANDOM_COMMON_RELIC","is_prod":false,"is_daily":false,"chose_seed":false,"campfire_upgraded":2,"win_rate":0,"timestamp":1568835912,"path_taken":["M","?","M","M","$","R","E","M","T","R","?","?","M","E","R","BOSS"],"build_version":"2019-09-17","purchased_purges":0,"victory":false,"max_hp_per_floor":[75,75,75,75,75,75,75,75,75,75,75,75,75,75,75,75],"card_choices":[{"not_picked":["Metallicize","Thunderclap"],"picked":"Twin Strike","floor":1},{"not_picked":["Armaments","Havoc"],"picked":"Disarm","floor":3},{"not_picked":["Headbutt","Pummel"],"picked":"Shockwave","floor":4},{"not_picked":["Blood for Blood","Shockwave"],"picked":"Clothesline","floor":7},{"not_picked":["Reckless Charge","Heavy Blade"],"picked":"Power Through","floor":8},{"not_picked":["Heavy Blade","Rage"],"picked":"Corruption","floor":13},{"not_picked":["Rage","Perfected Strike"],"picked":"Combust","floor":14}],"player_experience":733315,"relics_obtained":[{"floor":7,"key":"Omamori"},{"floor":9,"key":"Akabeko"},{"floor":14,"key":"Singing Bowl"}],"event_choices":[{"cards_removed":["Strike_R"],"damage_healed":0,"gold_gain":0,"player_choice":"Card Removal","damage_taken":0,"max_hp_gain":0,"max_hp_loss":0,"event_name":"The Cleric","floor":2,"gold_loss":75},{"damage_healed":0,"gold_gain":0,"player_choice":"Fled","damage_taken":0,"max_hp_gain":0,"max_hp_loss":0,"event_name":"Scrap Ooze","floor":11,"gold_loss":0},{"cards_removed":["Strike_R"],"damage_healed":0,"gold_gain":0,"player_choice":"Card Removal","damage_taken":7,"max_hp_gain":0,"max_hp_loss":0,"event_name":"Golden Wing","floor":12,"gold_loss":0}],"is_beta":true,"boss_relics":[],"items_purged_floors":[],"is_endless":false,"potions_floor_spawned":[3,7,8,13,14],"killed_by":"Hexaghost","ascension_level":20}