{"gold_per_floor":[119,131,150,160,335,335,369,369,392,392,418,418,418,418,418,537,537,511,527,527],"floor_reached":20,"playtime":862,"items_purged":[],"score":191,"play_id":"eb3fff86-2eb1-45e2-8ba8-c9ca3e275625","local_time":"20181115200505","is_ascension_mode":true,"campfire_choices":[{"data":"Zap","floor":6.0,"key":"SMITH"},{"data":"Ball Lightning","floor":8.0,"key":"SMITH"},{"data":"Hologram","floor":10.0,"key":"SMITH"},{"data":"Defragment","floor":12.0,"key":"SMITH"},{"floor":15.0,"key":"REST"}],"neow_cost":"CURSE","seed_source_timestamp":0,"circlet_count":0,"master_deck":["Strike_B","Strike_B","Strike_B","Defend_B","Defend_B","Defend_B+1","Zap+1","Dualcast","Clumsy","Beam Cell","BootSequence","Ball Lightning+1","Defragment+1","Doubt","Hologram+1","Hyperbeam","Creative AI","Stack","Undo"],"special_seed":0,"relics":["Cracked Core","Mango","Potion Belt","Happy Flower","War Paint","Smiling Mask","Golden Idol","Empty Cage"],"potions_floor_usage":[],"damage_taken":[{"damage":6.0,"enemies":"Jaw Worm","floor":1.0,"turns":3.0},{"damage":0.0,"enemies":"Small Slimes","floor":2.0,"turns":2.0},{"damage":1.0,"enemies":"2 Louse","floor":3.0,"turns":2.0},{"damage":0.0,"enemies":"Looter","floor":4.0,"turns":3.0},{"damage":26.0,"enemies":"3 Sentries","floor":7.0,"turns":6.0},{"damage":21.0,"enemies":"Lagavulin","floor":11.0,"turns":5.0},{"damage":19.0,"enemies":"Slime Boss","floor":16.0,"turns":10.0},{"damage":40,"enemies":"2 Thieves","floor":18,"turns":5},{"damage":25,"enemies":"Spheric Guardian","floor":19,"turns":6},{"damage":19,"enemies":"Snake Plant","floor":20,"turns":4}],"seed_played":"-1989073333263577867","potions_obtained":[{"floor":1.0,"key":"LiquidBronze"},{"floor":3.0,"key":"SpeedPotion"}],"is_trial":false,"path_per_floor":["M","M","M","M","?","R","E","R","T","R","E","R","?","?","R","B",null,"M","M","M"],"character_chosen":"DEFECT","items_purchased":[],"campfire_rested":1,"item_purchase_floors":[],"current_hp_per_floor":[83,83,82,82,82,82,56,56,56,56,35,35,35,35,59,40,82,42,17,0],"gold":527,"neow_bonus":"ONE_RARE_RELIC","is_prod":false,"is_daily":false,"chose_seed":false,"campfire_upgraded":4,"win_rate":0,"timestamp":1542308705,"path_taken":["M","M","M","M","?","R","E","R","T","R","E","R","?","?","R","BOSS","M","M","M"],"build_version":"2018-11-14","purchased_purges":0,"victory":false,"max_hp_per_floor":[89,89,89,89,89,89,89,89,89,89,89,89,89,82,82,82,82,82,82,82],"card_choices":[{"not_picked":["Sweeping Beam","Recycle"],"picked":"Beam Cell","floor":1.0},{"not_picked":["Compile Driver","Consume"],"picked":"BootSequence","floor":2.0},{"not_picked":["Barrage","Hologram"],"picked":"Ball Lightning","floor":3.0},{"not_picked":["Heatsinks","Recycle"],"picked":"Defragment","floor":4.0},{"not_picked":["Static Discharge","All For One"],"picked":"Hologram","floor":7.0},{"not_picked":["Ball Lightning","Compile Driver"],"picked":"Hyperbeam","floor":11.0},{"not_picked":["Hyperbeam","Core Surge"],"picked":"Creative AI","floor":16.0},{"not_picked":["Static Discharge","Coolheaded"],"picked":"Stack","floor":18},{"not_picked":["Force Field+1","Ball Lightning+1"],"picked":"Undo","floor":19}],"player_experience":125851,"relics_obtained":[{"floor":7.0,"key":"Potion Belt"},{"floor":9.0,"key":"Happy Flower"},{"floor":11.0,"key":"War Paint"}],"event_choices":[{"damage_healed":0.0,"max_hp_gain":0.0,"max_hp_loss":0.0,"gold_gain":175.0,"event_name":"Liars Game","player_choice":"AGREE","floor":5.0,"gold_loss":0.0,"damage_taken":0.0,"cards_obtained":["Doubt"]},{"damage_healed":0.0,"max_hp_gain":0.0,"max_hp_loss":0.0,"gold_gain":0.0,"event_name":"Dead Adventurer","player_choice":"Searched \u00271\u0027 times","floor":13.0,"gold_loss":0.0,"damage_taken":0.0,"relics_obtained":["Smiling Mask"]},{"damage_healed":0.0,"max_hp_gain":0.0,"max_hp_loss":7.0,"gold_gain":0.0,"event_name":"Golden Idol","player_choice":"Lose Max HP","floor":14.0,"gold_loss":0.0,"damage_taken":0.0,"relics_obtained":["Golden Idol"]}],"is_beta":true,"boss_relics":[{"not_picked":["FrozenCore","Sozu"],"picked":"Empty Cage"}],"items_purged_floors":[],"is_endless":false,"potions_floor_spawned":[1,3],"killed_by":"Snake Plant","ascension_level":1}