{"gold_per_floor":[215,390,390,410,427,54,54,87,140,140,170,190,190,209,209,310,310,329,346,271,23,23,23,55,75,75,75,75,75],"floor_reached":29,"playtime":3249,"items_purged":["Doubt"],"score":276,"play_id":"1b576def-38c3-45ad-8e74-af86bd0da8b5","local_time":"20190910121806","is_ascension_mode":false,"campfire_choices":[{"data":"Crescendo","floor":7.0,"key":"SMITH"},{"data":"FlyingSleeves","floor":13.0,"key":"SMITH"},{"floor":15.0,"key":"REST"},{"data":"Judgement","floor":23.0,"key":"SMITH"},{"data":"LessonLearned","floor":28.0,"key":"SMITH"}],"neow_cost":"NONE","seed_source_timestamp":0,"circlet_count":0,"master_deck":["Strike_P","Strike_P","Strike_P","Strike_P+1","Defend_P","Defend_P","Defend_P","Eruption","Vigilance","EmptyBody","Crescendo+1","FlyingSleeves+1","Protect","FollowUp","Establishment","EmptyFist","ClearTheMind","LessonLearned+1","Judgement+1","EmptyMind","ThirdEye","FlowState","DeceiveReality"],"special_seed":0,"relics":["PureWater","Vajra","Bag of Preparation","Tiny Chest","Bottled Lightning","Boot","SlaversCollar","Pantograph","Kunai","Oddly Smooth Stone"],"potions_floor_usage":[],"damage_taken":[{"damage":3.0,"enemies":"2 Louse","floor":1.0,"turns":3.0},{"damage":17.0,"enemies":"Jaw Worm","floor":4.0,"turns":7.0},{"damage":0.0,"enemies":"Small Slimes","floor":5.0,"turns":3.0},{"damage":26.0,"enemies":"3 Sentries","floor":8.0,"turns":6.0},{"damage":0.0,"enemies":"Gremlin Nob","floor":11.0,"turns":2.0},{"damage":0.0,"enemies":"Red Slaver","floor":12.0,"turns":2.0},{"damage":0.0,"enemies":"Exordium Thugs","floor":14.0,"turns":3.0},{"damage":23.0,"enemies":"Slime Boss","floor":16.0,"turns":9.0},{"damage":3.0,"enemies":"Chosen","floor":18.0,"turns":4.0},{"damage":12.0,"enemies":"2 Thieves","floor":19.0,"turns":5.0},{"damage":21.0,"enemies":"Slavers","floor":24.0,"turns":3.0},{"damage":11.0,"enemies":"Shelled Parasite and Fungi","floor":25.0,"turns":4.0},{"damage":0,"enemies":"Centurion and Healer","floor":29,"turns":1}],"seed_played":"-2350273464447527261","potions_obtained":[{"floor":4.0,"key":"Poison Potion"},{"floor":5.0,"key":"GamblersBrew"},{"floor":11.0,"key":"Block Potion"},{"floor":19.0,"key":"Fire Potion"},{"floor":25.0,"key":"Explosive Potion"}],"is_trial":false,"path_per_floor":["M","?","?","M","M","$","R","E","T","T","E","M","R","M","R","B",null,"M","M","?","$","?","R","E","M","T","?","R","M"],"character_chosen":"WATCHER","items_purchased":["Vajra","Protect","FollowUp","SkillPotion","Pantograph"],"campfire_rested":1,"item_purchase_floors":[6,6,6,6,21],"current_hp_per_floor":[62,62,67,50,50,50,50,24,24,24,24,24,24,24,45,22,70,67,55,55,55,55,55,34,23,23,23,23,23],"gold":75,"neow_bonus":"HUNDRED_GOLD","is_prod":false,"is_daily":false,"chose_seed":false,"campfire_upgraded":4,"win_rate":0.0,"timestamp":1568110686,"path_taken":["M","?","?","M","M","$","R","E","T","?","E","M","R","M","R","BOSS","M","M","?","$","?","R","E","M","T","?","R","M"],"build_version":"2019-09-09v2","purchased_purges":1,"victory":false,"max_hp_per_floor":[65,65,70,70,70,70,70,70,70,70,70,70,70,70,70,70,70,70,70,70,70,70,70,70,70,70,70,70,70],"card_choices":[{"not_picked":["PathToVictory","Vengeance"],"picked":"EmptyBody","floor":1.0},{"not_picked":["Prostrate","Collect"],"picked":"Crescendo","floor":4.0},{"not_picked":["EmptyMind","TalkToTheHand"],"picked":"FlyingSleeves","floor":5.0},{"not_picked":["Collect","Halt"],"picked":"Establishment","floor":8.0},{"not_picked":["CrushJoints","Tantrum"],"picked":"EmptyFist","floor":11.0},{"not_picked":["Establishment","Crescendo"],"picked":"ClearTheMind","floor":12.0},{"not_picked":["Halt","CrushJoints"],"picked":"LessonLearned","floor":14.0},{"not_picked":["DeusExMachina","DevaForm"],"picked":"Judgement","floor":16.0},{"not_picked":["Sanctity","CarveReality"],"picked":"EmptyMind","floor":18.0},{"not_picked":["InnerPeace","Crescendo"],"picked":"ThirdEye","floor":19.0},{"not_picked":["Adaptation","CutThroughFate"],"picked":"FlowState","floor":24.0},{"not_picked":["Devotion","InnerPeace"],"picked":"DeceiveReality","floor":25.0}],"player_experience":607575,"relics_obtained":[{"floor":8.0,"key":"Bag of Preparation"},{"floor":9.0,"key":"Tiny Chest"},{"floor":10.0,"key":"Bottled Lightning"},{"floor":11.0,"key":"Boot"},{"floor":24.0,"key":"Kunai"},{"floor":26.0,"key":"Oddly Smooth Stone"}],"event_choices":[{"damage_healed":0.0,"max_hp_gain":0.0,"max_hp_loss":0.0,"gold_gain":175.0,"event_name":"Liars Game","player_choice":"AGREE","floor":2.0,"gold_loss":0.0,"damage_taken":0.0,"cards_obtained":["Doubt"]},{"damage_healed":0.0,"max_hp_gain":5.0,"max_hp_loss":0.0,"gold_gain":0.0,"event_name":"Big Fish","player_choice":"Donut","floor":3.0,"gold_loss":0.0,"damage_taken":0.0},{"cards_removed":["Defend_P"],"damage_healed":0.0,"max_hp_gain":0.0,"max_hp_loss":0.0,"gold_gain":0.0,"event_name":"Beggar","player_choice":"Gave Gold","floor":20.0,"gold_loss":75.0,"damage_taken":0.0},{"damage_healed":0.0,"max_hp_gain":0.0,"max_hp_loss":0.0,"gold_gain":0.0,"event_name":"NoteForYourself","player_choice":"Ignored","floor":27.0,"gold_loss":0.0,"damage_taken":0.0}],"is_beta":true,"boss_relics":[{"not_picked":["Tiny House","Pandora\u0027s Box"],"picked":"SlaversCollar"}],"items_purged_floors":[6],"is_endless":false,"potions_floor_spawned":[4,5,11,19,25],"killed_by":"Centurion and Healer","ascension_level":0}