{"gold_per_floor":[14,14,29,50,50,93,93,133,159,197,54,129,129,142,142,262,262,282,332,348,372,372,372,415,415,440,440,460,484,517,74,74,200,200,225,246,260,260,42,83,83,102,102,137,137,162,162,176,176,176,176,176,34,68,68],"floor_reached":56,"playtime":4721,"items_purged":["Strike_B","Melter"],"score":1713,"play_id":"4ffc1a1e-29a2-4f0c-8410-dbfd6271a15f","local_time":"20190918212453","is_ascension_mode":true,"campfire_choices":[{"floor":7.0,"key":"REST"},{"floor":13.0,"key":"REST"},{"data":"Zap","floor":15.0,"key":"SMITH"},{"data":"Loop","floor":23.0,"key":"SMITH"},{"data":"Genetic Algorithm","floor":25.0,"key":"SMITH"},{"data":"Dualcast","floor":27.0,"key":"SMITH"},{"data":"Chill","floor":32.0,"key":"SMITH"},{"floor":41.0,"key":"REST"},{"floor":47.0,"key":"RECALL"},{"floor":49.0,"key":"REST"},{"data":"Hologram","floor":52.0,"key":"SMITH"}],"neow_cost":"NO_GOLD","seed_source_timestamp":606071954046200,"circlet_count":0,"master_deck":["Zap+1","Dualcast+1","Go for the Eyes+1","Coolheaded","Ball Lightning","Chill+1","Cold Snap","Core Surge","Hologram+1","Electrodynamics","Loop+1","Genetic Algorithm+1","Compile Driver+1","Cold Snap","Capacitor+1","Loop+1","Force Field","Auto Shields","Stack","Loop+1","Blizzard","Mayhem+1","Defragment+1","Defragment+1","White Noise"],"special_seed":0,"relics":["Cracked Core","Golden Idol","Lantern","Omamori","PreservedInsect","Bag of Preparation","Busted Crown","Frozen Egg 2","DataDisk","Pen Nib","Torii","Pandora\u0027s Box","Emotion Chip","Question Card","Bronze Scales","GremlinMask","Oddly Smooth Stone"],"potions_floor_usage":[55,55],"damage_taken":[{"damage":7.0,"enemies":"Jaw Worm","floor":1.0,"turns":3.0},{"damage":18.0,"enemies":"Small Slimes","floor":3.0,"turns":4.0},{"damage":0.0,"enemies":"2 Louse","floor":4.0,"turns":3.0},{"damage":25.0,"enemies":"3 Sentries","floor":6.0,"turns":8.0},{"damage":0.0,"enemies":"Lagavulin","floor":8.0,"turns":5.0},{"damage":7.0,"enemies":"Gremlin Nob","floor":10.0,"turns":3.0},{"damage":4.0,"enemies":"Lots of Slimes","floor":14.0,"turns":3.0},{"damage":28.0,"enemies":"The Guardian","floor":16.0,"turns":10.0},{"damage":0.0,"enemies":"Chosen","floor":18.0,"turns":4.0},{"damage":2.0,"enemies":"Spheric Guardian","floor":20.0,"turns":3.0},{"damage":1.0,"enemies":"Cultist and Chosen","floor":21.0,"turns":6.0},{"damage":6.0,"enemies":"Gremlin Leader","floor":24.0,"turns":3.0},{"damage":3.0,"enemies":"Centurion and Healer","floor":28.0,"turns":5.0},{"damage":5.0,"enemies":"Snake Plant","floor":29.0,"turns":4.0},{"damage":0.0,"enemies":"Book of Stabbing","floor":30.0,"turns":4.0},{"damage":38.0,"enemies":"Collector","floor":33.0,"turns":8.0},{"damage":12.0,"enemies":"3 Shapes","floor":35.0,"turns":3.0},{"damage":0.0,"enemies":"Orb Walker","floor":36.0,"turns":4.0},{"damage":0.0,"enemies":"4 Shapes","floor":37.0,"turns":3.0},{"damage":14.0,"enemies":"Nemesis","floor":40.0,"turns":3.0},{"damage":20.0,"enemies":"Jaw Worm Horde","floor":42.0,"turns":3.0},{"damage":0.0,"enemies":"Reptomancer","floor":44.0,"turns":6.0},{"damage":0.0,"enemies":"Sphere and 2 Shapes","floor":46.0,"turns":3.0},{"damage":1.0,"enemies":"Transient","floor":48.0,"turns":5.0},{"damage":0.0,"enemies":"Donu and Deca","floor":50.0,"turns":6.0},{"damage":8.0,"enemies":"Shield and Spear","floor":54.0,"turns":4.0},{"damage":10,"enemies":"The Heart","floor":55,"turns":9}],"seed_played":"9137898880493895755","potions_obtained":[{"floor":3.0,"key":"GamblersBrew"},{"floor":4.0,"key":"SpeedPotion"},{"floor":6.0,"key":"Block Potion"},{"floor":21.0,"key":"Energy Potion"},{"floor":29.0,"key":"Block Potion"},{"floor":30.0,"key":"LiquidBronze"},{"floor":40.0,"key":"GamblersBrew"},{"floor":42.0,"key":"PowerPotion"}],"is_trial":false,"path_per_floor":["M","?","M","M","?","E","R","E","T","E","$","?","R","M","R","B",null,"M","?","M","M","?","R","E","R","T","R","M","M","E","$","R","B",null,"M","M","M","?","$","E","R","M","T","E","?","M","R","M","R","B",null,"R","$","E","B",null],"character_chosen":"DEFECT","items_purchased":["Core Surge","Torii","Capacitor+1","Defragment+1","Block Potion","White Noise","Regen Potion"],"campfire_rested":4,"item_purchase_floors":[11,31,31,39,39,53,53],"current_hp_per_floor":[75,75,57,57,41,16,40,40,40,33,33,22,46,42,42,14,65,65,65,63,62,62,62,56,56,56,56,53,48,48,48,48,10,64,52,52,52,52,52,38,62,42,42,42,42,42,42,41,65,65,78,78,78,81,71],"gold":68,"neow_bonus":"TWENTY_PERCENT_HP_BONUS","is_prod":false,"is_daily":false,"chose_seed":false,"campfire_upgraded":6,"win_rate":0,"timestamp":1568831093,"path_taken":["M","?","M","M","?","E","R","E","T","E","$","?","R","M","R","BOSS","M","?","?","M","?","R","E","R","T","R","M","M","E","$","R","BOSS","M","M","M","?","$","E","R","M","T","E","?","M","R","M","R","BOSS","R","$","E","BOSS"],"build_version":"2019-07-17","purchased_purges":2,"victory":true,"max_hp_per_floor":[89,82,82,82,82,82,82,82,82,82,82,82,82,82,82,82,82,82,82,82,82,82,82,82,82,82,82,82,82,82,82,82,82,82,82,82,82,82,82,82,82,82,82,82,82,82,82,82,82,82,82,82,82,82,82],"card_choices":[{"not_picked":["Barrage","Steam Power"],"picked":"Go for the Eyes","floor":1.0},{"not_picked":["Reinforced Body","Capacitor"],"picked":"Coolheaded","floor":3.0},{"not_picked":["Turbo","Rip and Tear"],"picked":"Ball Lightning","floor":4.0},{"not_picked":["Chaos","Reboot","Stack"],"picked":"SKIP","floor":6.0},{"not_picked":["Redo","BootSequence"],"picked":"Chill","floor":8.0},{"not_picked":["Rebound","Barrage"],"picked":"Cold Snap","floor":10.0},{"not_picked":["Ball Lightning","Go for the Eyes"],"picked":"Hologram","floor":14.0},{"not_picked":["Amplify","Core Surge"],"picked":"Electrodynamics","floor":16.0},{"not_picked":["Aggregate+1"],"picked":"SKIP","floor":18.0},{"not_picked":["Rebound"],"picked":"SKIP","floor":20.0},{"not_picked":[],"picked":"Loop","floor":21.0},{"not_picked":[],"picked":"Genetic Algorithm","floor":24.0},{"not_picked":[],"picked":"Compile Driver+1","floor":28.0},{"not_picked":[],"picked":"Cold Snap","floor":29.0},{"not_picked":["Hyperbeam"],"picked":"SKIP","floor":30.0},{"not_picked":["Steam Power+1"],"picked":"SKIP","floor":35.0},{"not_picked":["Barrage"],"picked":"SKIP","floor":36.0},{"not_picked":["Gash"],"picked":"SKIP","floor":37.0},{"not_picked":[],"picked":"Mayhem+1","floor":38.0},{"not_picked":["White Noise"],"picked":"SKIP","floor":40.0},{"not_picked":["Sweeping Beam+1"],"picked":"SKIP","floor":42.0},{"not_picked":["Beam Cell"],"picked":"Defragment+1","floor":44.0},{"not_picked":["Rebound","Redo"],"picked":"SKIP","floor":46.0},{"not_picked":["Ball Lightning+1","Sweeping Beam"],"picked":"SKIP","floor":48.0},{"not_picked":["Redo","Beam Cell"],"picked":"SKIP","floor":54.0}],"player_experience":302616,"relics_obtained":[{"floor":6.0,"key":"Lantern"},{"floor":8.0,"key":"Omamori"},{"floor":9.0,"key":"PreservedInsect"},{"floor":10.0,"key":"Bag of Preparation"},{"floor":24.0,"key":"DataDisk"},{"floor":30.0,"key":"Pen Nib"},{"floor":40.0,"key":"Emotion Chip"},{"floor":43.0,"key":"Question Card"},{"floor":44.0,"key":"Bronze Scales"},{"floor":54.0,"key":"Oddly Smooth Stone"}],"event_choices":[{"damage_healed":0.0,"max_hp_gain":0.0,"max_hp_loss":7.0,"gold_gain":0.0,"event_name":"Golden Idol","player_choice":"Lose Max HP","floor":2.0,"gold_loss":0.0,"damage_taken":0.0,"relics_obtained":["Golden Idol"]},{"damage_healed":0.0,"max_hp_gain":0.0,"max_hp_loss":0.0,"gold_gain":0.0,"event_name":"Shining Light","player_choice":"Entered Light","floor":5.0,"gold_loss":0.0,"damage_taken":16.0,"cards_upgraded":["Go for the Eyes","Defend_B"]},{"damage_healed":0.0,"max_hp_gain":0.0,"max_hp_loss":0.0,"gold_gain":75.0,"event_name":"World of Goop","player_choice":"Gather Gold","floor":12.0,"gold_loss":0.0,"damage_taken":11.0},{"damage_healed":0.0,"max_hp_gain":0.0,"max_hp_loss":0.0,"gold_gain":100.0,"event_name":"The Joust","player_choice":"Bet on Murderer","floor":19.0,"gold_loss":50.0,"damage_taken":0.0},{"damage_healed":0.0,"max_hp_gain":0.0,"max_hp_loss":0.0,"gold_gain":0.0,"event_name":"The Mausoleum","player_choice":"Opened","floor":22.0,"gold_loss":0.0,"damage_taken":0.0,"relics_obtained":["Frozen Egg 2"]},{"damage_healed":0.0,"max_hp_gain":0.0,"max_hp_loss":0.0,"gold_gain":0.0,"event_name":"SensoryStone","player_choice":"Memory 1","floor":38.0,"gold_loss":0.0,"damage_taken":0.0},{"damage_healed":0.0,"max_hp_gain":0.0,"max_hp_loss":0.0,"gold_gain":0.0,"event_name":"FaceTrader","player_choice":"Trade","floor":45.0,"gold_loss":0.0,"damage_taken":0.0,"relics_obtained":["GremlinMask"]}],"is_beta":false,"boss_relics":[{"not_picked":["Orrery","Coffee Dripper"],"picked":"Busted Crown"},{"not_picked":["Calling Bell","Lizard Tail"],"picked":"Pandora\u0027s Box"}],"items_purged_floors":[31,39],"is_endless":false,"potions_floor_spawned":[3,4,6,21,29,30,40,42,44,46],"ascension_level":7}