{"gold_per_floor":[110,110,110,122,122,122,149,162,162,197,197,147,179,191,191,296,296,319,381,363,393,423,448,485,89,160,160,160],"floor_reached":28,"playtime":1745,"items_purged":["Regret"],"score":294,"play_id":"45b6ee35-8884-4fc8-a1b5-7d3669b2fd92","local_time":"20181222231248","is_ascension_mode":true,"campfire_choices":[{"data":"Whirlwind","floor":15.0,"key":"SMITH"}],"neow_cost":"CURSE","seed_source_timestamp":0,"circlet_count":0,"master_deck":["Strike_R","Strike_R","Strike_R","Strike_R+1","Defend_R","Defend_R","Defend_R","Defend_R","Bash","Secret Weapon","Bandage Up","Ghostly Armor","Pummel","Whirlwind+1","Iron Wave","Double Tap+1","Offering+1","Infernal Blade+1","Limit Break","Normality","Doubt","Armaments+1","Pummel","Battle Trance","Enlightenment","Feed+1","Impatience"],"special_seed":0,"relics":["Burning Blood","Kunai","The Courier","Juzu Bracelet","PreservedInsect","Ancient Tea Set","Boot","Calling Bell","MawBank","Matryoshka","Magic Flower","Darkstone Periapt","Chemical X","War Paint","Molten Egg 2","Letter Opener"],"potions_floor_usage":[24,24,24],"damage_taken":[{"damage":6.0,"enemies":"Cultist","floor":1.0,"turns":3.0},{"damage":14.0,"enemies":"Small Slimes","floor":4.0,"turns":4.0},{"damage":28.0,"enemies":"Gremlin Nob","floor":7.0,"turns":4.0},{"damage":4.0,"enemies":"Jaw Worm","floor":8.0,"turns":5.0},{"damage":15.0,"enemies":"Lagavulin","floor":10.0,"turns":5.0},{"damage":6.0,"enemies":"Gremlin Nob","floor":13.0,"turns":3.0},{"damage":0.0,"enemies":"Large Slime","floor":14.0,"turns":5.0},{"damage":39.0,"enemies":"The Guardian","floor":16.0,"turns":8.0},{"damage":16.0,"enemies":"2 Thieves","floor":18.0,"turns":4.0},{"damage":10.0,"enemies":"3 Byrds","floor":21.0,"turns":4.0},{"damage":27.0,"enemies":"Centurion and Healer","floor":22.0,"turns":5.0},{"damage":38,"enemies":"Chosen and Byrds","floor":23,"turns":6},{"damage":37,"enemies":"Slavers","floor":24,"turns":5},{"damage":22,"enemies":"Shelled Parasite and Fungi","floor":28,"turns":4}],"seed_played":"7910600494502146581","potions_obtained":[{"floor":4.0,"key":"LiquidBronze"},{"floor":7.0,"key":"Block Potion"},{"floor":8.0,"key":"Strength Potion"},{"floor":18.0,"key":"SpeedPotion"},{"floor":20.0,"key":"Dexterity Potion"},{"floor":20.0,"key":"Energy Potion"},{"floor":21.0,"key":"PowerPotion"},{"floor":23,"key":"PowerPotion"}],"is_trial":false,"path_per_floor":["M","?","?","M","?","?","E","M","T","E","?","?","E","M","R","B",null,"M","?","?","M","M","M","E","$","T","?","M"],"character_chosen":"IRONCLAD","items_purchased":["Chemical X","War Paint","Enlightenment"],"campfire_rested":0,"item_purchase_floors":[25,25,25],"current_hp_per_floor":[80,77,77,72,72,72,54,60,60,55,39,39,43,53,53,24,80,79,79,79,78,66,43,15,15,15,15,0],"gold":160,"neow_bonus":"RANDOM_COLORLESS_2","is_prod":false,"is_daily":false,"chose_seed":false,"campfire_upgraded":1,"win_rate":0,"timestamp":1545538368,"path_taken":["M","?","?","M","?","?","E","M","T","E","?","?","E","M","R","BOSS","M","?","?","M","M","M","E","$","T","?","M"],"build_version":"2018-12-20","purchased_purges":1,"victory":false,"max_hp_per_floor":[80,80,80,80,80,80,80,80,80,80,80,80,80,80,80,80,80,80,80,80,80,80,80,80,80,80,80,80],"card_choices":[{"not_picked":["Headbutt","Pommel Strike"],"picked":"Ghostly Armor","floor":1.0},{"not_picked":["Warcry","Dropkick"],"picked":"Pummel","floor":4.0},{"not_picked":["Pommel Strike","Warcry"],"picked":"Whirlwind","floor":7.0},{"not_picked":["Anger","Twin Strike"],"picked":"Iron Wave","floor":8.0},{"not_picked":["Perfected Strike","Carnage"],"picked":"Double Tap","floor":10.0},{"not_picked":["Sword Boomerang","Clash"],"picked":"Offering","floor":13.0},{"not_picked":["Headbutt","Intimidate"],"picked":"Infernal Blade","floor":14.0},{"not_picked":["Berserk","Brutality"],"picked":"Limit Break","floor":16.0},{"not_picked":["Sword Boomerang","True Grit"],"picked":"Armaments+1","floor":18.0},{"not_picked":["Pommel Strike","Perfected Strike"],"picked":"Pummel","floor":21.0},{"not_picked":["Sentinel","Reckless Charge","Anger+1"],"picked":"SKIP","floor":22.0},{"not_picked":["Seeing Red","Clothesline","Perfected Strike"],"picked":"SKIP","floor":23},{"not_picked":["Carnage","Perfected Strike"],"picked":"Battle Trance","floor":24}],"player_experience":191434,"relics_obtained":[{"floor":7.0,"key":"Juzu Bracelet"},{"floor":9.0,"key":"PreservedInsect"},{"floor":10.0,"key":"Ancient Tea Set"},{"floor":13.0,"key":"Boot"},{"floor":17.0,"key":"MawBank"},{"floor":17.0,"key":"Matryoshka"},{"floor":17.0,"key":"Magic Flower"},{"floor":24,"key":"Darkstone Periapt"},{"floor":26,"key":"Molten Egg 2"},{"floor":26,"key":"Letter Opener"}],"event_choices":[{"damage_healed":0.0,"max_hp_gain":0.0,"max_hp_loss":0.0,"gold_gain":0.0,"event_name":"Scrap Ooze","player_choice":"Success","floor":2.0,"gold_loss":0.0,"damage_taken":3.0,"relics_obtained":["Kunai"]},{"damage_healed":0.0,"max_hp_gain":0.0,"max_hp_loss":0.0,"gold_gain":0.0,"event_name":"Big Fish","player_choice":"Box","floor":3.0,"gold_loss":0.0,"damage_taken":0.0,"relics_obtained":["The Courier"],"cards_obtained":["Regret"]},{"cards_removed":["Regret"],"damage_healed":0.0,"max_hp_gain":0.0,"max_hp_loss":0.0,"gold_gain":0.0,"event_name":"Living Wall","player_choice":"Forget","floor":5.0,"gold_loss":0.0,"damage_taken":0.0},{"cards_removed":["Injury"],"damage_healed":0.0,"max_hp_gain":0.0,"max_hp_loss":0.0,"gold_gain":0.0,"event_name":"Wheel of Change","player_choice":"Card Removal","floor":6.0,"gold_loss":0.0,"damage_taken":0.0},{"damage_healed":0.0,"max_hp_gain":0.0,"max_hp_loss":0.0,"gold_gain":0.0,"event_name":"Shining Light","player_choice":"Entered Light","floor":11.0,"gold_loss":0.0,"damage_taken":16.0,"cards_upgraded":["Strike_R","Double Tap"]},{"cards_removed":["Strike_R"],"damage_healed":0.0,"max_hp_gain":0.0,"max_hp_loss":0.0,"gold_gain":0.0,"event_name":"The Cleric","player_choice":"Card Removal","floor":12.0,"gold_loss":50.0,"damage_taken":0.0},{"damage_healed":0.0,"max_hp_gain":0.0,"max_hp_loss":0.0,"gold_gain":100.0,"event_name":"The Joust","player_choice":"Bet on Murderer","floor":19.0,"gold_loss":50.0,"damage_taken":0.0},{"damage_healed":0.0,"max_hp_gain":0.0,"max_hp_loss":0.0,"gold_gain":0.0,"event_name":"The Woman in Blue","player_choice":"Bought 2 Potions","floor":20.0,"gold_loss":0.0,"damage_taken":0.0},{"damage_healed":0,"gold_gain":0,"player_choice":"2 cards matched","damage_taken":0,"max_hp_gain":0,"max_hp_loss":0,"event_name":"Match and Keep!","floor":27,"gold_loss":0,"cards_obtained":["Feed","Impatience"]}],"is_beta":false,"boss_relics":[{"not_picked":["Velvet Choker","Eternal Feather"],"picked":"Calling Bell"}],"items_purged_floors":[25],"is_endless":false,"potions_floor_spawned":[4,7,8,18,21,23],"killed_by":"Shelled Parasite and Fungi","ascension_level":3}