{"gold_per_floor":[117,134,149,167,184,219,219,239,264,264,297,297],"floor_reached":12,"playtime":645,"items_purged":[],"score":184,"play_id":"74a6aaf5-517a-4c52-9d82-dfc35affe7d4","local_time":"20190804162251","is_ascension_mode":true,"campfire_choices":[{"floor":7,"key":"REST"},{"data":"1","floor":10,"key":"LIFT"}],"neow_cost":"PERCENT_DAMAGE","seed_source_timestamp":3598737470359800,"circlet_count":0,"master_deck":["AscendersBane","Strike_B","Strike_B","Strike_B","Strike_B","Defend_B","Defend_B","Defend_B","Defend_B","Zap","Dualcast","Leap","Leap","Go for the Eyes","Sunder","Beam Cell","Streamline","Machine Learning","Cold Snap"],"relics":["Cracked Core","Incense Burner","Girya","Orichalcum","Thread and Needle"],"potions_floor_usage":[8,11,11],"damage_taken":[{"damage":6,"enemies":"Cultist","floor":1,"turns":3},{"damage":0,"enemies":"Jaw Worm","floor":2,"turns":3},{"damage":10,"enemies":"2 Louse","floor":3,"turns":2},{"damage":4,"enemies":"2 Fungi Beasts","floor":4,"turns":4},{"damage":6,"enemies":"Exordium Wildlife","floor":5,"turns":3},{"damage":15,"enemies":"Lagavulin","floor":6,"turns":6},{"damage":2,"enemies":"Lots of Slimes","floor":8,"turns":4},{"damage":1,"enemies":"Gremlin Nob","floor":11,"turns":3},{"damage":23,"enemies":"The Mushroom Lair","floor":12,"turns":3}],"seed_played":"7254447088804702926","potions_obtained":[{"floor":5,"key":"LiquidBronze"},{"floor":6,"key":"Energy Potion"},{"floor":8,"key":"GamblersBrew"},{"floor":11,"key":"Dexterity Potion"}],"is_trial":false,"path_per_floor":["M","M","M","M","M","E","R","M","T","R","E","?"],"character_chosen":"DEFECT","items_purchased":[],"campfire_rested":1,"item_purchase_floors":[],"current_hp_per_floor":[40,40,30,26,20,5,26,24,24,24,23,0],"gold":297,"neow_bonus":"ONE_RARE_RELIC","is_prod":false,"is_daily":false,"chose_seed":false,"campfire_upgraded":0,"win_rate":0,"timestamp":1564960971,"path_taken":["M","?","M","M","M","E","R","M","T","R","E","?"],"build_version":"2019-07-18","purchased_purges":0,"victory":false,"max_hp_per_floor":[71,71,71,71,71,71,71,71,71,71,71,71],"card_choices":[{"not_picked":["Beam Cell","Ball Lightning"],"picked":"Leap","floor":1},{"not_picked":["Capacitor","Blizzard"],"picked":"Leap","floor":2},{"not_picked":["Loop","Streamline"],"picked":"Go for the Eyes","floor":3},{"not_picked":["Coolheaded","FTL"],"picked":"Sunder","floor":4},{"not_picked":["Conserve Battery","Streamline"],"picked":"Beam Cell","floor":5},{"not_picked":["Redo","Aggregate"],"picked":"Streamline","floor":6},{"not_picked":["Hello World","Go for the Eyes"],"picked":"Machine Learning","floor":8},{"not_picked":["Redo","Compile Driver"],"picked":"Cold Snap","floor":11}],"player_experience":3510484,"relics_obtained":[{"floor":6,"key":"Girya"},{"floor":9,"key":"Orichalcum"},{"floor":11,"key":"Thread and Needle"}],"event_choices":[{"damage_healed":0,"gold_gain":0,"player_choice":"Fought Mushrooms","damage_taken":0,"max_hp_gain":0,"max_hp_loss":0,"event_name":"Mushrooms","floor":12,"gold_loss":0}],"is_beta":true,"boss_relics":[],"items_purged_floors":[],"is_endless":false,"potions_floor_spawned":[5,6,8,11],"killed_by":"The Mushroom Lair","ascension_level":20}