{"gold_per_floor":[117,136,53,70,70,102,118,118,141,174,174,188,56,68,68,145,145,161,175,195,28,28,28,45,45,45,75,125,154,154,166,166,243,243,258,258,258,36,36,36,62,62,62,62,80,80],"floor_reached":46,"playtime":2166,"items_purged":[],"score":1017,"play_id":"c9264f1c-16d0-44e6-88ae-92eef36fde61","local_time":"20190126024039","is_ascension_mode":true,"campfire_choices":[{"data":"Whirlwind","floor":8,"key":"SMITH"},{"data":"Disarm","floor":11,"key":"SMITH"},{"data":"Bash","floor":15,"key":"SMITH"},{"data":"Limit Break","floor":23,"key":"SMITH"},{"data":"Battle Trance","floor":25,"key":"SMITH"},{"floor":30,"key":"REST"},{"floor":32,"key":"REST"},{"data":"Corruption","floor":40,"key":"SMITH"},{"data":"Dark Embrace","floor":42,"key":"SMITH"},{"floor":44,"key":"REST"}],"neow_cost":"NONE","seed_source_timestamp":1655767219532125,"circlet_count":0,"master_deck":["AscendersBane","Defend_R+1","Defend_R","Defend_R+1","Defend_R","Bash+1","Whirlwind+1","Flame Barrier","Combust","Dark Embrace+1","Clothesline","Inflame","Disarm+1","Disarm","Metallicize","Limit Break+1","Battle Trance+1","Sword Boomerang","Intimidate","Bite","Bite","Bite","Bite","Bite","Corruption+1","Headbutt","Armaments+1","Demon Form+1","Shrug It Off"],"relics":["Burning Blood","Potion Belt","War Paint","Pen Nib","Mark of Pain","Oddly Smooth Stone","Red Skull","Boot","Meat on the Bone","Cursed Key","OrangePellets","Regal Pillow"],"potions_floor_usage":[6,6,16,19,41],"damage_taken":[{"damage":1,"enemies":"Cultist","floor":1,"turns":3},{"damage":0,"enemies":"2 Louse","floor":2,"turns":3},{"damage":6,"enemies":"Small Slimes","floor":4,"turns":5},{"damage":33,"enemies":"Gremlin Nob","floor":6,"turns":4},{"damage":2,"enemies":"Exordium Wildlife","floor":7,"turns":2},{"damage":41,"enemies":"3 Sentries","floor":10,"turns":5},{"damage":17,"enemies":"Looter","floor":12,"turns":4},{"damage":0,"enemies":"3 Louse","floor":14,"turns":1},{"damage":19,"enemies":"The Guardian","floor":16,"turns":14},{"damage":23,"enemies":"Chosen","floor":18,"turns":7},{"damage":11,"enemies":"3 Byrds","floor":19,"turns":5},{"damage":16,"enemies":"3 Cultists","floor":20,"turns":4},{"damage":7,"enemies":"Centurion and Healer","floor":24,"turns":13},{"damage":47,"enemies":"Gremlin Leader","floor":27,"turns":6},{"damage":26,"enemies":"Book of Stabbing","floor":29,"turns":5},{"damage":31,"enemies":"Cultist and Chosen","floor":31,"turns":6},{"damage":44,"enemies":"Champ","floor":33,"turns":17},{"damage":27,"enemies":"Orb Walker","floor":35,"turns":4},{"damage":37,"enemies":"Reptomancer","floor":41,"turns":5},{"damage":36,"enemies":"3 Darklings","floor":45,"turns":5},{"damage":72,"enemies":"Nemesis","floor":46,"turns":6}],"seed_played":"8611059844120093261","potions_obtained":[{"floor":2,"key":"Energy Potion"},{"floor":4,"key":"Fire Potion"},{"floor":10,"key":"Regen Potion"},{"floor":16,"key":"FearPotion"},{"floor":31,"key":"SkillPotion"},{"floor":35,"key":"EssenceOfSteel"}],"is_trial":false,"path_per_floor":["M","M","$","M","$","E","M","R","T","E","R","M","$","M","R","B",null,"M","M","M","$","?","R","M","R","T","E","?","E","R","M","R","B",null,"M","?","?","$","?","R","E","R","T","R","M","E"],"character_chosen":"IRONCLAD","items_purchased":["Combust","Disarm","Metallicize","Oddly Smooth Stone","OrangePellets"],"campfire_rested":3,"item_purchase_floors":[3,13,13,21,38],"current_hp_per_floor":[80,82,82,82,82,55,59,59,59,24,24,13,13,19,19,21,67,50,45,35,35,35,35,57,57,57,21,21,7,24,19,36,44,54,35,35,35,35,35,35,30,30,30,57,40,0],"gold":80,"neow_bonus":"TEN_PERCENT_HP_BONUS","is_prod":false,"is_daily":false,"chose_seed":false,"campfire_upgraded":7,"win_rate":0,"timestamp":1548499239,"path_taken":["M","M","$","M","$","E","M","R","T","E","R","M","$","?","R","BOSS","M","M","M","$","?","R","M","R","T","E","?","E","R","M","R","BOSS","M","?","?","$","?","R","E","R","T","R","M","E"],"build_version":"2019-01-23","purchased_purges":0,"victory":false,"max_hp_per_floor":[82,82,82,82,82,82,82,82,82,82,82,82,82,82,82,82,82,82,82,82,82,57,57,57,57,57,57,57,57,57,57,57,57,57,57,57,57,57,57,57,57,57,57,57,57,57],"card_choices":[{"not_picked":["Shrug It Off","Dual Wield"],"picked":"Whirlwind","floor":1},{"not_picked":["Dropkick","Reckless Charge"],"picked":"Flame Barrier","floor":2},{"not_picked":["Flex","Anger"],"picked":"Dark Embrace","floor":4},{"not_picked":["Sword Boomerang","Perfected Strike"],"picked":"Clothesline","floor":6},{"not_picked":["Seeing Red","Warcry"],"picked":"Inflame","floor":7},{"not_picked":["Combust","Clash"],"picked":"Disarm","floor":10},{"not_picked":["Sentinel","Wild Strike","Heavy Blade"],"picked":"SKIP","floor":12},{"not_picked":["Flex","Thunderclap","Warcry"],"picked":"SKIP","floor":14},{"not_picked":["Double Tap","Dark Embrace"],"picked":"Limit Break","floor":16},{"not_picked":["Anger","Twin Strike"],"picked":"Battle Trance","floor":18},{"not_picked":["Heavy Blade","Perfected Strike"],"picked":"Sword Boomerang","floor":19},{"not_picked":["Sword Boomerang","Anger"],"picked":"Intimidate","floor":20},{"not_picked":["Clash","Perfected Strike"],"picked":"Corruption","floor":24},{"not_picked":["Havoc","Offering"],"picked":"Headbutt","floor":27},{"not_picked":["Havoc","Sword Boomerang+1","Iron Wave"],"picked":"SKIP","floor":29},{"not_picked":["Cleave","Bloodletting"],"picked":"Armaments+1","floor":31},{"not_picked":["Bludgeon","Dark Embrace"],"picked":"Demon Form","floor":33},{"not_picked":["Sword Boomerang","Cleave+1"],"picked":"Shrug It Off","floor":35},{"not_picked":["Sword Boomerang","Ghostly Armor","Anger+1"],"picked":"SKIP","floor":41},{"not_picked":["Thunderclap","Warcry","Cleave"],"picked":"SKIP","floor":45}],"player_experience":1209107,"relics_obtained":[{"floor":6,"key":"Potion Belt"},{"floor":9,"key":"War Paint"},{"floor":10,"key":"Pen Nib"},{"floor":26,"key":"Red Skull"},{"floor":27,"key":"Boot"},{"floor":29,"key":"Meat on the Bone"},{"floor":41,"key":"Regal Pillow"}],"event_choices":[{"damage_healed":0,"gold_gain":0,"player_choice":"Became a vampire","damage_taken":0,"max_hp_gain":0,"max_hp_loss":25,"event_name":"Vampires","floor":22,"gold_loss":0,"cards_obtained":["Bite","Bite","Bite","Bite","Bite"]},{"damage_healed":0,"gold_gain":50,"player_choice":"Stole From Cult","damage_taken":0,"max_hp_gain":0,"max_hp_loss":0,"event_name":"Nest","floor":28,"gold_loss":0},{"damage_healed":0,"gold_gain":0,"player_choice":"Ignored","damage_taken":0,"max_hp_gain":0,"max_hp_loss":0,"event_name":"Tomb of Lord Red Mask","floor":36,"gold_loss":0},{"damage_healed":0,"gold_gain":0,"player_choice":"Memory 1","damage_taken":0,"max_hp_gain":0,"max_hp_loss":0,"event_name":"SensoryStone","floor":37,"gold_loss":0},{"damage_healed":0,"gold_gain":0,"player_choice":"Forge","damage_taken":0,"max_hp_gain":0,"max_hp_loss":0,"event_name":"Accursed Blacksmith","floor":39,"gold_loss":0,"cards_upgraded":["Demon Form"]}],"is_beta":true,"boss_relics":[{"not_picked":["Busted Crown","Eternal Feather"],"picked":"Mark of Pain"},{"not_picked":["Philosopher\u0027s Stone","Empty Cage"],"picked":"Cursed Key"}],"items_purged_floors":[],"is_endless":false,"potions_floor_spawned":[2,4,10,16,31,35],"killed_by":"Nemesis","ascension_level":20}