{"gold_per_floor":[111,186,186,186,186,219,230,230,277,74,103,103,7,42,42,116,116,127,127,127,127,7,37,37,62,137,137,148,167,193,211,211,283,283,302,318,318,329,329,363,375,375,375,407,426,443,443,470,470,470,470,470,470,9,38,38],"floor_reached":57,"playtime":4559,"items_purged":[],"score":3028,"play_id":"62d6e27e-d616-45a6-9850-2941b67b6435","local_time":"20190608033158","is_ascension_mode":true,"campfire_choices":[{"floor":8.0,"key":"REST"},{"data":"After Image","floor":12.0,"key":"SMITH"},{"data":"Footwork","floor":15.0,"key":"SMITH"},{"data":"Caltrops","floor":24.0,"key":"SMITH"},{"floor":27.0,"key":"RECALL"},{"data":"Noxious Fumes","floor":32.0,"key":"SMITH"},{"data":"After Image","floor":42.0,"key":"SMITH"},{"data":"Noxious Fumes","floor":47.0,"key":"SMITH"},{"floor":49.0,"key":"REST"},{"floor":53.0,"key":"REST"}],"neow_cost":"NONE","seed_source_timestamp":3726547977348049,"circlet_count":0,"master_deck":["AscendersBane","Defend_G+1","Defend_G+1","Defend_G","Defend_G","Defend_G","Survivor+1","Neutralize+1","Heel Hook","Skewer+1","Footwork+1","Dodge and Roll+1","After Image+1","Prepared+1","Cloak And Dagger+1","Bouncing Flask+1","Corpse Explosion+1","Prepared+1","Bite+1","Bite","Bite","Bite","J.A.X.+1","Caltrops+1","Concentrate+1","Catalyst+1","Leg Sweep+1","Noxious Fumes+1","Reflex+1","PiercingWail+1","Reflex+1","After Image+1","Noxious Fumes+1","Blur+1","Backflip+1","Tactician+1","Prepared+1","PiercingWail+1","Master of Strategy+1"],"special_seed":0,"relics":["Ring of the Snake","NeowsBlessing","Toxic Egg 2","Dream Catcher","War Paint","Oddly Smooth Stone","Darkstone Periapt","Runic Pyramid","Art of War","Pen Nib","Mercury Hourglass","FossilizedHelix","Sozu","Bronze Scales","Tough Bandages","Whetstone","Pantograph","Dodecahedron"],"potions_floor_usage":[56],"damage_taken":[{"damage":0.0,"enemies":"Jaw Worm","floor":1.0,"turns":1.0},{"damage":0.0,"enemies":"Gremlin Nob","floor":6.0,"turns":1.0},{"damage":0.0,"enemies":"Small Slimes","floor":7.0,"turns":1.0},{"damage":11.0,"enemies":"3 Sentries","floor":11.0,"turns":16.0},{"damage":0.0,"enemies":"Lagavulin","floor":14.0,"turns":9.0},{"damage":2.0,"enemies":"The Guardian","floor":16.0,"turns":11.0},{"damage":0.0,"enemies":"Chosen","floor":18.0,"turns":6.0},{"damage":9.0,"enemies":"Gremlin Leader","floor":23.0,"turns":7.0},{"damage":14.0,"enemies":"Book of Stabbing","floor":25.0,"turns":4.0},{"damage":2.0,"enemies":"2 Thieves","floor":28.0,"turns":3.0},{"damage":7.0,"enemies":"Snake Plant","floor":29.0,"turns":4.0},{"damage":4.0,"enemies":"Gremlin Leader","floor":30.0,"turns":7.0},{"damage":5.0,"enemies":"Snecko","floor":31.0,"turns":3.0},{"damage":8.0,"enemies":"Automaton","floor":33.0,"turns":9.0},{"damage":0.0,"enemies":"Orb Walker","floor":35.0,"turns":4.0},{"damage":0.0,"enemies":"3 Shapes","floor":36.0,"turns":3.0},{"damage":19.0,"enemies":"Sphere and 2 Shapes","floor":38.0,"turns":6.0},{"damage":0.0,"enemies":"Giant Head","floor":40.0,"turns":8.0},{"damage":0.0,"enemies":"Spire Growth","floor":41.0,"turns":5.0},{"damage":0.0,"enemies":"Nemesis","floor":44.0,"turns":5.0},{"damage":0.0,"enemies":"3 Darklings","floor":45.0,"turns":4.0},{"damage":0.0,"enemies":"Writhing Mass","floor":46.0,"turns":5.0},{"damage":23.0,"enemies":"Reptomancer","floor":48.0,"turns":6.0},{"damage":40.0,"enemies":"Donu and Deca","floor":50.0,"turns":8.0},{"damage":13.0,"enemies":"Time Eater","floor":51.0,"turns":10.0},{"damage":25.0,"enemies":"Shield and Spear","floor":55.0,"turns":7.0},{"damage":36,"enemies":"The Heart","floor":56,"turns":9}],"seed_played":"4015819148272525821","potions_obtained":[{"floor":7.0,"key":"PowerPotion"},{"floor":11.0,"key":"SteroidPotion"},{"floor":16.0,"key":"Block Potion"},{"floor":21.0,"key":"SteroidPotion"}],"is_trial":false,"path_per_floor":["M","?","?","?","?","E","M","R","T","$","E","R","$","E","R","B",null,"M","?","?","?","$","E","R","E","T","R","M","M","E","M","R","B",null,"M","M","?","M","?","E","M","R","T","E","M","M","R","E","R","B","B",null,"R","$","E","B",null],"character_chosen":"THE_SILENT","items_purchased":["After Image","Strength Potion","Cloak And Dagger+1","Well Laid Plans","Caltrops","Concentrate+1","Pantograph","Master of Strategy+1"],"campfire_rested":3,"item_purchase_floors":[10,10,13,13,22,22,54,54],"current_hp_per_floor":[59,48,28,28,28,28,28,47,47,47,36,36,36,36,36,34,58,58,46,46,46,46,46,46,40,40,40,38,37,46,43,43,46,46,46,46,46,31,31,41,46,46,46,46,46,46,46,25,38,10,13,38,46,46,30,15],"gold":38,"neow_bonus":"THREE_ENEMY_KILL","is_prod":false,"is_daily":false,"chose_seed":false,"campfire_upgraded":6,"win_rate":0,"timestamp":1559989918,"path_taken":["M","?","?","?","?","E","?","R","T","?","E","R","$","E","R","BOSS","M","?","?","?","$","E","R","E","T","R","?","M","E","M","R","BOSS","M","M","?","M","?","E","?","R","T","E","M","M","R","E","R","BOSS","BOSS","R","$","E","BOSS"],"build_version":"2019-06-07","purchased_purges":0,"victory":true,"max_hp_per_floor":[66,66,66,66,66,66,66,66,66,66,66,66,66,66,66,66,66,66,46,46,46,46,46,46,46,46,46,46,46,46,46,46,46,46,46,46,46,46,46,46,46,46,46,46,46,46,46,46,46,46,46,46,46,46,46,46],"card_choices":[{"not_picked":["Bane","Setup"],"picked":"Heel Hook","floor":1.0},{"not_picked":["Slice","Flying Knee"],"picked":"Skewer","floor":6.0},{"not_picked":["Bane","Dodge and Roll+1"],"picked":"Footwork","floor":7.0},{"not_picked":["Accuracy","Backflip+1"],"picked":"Dodge and Roll+1","floor":8.0},{"not_picked":["Tactician+1","Setup+1"],"picked":"Prepared+1","floor":11.0},{"not_picked":["All Out Attack","Slice"],"picked":"Bouncing Flask+1","floor":14.0},{"not_picked":["Bullet Time+1","Tools of the Trade"],"picked":"Corpse Explosion+1","floor":16.0},{"not_picked":["Bane","Cloak And Dagger+1"],"picked":"Prepared+1","floor":18.0},{"not_picked":["All Out Attack","Cloak And Dagger+1"],"picked":"Catalyst+1","floor":23.0},{"not_picked":["Dagger Throw","Deflect+1"],"picked":"Leg Sweep+1","floor":25.0},{"not_picked":["Storm of Steel+1","Slice"],"picked":"Noxious Fumes","floor":28.0},{"not_picked":["Prepared+1","Endless Agony"],"picked":"Reflex+1","floor":29.0},{"not_picked":["Leg Sweep+1","Bane+1"],"picked":"PiercingWail+1","floor":30.0},{"not_picked":["Eviscerate+1","Accuracy+1"],"picked":"Reflex+1","floor":31.0},{"not_picked":["Die Die Die","Envenom"],"picked":"After Image","floor":33.0},{"not_picked":["Prepared+1","Flying Knee"],"picked":"Noxious Fumes","floor":35.0},{"not_picked":["Deadly Poison+1","Bouncing Flask+1","Accuracy"],"picked":"SKIP","floor":36.0},{"not_picked":["Acrobatics+1","Dodge and Roll+1"],"picked":"Blur+1","floor":38.0},{"not_picked":["Slice+1","Crippling Poison+1"],"picked":"Backflip+1","floor":40.0},{"not_picked":["Deflect+1","Flying Knee+1","Blade Dance+1"],"picked":"SKIP","floor":41.0},{"not_picked":["Crippling Poison+1","Deadly Poison+1"],"picked":"Tactician+1","floor":44.0},{"not_picked":["Distraction+1","Unload","Endless Agony"],"picked":"SKIP","floor":45.0},{"not_picked":["Masterful Stab+1","Dagger Throw","Choke"],"picked":"SKIP","floor":46.0},{"not_picked":["Dagger Spray","Terror+1","Backstab"],"picked":"SKIP","floor":48.0},{"not_picked":["Bane+1","Dash"],"picked":"Prepared+1","floor":49.0},{"not_picked":["Grand Finale","Backflip+1"],"picked":"PiercingWail+1","floor":53.0},{"not_picked":["All Out Attack","Caltrops","Noxious Fumes"],"picked":"SKIP","floor":55.0}],"player_experience":1329580,"relics_obtained":[{"floor":5.0,"key":"Toxic Egg 2"},{"floor":6.0,"key":"Dream Catcher"},{"floor":9.0,"key":"War Paint"},{"floor":11.0,"key":"Oddly Smooth Stone"},{"floor":14.0,"key":"Darkstone Periapt"},{"floor":23.0,"key":"Art of War"},{"floor":25.0,"key":"Pen Nib"},{"floor":26.0,"key":"Mercury Hourglass"},{"floor":30.0,"key":"FossilizedHelix"},{"floor":40.0,"key":"Bronze Scales"},{"floor":44.0,"key":"Tough Bandages"},{"floor":48.0,"key":"Whetstone"},{"floor":55.0,"key":"Dodecahedron"}],"event_choices":[{"damage_healed":0.0,"max_hp_gain":0.0,"max_hp_loss":0.0,"gold_gain":75.0,"event_name":"World of Goop","player_choice":"Gather Gold","floor":2.0,"gold_loss":0.0,"damage_taken":11.0},{"damage_healed":0.0,"max_hp_gain":0.0,"max_hp_loss":0.0,"gold_gain":0.0,"event_name":"Shining Light","player_choice":"Entered Light","floor":3.0,"gold_loss":0.0,"damage_taken":20.0,"cards_upgraded":["Survivor","Strike_G"]},{"damage_healed":0.0,"max_hp_gain":0.0,"max_hp_loss":0.0,"gold_gain":0.0,"event_name":"Living Wall","player_choice":"Grow","floor":4.0,"gold_loss":0.0,"damage_taken":0.0,"cards_upgraded":["Neutralize"]},{"damage_healed":0.0,"max_hp_gain":0.0,"max_hp_loss":0.0,"gold_gain":0.0,"event_name":"Wheel of Change","player_choice":"Relic","floor":5.0,"gold_loss":0.0,"damage_taken":0.0},{"damage_healed":0.0,"max_hp_gain":0.0,"max_hp_loss":20.0,"gold_gain":0.0,"event_name":"Vampires","player_choice":"Became a vampire","floor":19.0,"gold_loss":0.0,"damage_taken":0.0,"cards_obtained":["Bite","Bite","Bite","Bite","Bite"]},{"damage_healed":0.0,"max_hp_gain":0.0,"max_hp_loss":0.0,"gold_gain":0.0,"event_name":"Drug Dealer","player_choice":"Obtain J.A.X.","floor":20.0,"gold_loss":0.0,"damage_taken":0.0,"cards_obtained":["J.A.X."]},{"damage_healed":0.0,"max_hp_gain":0.0,"max_hp_loss":0.0,"gold_gain":0.0,"event_name":"Lab","player_choice":"Got Potions","floor":21.0,"gold_loss":0.0,"damage_taken":0.0},{"cards_removed":["Bite"],"damage_healed":0.0,"max_hp_gain":0.0,"max_hp_loss":0.0,"gold_gain":0.0,"event_name":"Falling","player_choice":"Removed Attack","floor":37.0,"gold_loss":0.0,"damage_taken":0.0},{"cards_removed":["Well Laid Plans"],"damage_healed":0.0,"max_hp_gain":0.0,"max_hp_loss":0.0,"gold_gain":0.0,"event_name":"Purifier","player_choice":"Purged","floor":39.0,"gold_loss":0.0,"damage_taken":0.0}],"is_beta":true,"boss_relics":[{"not_picked":["Pandora\u0027s Box","Ectoplasm"],"picked":"Runic Pyramid"},{"not_picked":["Philosopher\u0027s Stone","White Beast Statue"],"picked":"Sozu"}],"items_purged_floors":[],"is_endless":false,"potions_floor_spawned":[7,11,16,28,30,31,36,38,40],"ascension_level":20}