{"gold_per_floor":[113,128,142,30,47,47,59,59,84,112,122,122,122,153,153,227,227,239,439,450,462,462,462,462],"floor_reached":24,"playtime":1205,"items_purged":["Defend_B"],"score":466,"play_id":"47eb8aef-0526-4254-a0a6-0cffeca042d9","local_time":"20190818024159","is_ascension_mode":true,"campfire_choices":[{"data":"Zap","floor":6.0,"key":"SMITH"},{"data":"Defragment","floor":8.0,"key":"SMITH"},{"data":"Dualcast","floor":12.0,"key":"SMITH"},{"data":"Darkness","floor":15.0,"key":"SMITH"},{"data":"Redo","floor":23,"key":"SMITH"}],"neow_cost":"TEN_PERCENT_HP_LOSS","seed_source_timestamp":4758292048865900,"circlet_count":0,"master_deck":["AscendersBane","Strike_B","Strike_B","Defend_B","Defend_B","Zap+1","Dualcast+1","Defragment+1","Steam","Undo","Auto Shields","Sweeping Beam","Ball Lightning","Darkness+1","Echo Form","Seek","Coolheaded","Redo+1"],"special_seed":0,"relics":["Cracked Core","DataDisk","Dream Catcher","Ancient Tea Set","Coffee Dripper","NlothsMask"],"potions_floor_usage":[21,21],"damage_taken":[{"damage":7.0,"enemies":"Small Slimes","floor":1.0,"turns":3.0},{"damage":9.0,"enemies":"2 Louse","floor":2.0,"turns":2.0},{"damage":1.0,"enemies":"Cultist","floor":3.0,"turns":3.0},{"damage":0.0,"enemies":"Looter","floor":5.0,"turns":3.0},{"damage":11.0,"enemies":"Lots of Slimes","floor":7.0,"turns":5.0},{"damage":3.0,"enemies":"3 Sentries","floor":10.0,"turns":4.0},{"damage":0.0,"enemies":"2 Fungi Beasts","floor":11.0,"turns":3.0},{"damage":0.0,"enemies":"Gremlin Nob","floor":14.0,"turns":2.0},{"damage":21.0,"enemies":"The Guardian","floor":16.0,"turns":7.0},{"damage":12.0,"enemies":"Shell Parasite","floor":18.0,"turns":4.0},{"damage":4,"enemies":"Spheric Guardian","floor":20,"turns":4},{"damage":25,"enemies":"Shelled Parasite and Fungi","floor":21,"turns":4},{"damage":8,"enemies":"Snake Plant","floor":24,"turns":2}],"seed_played":"-8621883283927192548","potions_obtained":[{"floor":3.0,"key":"SteroidPotion"},{"floor":5.0,"key":"PowerPotion"},{"floor":10.0,"key":"Explosive Potion"},{"floor":11.0,"key":"Fire Potion"},{"floor":14.0,"key":"Weak Potion"},{"floor":18.0,"key":"Energy Potion"}],"is_trial":false,"path_per_floor":["M","M","M","$","M","R","M","R","T","E","M","R","?","E","R","B",null,"M","?","M","M","?","R","M"],"character_chosen":"DEFECT","items_purchased":["Auto Shields"],"campfire_rested":0,"item_purchase_floors":[4],"current_hp_per_floor":[57,48,47,47,47,47,36,36,36,33,33,33,26,26,26,5,49,37,37,33,8,8,8,0],"gold":462,"neow_bonus":"REMOVE_TWO","is_prod":false,"is_daily":false,"chose_seed":false,"campfire_upgraded":5,"win_rate":0,"timestamp":1566121319,"path_taken":["M","M","M","$","M","R","M","R","T","E","M","R","?","E","R","BOSS","M","?","M","?","?","R","?"],"build_version":"2019-08-15","purchased_purges":1,"victory":false,"max_hp_per_floor":[64,64,64,64,64,64,64,64,64,64,64,64,64,64,64,64,64,64,64,64,64,64,64,64],"card_choices":[{"not_picked":["Gash","Go for the Eyes"],"picked":"Defragment","floor":1.0},{"not_picked":["Barrage","Blizzard"],"picked":"Steam","floor":2.0},{"not_picked":["Turbo","Genetic Algorithm"],"picked":"Undo","floor":3.0},{"not_picked":["Leap","Hello World","Barrage"],"picked":"SKIP","floor":5.0},{"not_picked":["Conserve Battery","Gash"],"picked":"Sweeping Beam","floor":7.0},{"not_picked":["Steam Power","Multi-Cast"],"picked":"Ball Lightning","floor":10.0},{"not_picked":["Rip and Tear","Scrape"],"picked":"Darkness","floor":11.0},{"not_picked":["Rebound","Stack"],"picked":"Echo Form","floor":14.0},{"not_picked":["Thunder Strike","Reboot"],"picked":"Seek","floor":16.0},{"not_picked":["Barrage","Scrape","Hello World"],"picked":"SKIP","floor":18.0},{"not_picked":["Hologram","Turbo"],"picked":"Coolheaded","floor":20},{"not_picked":["Streamline+1","Conserve Battery"],"picked":"Redo","floor":21}],"player_experience":3557931,"relics_obtained":[{"floor":9.0,"key":"DataDisk"},{"floor":10.0,"key":"Dream Catcher"},{"floor":14.0,"key":"Ancient Tea Set"}],"event_choices":[{"cards_removed":["Strike_B"],"damage_healed":0.0,"max_hp_gain":0.0,"max_hp_loss":0.0,"gold_gain":0.0,"event_name":"Golden Wing","player_choice":"Card Removal","floor":13.0,"gold_loss":0.0,"damage_taken":7.0},{"damage_healed":0,"gold_gain":250,"player_choice":"Bet on Owner","damage_taken":0,"max_hp_gain":0,"max_hp_loss":0,"event_name":"The Joust","floor":19,"gold_loss":50},{"damage_healed":0,"gold_gain":0,"player_choice":"Trade","damage_taken":0,"relics_obtained":["NlothsMask"],"max_hp_gain":0,"max_hp_loss":0,"event_name":"FaceTrader","floor":22,"gold_loss":0}],"is_beta":true,"boss_relics":[{"not_picked":["Pandora\u0027s Box","Orrery"],"picked":"Coffee Dripper"}],"items_purged_floors":[4],"is_endless":false,"potions_floor_spawned":[3,5,10,11,14,18],"killed_by":"Snake Plant","ascension_level":20}