{"gold_per_floor":[112,130,130,143,143,143,68,101,101,114,114,137,176,194,194,194],"floor_reached":16,"playtime":607,"items_purged":["Injury"],"score":224,"play_id":"75a27b1c-56f8-4b13-b45a-f9d6bd7d726d","local_time":"20181111004257","is_ascension_mode":true,"campfire_choices":[{"data":"Clothesline","floor":6,"key":"SMITH"},{"data":"Inflame","floor":11,"key":"SMITH"},{"floor":15,"key":"REST"}],"neow_cost":"NONE","seed_source_timestamp":4401356201826105,"circlet_count":0,"master_deck":["AscendersBane","Strike_R","Strike_R","Strike_R","Strike_R","Strike_R","Defend_R","Defend_R","Defend_R","Defend_R","Bash+1","Sever Soul","Clothesline+1","Thunderclap","Immolate","Inflame+1","Sword Boomerang","True Grit","Inflame"],"relics":["Burning Blood","Golden Idol","PreservedInsect","Question Card","Ancient Tea Set"],"potions_floor_usage":[13,16],"damage_taken":[{"damage":4,"enemies":"Jaw Worm","floor":1,"turns":4},{"damage":7,"enemies":"Small Slimes","floor":2,"turns":4},{"damage":2,"enemies":"2 Louse","floor":4,"turns":4},{"damage":44,"enemies":"Lagavulin","floor":8,"turns":7},{"damage":7,"enemies":"2 Fungi Beasts","floor":10,"turns":2},{"damage":17,"enemies":"Gremlin Gang","floor":12,"turns":3},{"damage":10,"enemies":"3 Sentries","floor":13,"turns":3},{"damage":11,"enemies":"Blue Slaver","floor":14,"turns":4},{"damage":40,"enemies":"Hexaghost","floor":16,"turns":9}],"seed_played":"5796568253381039413","potions_obtained":[{"floor":1,"key":"Fire Potion"},{"floor":2,"key":"EssenceOfSteel"},{"floor":10,"key":"Block Potion"}],"is_trial":false,"path_per_floor":["M","M","$","M","?","R","$","E","T","M","R","M","E","M","R","B"],"character_chosen":"IRONCLAD","items_purchased":[],"campfire_rested":1,"item_purchase_floors":[],"current_hp_per_floor":[70,69,69,73,73,73,73,35,35,34,34,23,19,14,36,0],"gold":194,"neow_bonus":"UPGRADE_CARD","is_prod":false,"is_daily":false,"chose_seed":false,"campfire_upgraded":2,"win_rate":0,"timestamp":1541925777,"path_taken":["M","M","$","M","?","R","$","E","T","M","R","M","E","M","R","BOSS"],"build_version":"2018-11-08","purchased_purges":1,"victory":false,"max_hp_per_floor":[75,75,75,75,75,75,75,75,75,75,75,75,75,75,75,75],"card_choices":[{"not_picked":["Shockwave","Warcry"],"picked":"Sever Soul","floor":1},{"not_picked":["Sword Boomerang","Rage"],"picked":"Clothesline","floor":2},{"not_picked":["Infernal Blade","Sword Boomerang"],"picked":"Thunderclap","floor":4},{"not_picked":["Clothesline","Sever Soul"],"picked":"Immolate","floor":8},{"not_picked":["Heavy Blade","Blood for Blood","Reckless Charge"],"picked":"Inflame","floor":10},{"not_picked":["Cleave","Blood for Blood","Rupture"],"picked":"Sword Boomerang","floor":12},{"not_picked":["Rage","Clothesline","Exhume"],"picked":"True Grit","floor":13},{"not_picked":["Armaments","Warcry","Body Slam"],"picked":"Inflame","floor":14}],"player_experience":1060554,"relics_obtained":[{"floor":8,"key":"PreservedInsect"},{"floor":9,"key":"Question Card"},{"floor":13,"key":"Ancient Tea Set"}],"event_choices":[{"damage_healed":0,"gold_gain":0,"player_choice":"Take Wound","damage_taken":0,"relics_obtained":["Golden Idol"],"max_hp_gain":0,"max_hp_loss":0,"event_name":"Golden Idol","floor":5,"gold_loss":0,"cards_obtained":["Injury"]}],"is_beta":true,"boss_relics":[],"items_purged_floors":[7],"is_endless":false,"potions_floor_spawned":[1,2,10],"killed_by":"Hexaghost","ascension_level":20}