{"gold_per_floor":[218,236,250,0,36,36,137,137,137,179,218,257,257],"floor_reached":13,"playtime":580,"items_purged":[],"score":178,"play_id":"b58e37b8-24ed-4bd6-986d-5b3fd5786a1c","local_time":"20190717183906","is_ascension_mode":true,"campfire_choices":[{"data":"HandOfGreed","floor":6,"key":"SMITH"},{"data":"Neutralize","floor":8,"key":"SMITH"}],"neow_cost":"NONE","seed_source_timestamp":7154716111829559,"circlet_count":0,"master_deck":["AscendersBane","Strike_G","Strike_G","Strike_G","Strike_G","Strike_G","Defend_G","Defend_G","Defend_G","Defend_G","Defend_G","Survivor","Neutralize+1","Terror","Poisoned Stab","Deadly Poison","HandOfGreed+1","Backstab","Bane","Caltrops","Dodge and Roll","Poisoned Stab","Cloak And Dagger"],"relics":["Ring of the Snake","PreservedInsect","Mercury Hourglass"],"potions_floor_usage":[7,13],"damage_taken":[{"damage":1,"enemies":"Cultist","floor":1,"turns":4},{"damage":0,"enemies":"Jaw Worm","floor":2,"turns":4},{"damage":1,"enemies":"Small Slimes","floor":3,"turns":4},{"damage":1,"enemies":"2 Fungi Beasts","floor":5,"turns":3},{"damage":25,"enemies":"3 Sentries","floor":7,"turns":9},{"damage":10,"enemies":"Large Slime","floor":10,"turns":5},{"damage":12,"enemies":"Exordium Wildlife","floor":11,"turns":3},{"damage":0,"enemies":"3 Louse","floor":12,"turns":2},{"damage":15,"enemies":"Lagavulin","floor":13,"turns":4}],"seed_played":"-5550992174713572639","potions_obtained":[{"floor":5,"key":"GamblersBrew"},{"floor":7,"key":"SkillPotion"}],"is_trial":false,"path_per_floor":["M","M","M","$","M","R","E","R","T","M","M","M","E"],"character_chosen":"THE_SILENT","items_purchased":["HandOfGreed","Backstab"],"campfire_rested":0,"item_purchase_floors":[4,4],"current_hp_per_floor":[58,58,57,57,56,56,31,31,31,21,9,9,0],"gold":257,"neow_bonus":"HUNDRED_GOLD","is_prod":false,"is_daily":false,"chose_seed":false,"campfire_upgraded":2,"win_rate":0,"timestamp":1563413946,"path_taken":["M","M","M","$","M","R","E","R","T","M","?","M","E"],"build_version":"2019-07-10","purchased_purges":0,"victory":false,"max_hp_per_floor":[66,66,66,66,66,66,66,66,66,66,66,66,66],"card_choices":[{"not_picked":["Blade Dance","Bane"],"picked":"Terror","floor":1},{"not_picked":["Bane","Dagger Throw"],"picked":"Poisoned Stab","floor":2},{"not_picked":["Deflect","Backflip"],"picked":"Deadly Poison","floor":3},{"not_picked":["Underhanded Strike","Expertise"],"picked":"Bane","floor":5},{"not_picked":["Acrobatics","Deflect"],"picked":"Caltrops","floor":7},{"not_picked":["Bane","Expertise"],"picked":"Dodge and Roll","floor":10},{"not_picked":["Masterful Stab","Slice"],"picked":"Poisoned Stab","floor":11},{"not_picked":["Blade Dance","Bouncing Flask"],"picked":"Cloak And Dagger","floor":12}],"player_experience":1400600,"relics_obtained":[{"floor":7,"key":"PreservedInsect"},{"floor":9,"key":"Mercury Hourglass"}],"event_choices":[],"is_beta":true,"boss_relics":[],"items_purged_floors":[],"is_endless":false,"potions_floor_spawned":[5,7],"killed_by":"Lagavulin","ascension_level":20}