{"gold_per_floor":[109,122,122,69,87,87,104,134,134,164,164,164,184,184,184,282,282,294,306,306,85,0,0,0,14,14,14,33,33,92,107,107,204,204,214,214,77,124,144,144,156,175,175,186,186,216,226,243,243,243],"floor_reached":51,"playtime":4306,"items_purged":["Strike_B"],"score":936,"play_id":"8cfc1280-9be4-48ac-ac1a-e061b12a17ae","local_time":"20180920190649","is_ascension_mode":true,"campfire_choices":[{"floor":6.0,"key":"REST"},{"floor":12.0,"key":"REST"},{"data":"Zap","floor":15.0,"key":"SMITH"},{"data":"Undo","floor":23,"key":"SMITH"},{"floor":29,"key":"REST"},{"floor":32,"key":"REST"},{"data":"Thunder Strike","floor":40,"key":"SMITH"},{"data":"Leap","floor":45,"key":"SMITH"},{"data":"Tempest","floor":49,"key":"SMITH"}],"neow_cost":"PERCENT_DAMAGE","seed_source_timestamp":0,"circlet_count":0,"master_deck":["Defend_B","Defend_B","Defend_B","Defend_B","Zap+1","Dualcast","Electrodynamics","Undo+1","Compile Driver+1","Cold Snap","Steam","Leap+1","White Noise","Hologram+1","Steam","Buffer+1","Go for the Eyes+1","Loop+1","Sunder","Bite","Bite","Bite","Bite","Bite","Ball Lightning","Force Field+1","Ball Lightning","Meteor Strike","Ball Lightning+1","Thunder Strike+1","Fusion","Doom and Gloom+1","Static Discharge+1","Tempest+1","Force Field+1","Stack+1"],"special_seed":0,"relics":["Cracked Core","Frozen Egg 2","Sundial","Kunai","Matryoshka","Snecko Eye","Emotion Chip","NlothsMask","Tiny Chest","Coffee Dripper","Bag of Preparation","Gambling Chip","Smiling Mask","Dodecahedron","DataDisk"],"potions_floor_usage":[46,46,46],"damage_taken":[{"damage":7.0,"enemies":"Jaw Worm","floor":1.0,"turns":2.0},{"damage":13.0,"enemies":"Small Slimes","floor":2.0,"turns":2.0},{"damage":0.0,"enemies":"Cultist","floor":5.0,"turns":3.0},{"damage":0.0,"enemies":"2 Fungi Beasts","floor":7.0,"turns":3.0},{"damage":13.0,"enemies":"3 Sentries","floor":8.0,"turns":3.0},{"damage":20.0,"enemies":"Lagavulin","floor":10.0,"turns":6.0},{"damage":6.0,"enemies":"Blue Slaver","floor":13.0,"turns":4.0},{"damage":8.0,"enemies":"Hexaghost","floor":16.0,"turns":9.0},{"damage":2.0,"enemies":"2 Thieves","floor":18.0,"turns":3.0},{"damage":0,"enemies":"3 Byrds","floor":19,"turns":2},{"damage":11,"enemies":"Centurion and Healer","floor":25,"turns":7},{"damage":6,"enemies":"Snecko","floor":28,"turns":6},{"damage":16,"enemies":"Slavers","floor":30,"turns":5},{"damage":15,"enemies":"Snake Plant","floor":31,"turns":5},{"damage":39,"enemies":"Collector","floor":33,"turns":9},{"damage":0,"enemies":"Orb Walker","floor":35,"turns":2},{"damage":13,"enemies":"3 Darklings","floor":39,"turns":4},{"damage":0,"enemies":"Transient","floor":41,"turns":5},{"damage":0,"enemies":"Sphere and 2 Shapes","floor":42,"turns":2},{"damage":0,"enemies":"Reptomancer","floor":44,"turns":3},{"damage":5,"enemies":"Nemesis","floor":46,"turns":5},{"damage":8,"enemies":"Spire Growth","floor":47,"turns":3},{"damage":0,"enemies":"Transient","floor":48,"turns":5},{"damage":0,"enemies":"Donu and Deca","floor":50,"turns":7}],"seed_played":"1691488742927582028","potions_obtained":[{"floor":1.0,"key":"Poison Potion"},{"floor":8.0,"key":"Fire Potion"},{"floor":13.0,"key":"Weak Potion"},{"floor":16.0,"key":"Ancient Potion"},{"floor":18.0,"key":"SteroidPotion"},{"floor":28,"key":"Fire Potion"},{"floor":35,"key":"SteroidPotion"},{"floor":42,"key":"Swift Potion"}],"is_trial":false,"path_per_floor":["M","M","?","$","M","R","M","E","T","E","?","R","M","?","R","B",null,"M","M","?","$","?","R","?","M","T","?","M","R","E","M","R","B",null,"M","T","$","T","M","R","M","M","T","M","R","E","M","M","R","B"],"character_chosen":"DEFECT","items_purchased":["Cold Snap","Blood Vial","Thunder Strike"],"campfire_rested":4,"item_purchase_floors":[4,21,37],"current_hp_per_floor":[47,34,19,19,19,41,41,28,28,8,8,30,31,24,24,16,60,58,58,58,58,58,58,58,49,49,49,45,67,55,42,64,37,66,72,72,72,72,64,64,75,75,75,75,75,72,69,75,75,75],"gold":243,"neow_bonus":"THREE_RARE_CARDS","is_prod":false,"is_daily":false,"chose_seed":false,"campfire_upgraded":5,"win_rate":0,"timestamp":1537495609,"path_taken":["M","M","?","$","M","R","M","E","T","E","?","R","?","?","R","BOSS","M","M","?","$","?","R","?","M","T","?","M","R","E","M","R","BOSS","M","?","$","?","M","R","M","M","T","M","R","E","?","M","R","BOSS"],"build_version":"2018-09-06","purchased_purges":1,"victory":true,"max_hp_per_floor":[75,75,75,75,75,75,75,75,75,75,75,75,75,75,75,75,75,75,75,75,75,75,75,75,75,75,75,75,75,75,75,75,75,75,75,75,75,75,75,75,75,75,75,75,75,75,75,75,75,75],"card_choices":[{"not_picked":["Machine Learning","Amplify"],"picked":"Electrodynamics","floor":0.0},{"not_picked":["Aggregate","Double Energy"],"picked":"Undo","floor":1.0},{"not_picked":["Stack","Sweeping Beam"],"picked":"Compile Driver","floor":2.0},{"not_picked":["Reinforced Body","Sweeping Beam"],"picked":"Steam","floor":5.0},{"not_picked":["Hello World","Streamline"],"picked":"Leap","floor":7.0},{"not_picked":["Gash","Thunder Strike"],"picked":"White Noise","floor":8.0},{"not_picked":["Steam Power","Streamline"],"picked":"Hologram","floor":10.0},{"not_picked":["Compile Driver","Gash"],"picked":"Steam","floor":13.0},{"not_picked":["Hyperbeam","Meteor Strike"],"picked":"Buffer+1","floor":16.0},{"not_picked":["Turbo","Glacier"],"picked":"Go for the Eyes+1","floor":18.0},{"not_picked":["Coolheaded+1","Leap"],"picked":"Loop+1","floor":19},{"not_picked":["White Noise+1","Defragment+1"],"picked":"Sunder","floor":25},{"not_picked":["Beam Cell","Leap+1"],"picked":"Ball Lightning","floor":28},{"not_picked":["Tempest","Genetic Algorithm"],"picked":"Force Field+1","floor":30},{"not_picked":["Scrape+1","Compile Driver"],"picked":"Ball Lightning","floor":31},{"not_picked":["Machine Learning+1","Seek"],"picked":"Meteor Strike","floor":33},{"not_picked":["Reprogram","Leap"],"picked":"Ball Lightning+1","floor":35},{"not_picked":["Blizzard","Tempest","Steam"],"picked":"SKIP","floor":39},{"not_picked":["Recycle+1","Blizzard+1"],"picked":"Fusion","floor":41},{"not_picked":["Turbo","Sweeping Beam+1"],"picked":"Doom and Gloom+1","floor":42},{"not_picked":["Scrape+1","Gash"],"picked":"Static Discharge+1","floor":44},{"not_picked":["Cold Snap+1","Compile Driver"],"picked":"Tempest","floor":46},{"not_picked":["Double Energy+1","Steam Power"],"picked":"Force Field+1","floor":47},{"not_picked":["Leap","Turbo+1"],"picked":"Stack+1","floor":48}],"player_experience":420747,"relics_obtained":[{"floor":8.0,"key":"Frozen Egg 2"},{"floor":9.0,"key":"Sundial"},{"floor":10.0,"key":"Kunai"},{"floor":30,"key":"Tiny Chest"},{"floor":36,"key":"Bag of Preparation"},{"floor":36,"key":"Gambling Chip"},{"floor":38,"key":"Smiling Mask"},{"floor":43,"key":"Dodecahedron"},{"floor":46,"key":"DataDisk"}],"event_choices":[{"event_name":"Shining Light","player_choice":"Entered Light","floor":3.0,"damage_taken":0.0},{"event_name":"Liars Game","player_choice":"disagreed","floor":11.0,"damage_taken":0.0},{"event_name":"Scrap Ooze","player_choice":"success","floor":14.0,"damage_taken":7.0},{"event_name":"Upgrade Shrine","player_choice":"Upgraded","floor":20,"damage_taken":0},{"event_name":"Addict","player_choice":"Obtained Relic","floor":22,"damage_taken":0},{"event_name":"FaceTrader","player_choice":"Trade","floor":24,"damage_taken":0},{"event_name":"Vampires","player_choice":"Became a vampire (Vial)","floor":27,"damage_taken":0}],"is_beta":false,"boss_relics":[{"not_picked":["Orrery","Cursed Key"],"picked":"Snecko Eye"},{"not_picked":["Astrolabe","FrozenCore"],"picked":"Coffee Dripper"}],"items_purged_floors":[21],"is_endless":false,"potions_floor_spawned":[1,8,13,16,18,28,31,33,35,42],"ascension_level":5}