{"gold_per_floor":[12,28,47,65,80,106,106,132,132,132,132,57,88,102,102,181,181,197,217,132,147,47,47,47,47,47,47,47,65,97,109,121,133],"floor_reached":33,"playtime":1186,"items_purged":["Strike_R","Strike_R"],"score":570,"play_id":"24df8d11-766e-443e-8385-6b1d78e3df06","local_time":"20190524234818","is_ascension_mode":true,"campfire_choices":[{"data":"Searing Blow","floor":7,"key":"SMITH"},{"data":"Searing Blow+1","floor":10,"key":"SMITH"},{"data":"Searing Blow+2","floor":15,"key":"SMITH"},{"data":"Searing Blow+3","floor":23,"key":"SMITH"},{"data":"Searing Blow+4","floor":25,"key":"SMITH"},{"data":"Searing Blow+5","floor":27,"key":"SMITH"},{"data":"Searing Blow+6","floor":32,"key":"SMITH"}],"neow_cost":"NO_GOLD","seed_source_timestamp":2507062145917906,"circlet_count":0,"master_deck":["AscendersBane","Strike_R","Strike_R","Strike_R","Defend_R","Defend_R","Defend_R","Defend_R","Bash","Immolate","Rampage","Intimidate","Fiend Fire","Searing Blow+7","Warcry","Shrug It Off","Double Tap","Headbutt"],"relics":["Burning Blood","Meat on the Bone","Oddly Smooth Stone","Ornamental Fan","Bottled Flame","Sozu","Anchor","Toxic Egg 2","MawBank"],"potions_floor_usage":[6,8,8,13,16],"damage_taken":[{"damage":3,"enemies":"2 Louse","floor":1,"turns":2},{"damage":0,"enemies":"Cultist","floor":2,"turns":2},{"damage":7,"enemies":"Jaw Worm","floor":3,"turns":3},{"damage":11,"enemies":"Blue Slaver","floor":4,"turns":4},{"damage":11,"enemies":"Looter","floor":5,"turns":2},{"damage":37,"enemies":"Lagavulin","floor":6,"turns":6},{"damage":28,"enemies":"3 Sentries","floor":8,"turns":6},{"damage":8,"enemies":"Gremlin Nob","floor":13,"turns":3},{"damage":7,"enemies":"Gremlin Gang","floor":14,"turns":4},{"damage":36,"enemies":"Slime Boss","floor":16,"turns":8},{"damage":9,"enemies":"3 Byrds","floor":18,"turns":5},{"damage":0,"enemies":"Chosen","floor":19,"turns":3},{"damage":26,"enemies":"Snake Plant","floor":21,"turns":3},{"damage":11,"enemies":"3 Cultists","floor":29,"turns":5},{"damage":27,"enemies":"Book of Stabbing","floor":30,"turns":4},{"damage":50,"enemies":"Champ","floor":33,"turns":7}],"seed_played":"5825842717324396031","potions_obtained":[{"floor":2,"key":"Swift Potion"},{"floor":3,"key":"EssenceOfSteel"},{"floor":6,"key":"Regen Potion"},{"floor":8,"key":"FearPotion"},{"floor":11,"key":"Dexterity Potion"}],"is_trial":false,"path_per_floor":["M","M","M","M","M","E","R","E","T","R","?","$","E","M","R","B",null,"M","M","?","M","$","R","?","R","T","R","?","M","E","?","R","B"],"character_chosen":"IRONCLAD","items_purchased":[],"campfire_rested":0,"item_purchase_floors":[],"current_hp_per_floor":[71,75,74,69,64,33,33,37,37,37,37,37,47,46,46,28,63,60,66,66,46,46,46,46,46,46,46,46,53,44,44,44,0],"gold":133,"neow_bonus":"THREE_RARE_CARDS","is_prod":false,"is_daily":false,"chose_seed":false,"campfire_upgraded":7,"win_rate":0,"timestamp":1558766898,"path_taken":["M","M","M","M","M","E","R","E","T","R","?","$","E","M","R","BOSS","M","M","?","M","$","R","?","R","T","R","?","?","E","?","R","BOSS"],"build_version":"2019-05-24v2","purchased_purges":2,"victory":false,"max_hp_per_floor":[75,75,75,75,75,75,75,75,75,75,75,75,75,75,75,75,75,75,75,75,75,75,75,75,75,75,75,75,75,75,75,75,75],"card_choices":[{"not_picked":["Limit Break","Juggernaut"],"picked":"Immolate","floor":0},{"not_picked":["Wild Strike","Perfected Strike","Corruption"],"picked":"SKIP","floor":1},{"not_picked":["Whirlwind","Havoc","Corruption"],"picked":"SKIP","floor":2},{"not_picked":["Whirlwind","Havoc","Corruption"],"picked":"SKIP","floor":2},{"not_picked":["Hemokinesis","Intimidate"],"picked":"Rampage","floor":3},{"not_picked":["Cleave","Armaments"],"picked":"Intimidate","floor":4},{"not_picked":["Sword Boomerang","Seeing Red"],"picked":"Fiend Fire","floor":5},{"not_picked":["Cleave","Burning Pact"],"picked":"Searing Blow","floor":6},{"not_picked":["Hemokinesis","True Grit","Evolve"],"picked":"SKIP","floor":8},{"not_picked":["Anger","Uppercut"],"picked":"Warcry","floor":13},{"not_picked":["Dropkick","Clothesline"],"picked":"Shrug It Off","floor":14},{"not_picked":["Offering","Juggernaut"],"picked":"Double Tap","floor":16},{"not_picked":["Anger","Shrug It Off"],"picked":"Headbutt","floor":18},{"not_picked":["Havoc","True Grit","Ghostly Armor"],"picked":"SKIP","floor":19},{"not_picked":["Cleave","Anger+1","Flex"],"picked":"SKIP","floor":21},{"not_picked":["Body Slam+1","Blood for Blood","Havoc+1"],"picked":"SKIP","floor":29},{"not_picked":["Body Slam+1","Blood for Blood","Havoc+1"],"picked":"SKIP","floor":29},{"not_picked":["Body Slam+1","Blood for Blood","Havoc+1"],"picked":"SKIP","floor":29},{"not_picked":["Anger","Berserk","Blood for Blood"],"picked":"SKIP","floor":30}],"player_experience":1267895,"relics_obtained":[{"floor":6,"key":"Meat on the Bone"},{"floor":8,"key":"Oddly Smooth Stone"},{"floor":9,"key":"Ornamental Fan"},{"floor":13,"key":"Bottled Flame"},{"floor":26,"key":"Toxic Egg 2"},{"floor":30,"key":"MawBank"}],"event_choices":[{"damage_healed":0,"gold_gain":0,"player_choice":"Got Potions","damage_taken":0,"max_hp_gain":0,"max_hp_loss":0,"event_name":"Lab","floor":11,"gold_loss":0},{"damage_healed":0,"gold_gain":0,"player_choice":"Obtained Relic","damage_taken":0,"relics_obtained":["Anchor"],"max_hp_gain":0,"max_hp_loss":0,"event_name":"Addict","floor":20,"gold_loss":85},{"damage_healed":0,"gold_gain":0,"player_choice":"Ignored","damage_taken":0,"max_hp_gain":0,"max_hp_loss":0,"event_name":"Ghosts","floor":24,"gold_loss":0},{"damage_healed":0,"gold_gain":0,"player_choice":"Ignored","damage_taken":0,"max_hp_gain":0,"max_hp_loss":0,"event_name":"Beggar","floor":28,"gold_loss":0},{"damage_healed":0,"gold_gain":0,"player_choice":"Ignored","damage_taken":0,"max_hp_gain":0,"max_hp_loss":0,"event_name":"The Mausoleum","floor":31,"gold_loss":0}],"is_beta":true,"boss_relics":[{"not_picked":["Runic Cube","Calling Bell"],"picked":"Sozu"}],"items_purged_floors":[12,22],"is_endless":false,"potions_floor_spawned":[2,3,6,8,18,21,30],"killed_by":"Champ","ascension_level":20}