{"gold_per_floor":[219,236,386,2,19,19,19,49,49,49,69,69,100,119,119,119],"floor_reached":16,"playtime":801,"items_purged":["Doubt"],"score":215,"play_id":"47b0e257-b67b-44b0-b413-043cd7d7247f","local_time":"20190318203946","is_ascension_mode":true,"campfire_choices":[{"data":"Bash","floor":6,"key":"SMITH"},{"floor":12,"key":"REST"},{"floor":15,"key":"REST"}],"neow_cost":"NONE","seed_source_timestamp":114018030925851,"circlet_count":0,"master_deck":["AscendersBane","Strike_R","Strike_R","Strike_R","Strike_R","Strike_R","Defend_R","Defend_R","Defend_R","Defend_R","Bash+1","Shrug It Off","Cleave","Power Through","Shrug It Off","Dropkick","Corruption","Impervious","Anger"],"relics":["Burning Blood","Omamori","Sundial","Question Card","Pantograph","Blood Vial"],"potions_floor_usage":[8,13,16,16],"damage_taken":[{"damage":7,"enemies":"2 Louse","floor":1,"turns":3},{"damage":8,"enemies":"Small Slimes","floor":2,"turns":4},{"damage":2,"enemies":"Jaw Worm","floor":5,"turns":4},{"damage":57,"enemies":"Lagavulin","floor":8,"turns":10},{"damage":7,"enemies":"2 Fungi Beasts","floor":11,"turns":4},{"damage":32,"enemies":"Gremlin Nob","floor":13,"turns":4},{"damage":5,"enemies":"Exordium Wildlife","floor":14,"turns":4},{"damage":81,"enemies":"Slime Boss","floor":16,"turns":12}],"seed_played":"-731427633135735859","potions_obtained":[{"floor":5,"key":"BloodPotion"},{"floor":11,"key":"GamblersBrew"},{"floor":14,"key":"Block Potion"}],"is_trial":false,"path_per_floor":["M","M","?","$","M","R","?","E","T","T","M","R","E","M","R","B"],"character_chosen":"IRONCLAD","items_purchased":["Omamori","Power Through","FearPotion"],"campfire_rested":2,"item_purchase_floors":[4,4,4],"current_hp_per_floor":[67,65,65,65,69,69,75,24,24,24,23,45,19,22,44,0],"gold":119,"neow_bonus":"HUNDRED_GOLD","is_prod":false,"is_daily":false,"chose_seed":false,"campfire_upgraded":1,"win_rate":0,"timestamp":1552937986,"path_taken":["M","M","?","$","M","R","?","E","T","?","M","R","E","M","R","BOSS"],"build_version":"2019-03-15","purchased_purges":1,"victory":false,"max_hp_per_floor":[75,75,75,75,75,75,75,75,75,75,75,75,75,75,75,75],"card_choices":[{"not_picked":["Sword Boomerang","Pommel Strike"],"picked":"Shrug It Off","floor":1},{"not_picked":["Body Slam","Sever Soul"],"picked":"Cleave","floor":2},{"not_picked":["Heavy Blade","Perfected Strike"],"picked":"Shrug It Off","floor":5},{"not_picked":["Perfected Strike","Power Through"],"picked":"Dropkick","floor":8},{"not_picked":["Iron Wave","Cleave","Ghostly Armor"],"picked":"Corruption","floor":11},{"not_picked":["Havoc","Blood for Blood","Carnage"],"picked":"Impervious","floor":13},{"not_picked":["Wild Strike","Sword Boomerang","Fire Breathing"],"picked":"Anger","floor":14}],"player_experience":314873,"relics_obtained":[{"floor":8,"key":"Sundial"},{"floor":9,"key":"Question Card"},{"floor":10,"key":"Pantograph"},{"floor":13,"key":"Blood Vial"}],"event_choices":[{"damage_healed":0,"gold_gain":150,"player_choice":"AGREE","damage_taken":0,"max_hp_gain":0,"max_hp_loss":0,"event_name":"Liars Game","floor":3,"gold_loss":0,"cards_obtained":["Doubt"]},{"damage_healed":18,"gold_gain":0,"player_choice":"Healed and dodged fight","damage_taken":0,"max_hp_gain":0,"max_hp_loss":0,"event_name":"Mushrooms","floor":7,"gold_loss":0,"cards_obtained":["Parasite"]}],"is_beta":true,"boss_relics":[],"items_purged_floors":[4],"is_endless":false,"potions_floor_spawned":[5,11,14],"killed_by":"Slime Boss","ascension_level":19}