{"gold_per_floor":[118,135,95,112,124,155,155,180,180,193,205,205,231,258,258,258],"floor_reached":16,"playtime":1763,"items_purged":[],"score":139,"play_id":"2a47d8b0-1bd4-4d5e-9235-26bf1d4d7332","local_time":"20190313172503","daily_mods":["Diverse","Colorless Cards","DeadlyEvents"],"is_ascension_mode":true,"campfire_choices":[{"floor":7,"key":"REST"},{"floor":12,"key":"REST"},{"data":"Beam Cell","floor":15,"key":"SMITH"}],"neow_cost":"","seed_source_timestamp":0,"circlet_count":0,"master_deck":["Strike_R","Strike_R","Strike_R","Strike_R","Strike_R","Defend_R","Defend_R","Defend_R","Defend_R","Bash","Leap","Turbo","Acrobatics","Beam Cell+1","Steam","PiercingWail","Escape Plan","Clothesline","Conserve Battery+1"],"relics":["Burning Blood","Omamori","Regal Pillow","Strawberry","Toxic Egg 2","Molten Egg 2"],"potions_floor_usage":[5,10,13,14,14,16,16],"damage_taken":[{"damage":6,"enemies":"Cultist","floor":1,"turns":4},{"damage":2,"enemies":"2 Louse","floor":2,"turns":2},{"damage":4,"enemies":"Jaw Worm","floor":4,"turns":3},{"damage":29,"enemies":"Gremlin Gang","floor":5,"turns":7},{"damage":48,"enemies":"Gremlin Nob","floor":6,"turns":5},{"damage":26,"enemies":"Lagavulin","floor":8,"turns":8},{"damage":9,"enemies":"Blue Slaver","floor":10,"turns":4},{"damage":9,"enemies":"3 Louse","floor":11,"turns":5},{"damage":28,"enemies":"Gremlin Nob","floor":13,"turns":5},{"damage":29,"enemies":"3 Sentries","floor":14,"turns":12},{"damage":49,"enemies":"Slime Boss","floor":16,"turns":7}],"seed_played":"-291415388611103161","potions_obtained":[{"floor":1,"key":"BloodPotion"},{"floor":3,"key":"SneckoOil"},{"floor":3,"key":"SkillPotion"},{"floor":10,"key":"Ancient Potion"},{"floor":11,"key":"LiquidBronze"},{"floor":13,"key":"Regen Potion"},{"floor":14,"key":"GamblersBrew"}],"is_trial":true,"path_per_floor":["M","M","?","M","M","E","R","E","T","M","M","R","E","E","R","B"],"character_chosen":"IRONCLAD","items_purchased":[],"campfire_rested":2,"item_purchase_floors":[],"current_hp_per_floor":[80,80,80,80,57,15,39,19,26,31,28,69,47,39,39,0],"gold":258,"neow_bonus":"","is_prod":false,"is_daily":false,"chose_seed":false,"campfire_upgraded":1,"win_rate":0,"timestamp":1552494303,"path_taken":["M","M","?","M","M","E","R","E","T","M","M","R","?","E","R","BOSS"],"build_version":"2019-02-06","purchased_purges":0,"victory":false,"max_hp_per_floor":[80,80,80,80,80,80,80,80,87,87,87,87,87,87,87,87],"card_choices":[{"not_picked":["Reflex","Armaments"],"picked":"Leap","floor":1},{"not_picked":["Headbutt","Steam"],"picked":"Turbo","floor":2},{"not_picked":["Poisoned Stab","Underhanded Strike"],"picked":"Acrobatics","floor":4},{"not_picked":["Escape Plan","Coolheaded"],"picked":"Beam Cell","floor":5},{"not_picked":["Bouncing Flask","Blizzard"],"picked":"Steam","floor":6},{"not_picked":["Backstab","Slice"],"picked":"PiercingWail","floor":8},{"not_picked":["Thunder Strike","Accuracy"],"picked":"Escape Plan","floor":10},{"not_picked":["Poisoned Stab","Escape Plan"],"picked":"Clothesline","floor":11},{"not_picked":["Heatsinks","Hologram","Entrench"],"picked":"SKIP","floor":13},{"not_picked":["Power Through+1","Clash"],"picked":"Conserve Battery+1","floor":14}],"player_experience":239280,"relics_obtained":[{"floor":6,"key":"Omamori"},{"floor":8,"key":"Regal Pillow"},{"floor":9,"key":"Strawberry"},{"floor":13,"key":"Toxic Egg 2"},{"floor":14,"key":"Molten Egg 2"}],"event_choices":[{"damage_healed":0,"gold_gain":0,"player_choice":"Bought 3 Potions","damage_taken":0,"max_hp_gain":0,"max_hp_loss":0,"event_name":"The Woman in Blue","floor":3,"gold_loss":0}],"is_beta":true,"boss_relics":[],"items_purged_floors":[],"is_endless":false,"potions_floor_spawned":[1,10,11,13,14],"killed_by":"Slime Boss","ascension_level":1}