{"gold_per_floor":[111,122,137,157,177,205,205,232,232,232,307,307],"floor_reached":12,"playtime":705,"items_purged":[],"score":180,"play_id":"ec6294ef-a39e-44af-8709-26ed4f45d6ea","local_time":"20190515024017","is_ascension_mode":true,"campfire_choices":[{"data":"Armaments","floor":7,"key":"SMITH"},{"data":"Bash","floor":10,"key":"SMITH"}],"neow_cost":"NONE","seed_source_timestamp":1653862362237732,"circlet_count":0,"master_deck":["AscendersBane","Strike_R","Strike_R","Strike_R","Strike_R","Strike_R","Defend_R","Defend_R","Defend_R","Defend_R","Bash+1","Metallicize","Armaments+1","Ghostly Armor","Clothesline","Iron Wave","Rampage","Pommel Strike"],"relics":["Burning Blood","Self Forming Clay","Smiling Mask","Kunai"],"potions_floor_usage":[5,6],"damage_taken":[{"damage":4,"enemies":"Small Slimes","floor":1,"turns":4},{"damage":3,"enemies":"Cultist","floor":2,"turns":4},{"damage":0,"enemies":"2 Louse","floor":3,"turns":4},{"damage":4,"enemies":"Large Slime","floor":4,"turns":8},{"damage":17,"enemies":"Lots of Slimes","floor":5,"turns":5},{"damage":22,"enemies":"3 Sentries","floor":6,"turns":15},{"damage":20,"enemies":"Gremlin Nob","floor":8,"turns":5},{"damage":25,"enemies":"3 Sentries","floor":12,"turns":4}],"seed_played":"-7159788940772809118","potions_obtained":[{"floor":1,"key":"LiquidBronze"},{"floor":3,"key":"FearPotion"}],"is_trial":false,"path_per_floor":["M","M","M","M","M","E","R","E","T","R","?","E"],"character_chosen":"IRONCLAD","items_purchased":[],"campfire_rested":0,"item_purchase_floors":[],"current_hp_per_floor":[70,73,75,75,64,48,48,34,34,34,23,0],"gold":307,"neow_bonus":"THREE_CARDS","is_prod":false,"is_daily":false,"chose_seed":false,"campfire_upgraded":2,"win_rate":0,"timestamp":1557913217,"path_taken":["M","M","M","M","M","E","R","E","T","R","?","E"],"build_version":"2019-05-07","purchased_purges":0,"victory":false,"max_hp_per_floor":[75,75,75,75,75,75,75,75,75,75,75,75],"card_choices":[{"not_picked":["Heavy Blade","Clash"],"picked":"Metallicize","floor":0},{"not_picked":["Blood for Blood","Warcry"],"picked":"Armaments","floor":1},{"not_picked":["Clash","Rupture"],"picked":"Ghostly Armor","floor":2},{"not_picked":["Infernal Blade","Headbutt"],"picked":"Clothesline","floor":3},{"not_picked":["Burning Pact","Shockwave"],"picked":"Iron Wave","floor":4},{"not_picked":["Twin Strike","Warcry","Clash"],"picked":"SKIP","floor":5},{"not_picked":["Seeing Red","Flex"],"picked":"Rampage","floor":6},{"not_picked":["Thunderclap","Clash"],"picked":"Pommel Strike","floor":8}],"player_experience":1254637,"relics_obtained":[{"floor":6,"key":"Self Forming Clay"},{"floor":8,"key":"Smiling Mask"},{"floor":9,"key":"Kunai"}],"event_choices":[{"damage_healed":0,"gold_gain":75,"player_choice":"Gather Gold","damage_taken":11,"max_hp_gain":0,"max_hp_loss":0,"event_name":"World of Goop","floor":11,"gold_loss":0}],"is_beta":true,"boss_relics":[],"items_purged_floors":[],"is_endless":false,"potions_floor_spawned":[1,3,4],"killed_by":"3 Sentries","ascension_level":20}