{"gold_per_floor":[117,117,117,130,28,28,48,81,81,81,99,29,50,68,68,68],"floor_reached":16,"playtime":972,"items_purged":["Strike_R"],"score":199,"play_id":"e39e79ed-e5a6-49e6-90d1-056a08f87959","local_time":"20190318202401","is_ascension_mode":true,"campfire_choices":[{"data":"Bash","floor":6,"key":"SMITH"},{"floor":10,"key":"REST"},{"data":"Armaments","floor":15,"key":"SMITH"}],"neow_cost":"NONE","seed_source_timestamp":112901995153731,"circlet_count":0,"master_deck":["AscendersBane","Strike_R","Strike_R","Strike_R","Strike_R","Defend_R","Defend_R","Defend_R","Defend_R","Bash+1","Disarm","Armaments+1","True Grit","Anger","Power Through","Clothesline","Battle Trance","Disarm"],"relics":["Burning Blood","NeowsBlessing","Golden Idol","The Courier","Bronze Scales","Pear"],"potions_floor_usage":[8,16,16],"damage_taken":[{"damage":0,"enemies":"Small Slimes","floor":1,"turns":1},{"damage":0,"enemies":"Jaw Worm","floor":4,"turns":1},{"damage":0,"enemies":"Cultist","floor":7,"turns":1},{"damage":27,"enemies":"Lagavulin","floor":8,"turns":8},{"damage":4,"enemies":"2 Fungi Beasts","floor":11,"turns":5},{"damage":5,"enemies":"Exordium Wildlife","floor":13,"turns":4},{"damage":3,"enemies":"Looter","floor":14,"turns":4},{"damage":69,"enemies":"Slime Boss","floor":16,"turns":13}],"seed_played":"-8579050326837625617","potions_obtained":[{"floor":1,"key":"Ancient Potion"},{"floor":4,"key":"Strength Potion"},{"floor":11,"key":"Ancient Potion"}],"is_trial":false,"path_per_floor":["M","?","?","M","$","R","M","E","T","R","M","$","M","M","R","B"],"character_chosen":"IRONCLAD","items_purchased":["True Grit","Battle Trance"],"campfire_rested":1,"item_purchase_floors":[5,12],"current_hp_per_floor":[74,48,37,43,43,43,49,28,38,63,65,65,66,69,69,0],"gold":68,"neow_bonus":"THREE_ENEMY_KILL","is_prod":false,"is_daily":false,"chose_seed":false,"campfire_upgraded":2,"win_rate":0,"timestamp":1552937041,"path_taken":["M","?","?","M","$","R","M","E","T","R","M","?","?","M","R","BOSS"],"build_version":"2019-03-15","purchased_purges":1,"victory":false,"max_hp_per_floor":[75,75,75,75,75,75,75,75,85,85,85,85,85,85,85,85],"card_choices":[{"not_picked":["Perfected Strike","Twin Strike"],"picked":"Disarm","floor":1},{"not_picked":["Entrench","Havoc"],"picked":"Armaments","floor":4},{"not_picked":["Armaments","Blood for Blood"],"picked":"Anger","floor":7},{"not_picked":["Dropkick","Sword Boomerang"],"picked":"Power Through","floor":8},{"not_picked":["Cleave","Havoc"],"picked":"Clothesline","floor":11},{"not_picked":["Iron Wave","Evolve"],"picked":"Disarm","floor":13},{"not_picked":["Body Slam","Feel No Pain","Flex"],"picked":"SKIP","floor":14}],"player_experience":313901,"relics_obtained":[{"floor":8,"key":"Bronze Scales"},{"floor":9,"key":"Pear"}],"event_choices":[{"damage_healed":0,"gold_gain":0,"player_choice":"Take Damage","damage_taken":26,"relics_obtained":["Golden Idol"],"max_hp_gain":0,"max_hp_loss":0,"event_name":"Golden Idol","floor":2,"gold_loss":0},{"damage_healed":0,"gold_gain":0,"player_choice":"Success","damage_taken":11,"relics_obtained":["The Courier"],"max_hp_gain":0,"max_hp_loss":0,"event_name":"Scrap Ooze","floor":3,"gold_loss":0}],"is_beta":true,"boss_relics":[],"items_purged_floors":[5],"is_endless":false,"potions_floor_spawned":[1,4,11],"killed_by":"Slime Boss","ascension_level":19}