{"gold_per_floor":[110,127,127,52,64,64,75,100,100,115,134,161,161,181,181,281,281,294,261,16,36,36,36,46,46,46,46,79,89,100,133,133,231,231,242,242,253,269,269,295,41,41,41,41,52,52,69,84,84,84],"floor_reached":51,"playtime":3494,"items_purged":["Strike_R","Strike_R"],"score":768,"play_id":"d658ee35-8100-455f-92c8-e65a101f6103","local_time":"20190319183626","is_ascension_mode":true,"campfire_choices":[{"data":"Bash","floor":6,"key":"SMITH"},{"data":"Armaments","floor":15,"key":"SMITH"},{"data":"Flame Barrier","floor":23,"key":"SMITH"},{"data":"Inflame","floor":25,"key":"SMITH"},{"floor":27,"key":"DIG"},{"data":"Shrug It Off","floor":32,"key":"SMITH"},{"floor":42,"key":"DIG"},{"floor":44,"key":"DIG"},{"floor":46,"key":"DIG"},{"floor":49,"key":"DIG"}],"neow_cost":"NONE","seed_source_timestamp":190315493420061,"circlet_count":0,"master_deck":["Strike_R","Strike_R","Defend_R","Defend_R","Defend_R","Defend_R","Bash+1","Clothesline","Armaments+1","Headbutt","Disarm","Havoc","Impervious","Shrug It Off+1","Flame Barrier+1","Spot Weakness","Inflame+1","Clothesline+1","Shrug It Off","Pummel+1","Infernal Blade+1","Barricade","Mayhem","Corruption","Body Slam+1","Offering","Inflame+1","Heavy Blade+1","Entrench+1"],"relics":["Black Blood","Shovel","Bird Faced Urn","Calipers","Pen Nib","Orichalcum","Potion Belt","Bag of Marbles","Omamori","Fusion Hammer","Kunai","Shuriken","Peace Pipe","Molten Egg 2","Nunchaku","Smiling Mask","Happy Flower"],"potions_floor_usage":[8,12,12,16,16,16,28,30,31,33,33,45,50,50,50,50],"damage_taken":[{"damage":0,"enemies":"Small Slimes","floor":1,"turns":3},{"damage":1,"enemies":"Cultist","floor":2,"turns":4},{"damage":0,"enemies":"2 Louse","floor":5,"turns":3},{"damage":7,"enemies":"Exordium Thugs","floor":7,"turns":7},{"damage":26,"enemies":"Lagavulin","floor":8,"turns":4},{"damage":4,"enemies":"Red Slaver","floor":10,"turns":5},{"damage":18,"enemies":"Large Slime","floor":11,"turns":7},{"damage":25,"enemies":"Gremlin Nob","floor":12,"turns":5},{"damage":5,"enemies":"Looter","floor":14,"turns":3},{"damage":26,"enemies":"The Guardian","floor":16,"turns":8},{"damage":5,"enemies":"Chosen","floor":18,"turns":7},{"damage":20,"enemies":"2 Thieves","floor":19,"turns":5},{"damage":16,"enemies":"Shelled Parasite and Fungi","floor":21,"turns":9},{"damage":4,"enemies":"Snecko","floor":24,"turns":4},{"damage":13,"enemies":"Gremlin Leader","floor":28,"turns":7},{"damage":17,"enemies":"Chosen and Byrds","floor":29,"turns":7},{"damage":14,"enemies":"Shelled Parasite and Fungi","floor":30,"turns":5},{"damage":11,"enemies":"Book of Stabbing","floor":31,"turns":4},{"damage":70,"enemies":"Collector","floor":33,"turns":14},{"damage":15,"enemies":"3 Darklings","floor":35,"turns":6},{"damage":1,"enemies":"Orb Walker","floor":37,"turns":3},{"damage":34,"enemies":"Spire Growth","floor":38,"turns":6},{"damage":21,"enemies":"Nemesis","floor":40,"turns":11},{"damage":7,"enemies":"Transient","floor":45,"turns":5},{"damage":6,"enemies":"Maw","floor":47,"turns":6},{"damage":0,"enemies":"3 Darklings","floor":48,"turns":1},{"damage":61,"enemies":"Awakened One","floor":50,"turns":9}],"seed_played":"8161651583456316496","potions_obtained":[{"floor":0,"key":"Dexterity Potion"},{"floor":0,"key":"FearPotion"},{"floor":0,"key":"Regen Potion"},{"floor":5,"key":"Strength Potion"},{"floor":11,"key":"Fruit Juice"},{"floor":14,"key":"EntropicBrew"},{"floor":16,"key":"PowerPotion"},{"floor":24,"key":"SteroidPotion"},{"floor":29,"key":"Swift Potion"},{"floor":30,"key":"SkillPotion"},{"floor":33,"key":"Ancient Potion"},{"floor":38,"key":"Explosive Potion"},{"floor":40,"key":"LiquidBronze"},{"floor":47,"key":"PowerPotion"},{"floor":48,"key":"Ancient Potion"}],"is_trial":false,"path_per_floor":["M","M","?","$","M","R","M","E","T","M","M","E","?","M","R","B",null,"M","M","$","M","?","R","M","R","T","R","E","M","M","E","R","B",null,"M","?","M","M","?","E","$","R","T","R","M","R","M","M","R","B",null],"character_chosen":"IRONCLAD","items_purchased":["Spot Weakness","Inflame","Shuriken"],"campfire_rested":0,"item_purchase_floors":[20,20,41],"current_hp_per_floor":[80,80,80,80,80,80,79,59,59,61,49,47,47,48,48,30,85,85,75,75,71,71,71,79,79,79,79,78,73,71,72,72,14,85,80,80,85,65,65,62,62,62,62,62,69,69,83,85,85,44],"gold":84,"neow_bonus":"THREE_SMALL_POTIONS","is_prod":false,"is_daily":false,"chose_seed":false,"campfire_upgraded":5,"win_rate":0,"timestamp":1553016986,"path_taken":["M","M","?","$","M","R","M","E","T","M","?","E","?","M","R","BOSS","M","M","$","M","?","R","M","R","T","R","E","?","M","E","R","BOSS","M","?","M","M","?","E","$","R","T","R","M","R","M","M","R","BOSS"],"build_version":"2019-03-15","purchased_purges":2,"victory":true,"max_hp_per_floor":[80,80,80,80,80,80,80,80,80,80,80,85,85,85,85,85,85,85,85,85,85,85,85,85,85,85,85,85,85,85,85,85,85,85,85,85,85,85,85,85,85,85,85,85,85,85,85,85,85,85],"card_choices":[{"not_picked":["Power Through","Iron Wave"],"picked":"Clothesline","floor":1},{"not_picked":["Feel No Pain","Dual Wield","Twin Strike"],"picked":"SKIP","floor":2},{"not_picked":["Thunderclap","Infernal Blade"],"picked":"Armaments","floor":5},{"not_picked":["Heavy Blade","Pommel Strike"],"picked":"Headbutt","floor":7},{"not_picked":["Armaments","Thunderclap"],"picked":"Disarm","floor":8},{"not_picked":["Entrench","Reckless Charge","Heavy Blade"],"picked":"SKIP","floor":10},{"not_picked":["Armaments","Clothesline"],"picked":"Havoc","floor":11},{"not_picked":["Corruption","Feel No Pain"],"picked":"Anger","floor":12},{"not_picked":["Armaments","Clothesline","Corruption"],"picked":"SKIP","floor":14},{"not_picked":["Juggernaut","Double Tap"],"picked":"Impervious","floor":16},{"not_picked":["Dual Wield","Fire Breathing"],"picked":"Shrug It Off","floor":18},{"not_picked":["Warcry","Sword Boomerang+1"],"picked":"Flame Barrier","floor":19},{"not_picked":["Perfected Strike","Headbutt+1"],"picked":"Clothesline+1","floor":21},{"not_picked":["Clothesline","Iron Wave"],"picked":"Shrug It Off","floor":24},{"not_picked":["Pommel Strike","Cleave"],"picked":"Pummel+1","floor":28},{"not_picked":["Wild Strike","Rupture"],"picked":"Infernal Blade+1","floor":29},{"not_picked":["Bloodletting","Second Wind","Thunderclap"],"picked":"SKIP","floor":30},{"not_picked":["Havoc","Clash","Power Through"],"picked":"SKIP","floor":31},{"not_picked":["Berserk","Brutality"],"picked":"Barricade","floor":33},{"not_picked":["Shrug It Off","Perfected Strike","Ghostly Armor"],"picked":"SKIP","floor":35},{"not_picked":["Jack Of All Trades","Impatience"],"picked":"Mayhem","floor":36},{"not_picked":["Warcry+1","Feel No Pain"],"picked":"Corruption","floor":37},{"not_picked":["Flex","Anger+1"],"picked":"Body Slam+1","floor":38},{"not_picked":["Spot Weakness","Sword Boomerang+1"],"picked":"Offering","floor":40},{"not_picked":["Anger+1","Body Slam+1"],"picked":"Inflame+1","floor":45},{"not_picked":["Iron Wave+1","Wild Strike+1"],"picked":"Heavy Blade+1","floor":47},{"not_picked":["Feel No Pain+1","Headbutt+1"],"picked":"Entrench+1","floor":48}],"player_experience":324999,"relics_obtained":[{"floor":8,"key":"Shovel"},{"floor":9,"key":"Bird Faced Urn"},{"floor":12,"key":"Calipers"},{"floor":26,"key":"Orichalcum"},{"floor":27,"key":"Potion Belt"},{"floor":28,"key":"Bag of Marbles"},{"floor":31,"key":"Omamori"},{"floor":40,"key":"Kunai"},{"floor":42,"key":"Peace Pipe"},{"floor":43,"key":"Molten Egg 2"},{"floor":44,"key":"Nunchaku"},{"floor":46,"key":"Smiling Mask"},{"floor":49,"key":"Happy Flower"}],"event_choices":[{"cards_removed":["Strike_R"],"damage_healed":0,"gold_gain":0,"player_choice":"Purged","damage_taken":0,"max_hp_gain":0,"max_hp_loss":0,"event_name":"Purifier","floor":3,"gold_loss":0},{"damage_healed":0,"gold_gain":0,"player_choice":"Ignored","damage_taken":0,"max_hp_gain":0,"max_hp_loss":0,"event_name":"NoteForYourself","floor":13,"gold_loss":0},{"damage_healed":0,"gold_gain":0,"player_choice":"Gave Potion","damage_taken":0,"relics_obtained":["Pen Nib"],"max_hp_gain":0,"max_hp_loss":0,"event_name":"WeMeetAgain","floor":22,"gold_loss":0},{"damage_healed":0,"gold_gain":0,"player_choice":"Memory 1","damage_taken":0,"max_hp_gain":0,"max_hp_loss":0,"event_name":"SensoryStone","floor":36,"gold_loss":0},{"cards_removed":["Anger"],"damage_healed":0,"gold_gain":0,"player_choice":"Purged","damage_taken":0,"max_hp_gain":0,"max_hp_loss":0,"event_name":"Purifier","floor":39,"gold_loss":0}],"is_beta":true,"boss_relics":[{"not_picked":["Busted Crown","Calling Bell"],"picked":"Black Blood"},{"not_picked":["Eternal Feather","Astrolabe"],"picked":"Fusion Hammer"}],"items_purged_floors":[4,20],"is_endless":false,"potions_floor_spawned":[2,5,11,14,16,24,29,30,33,38,40,47,48],"ascension_level":1}