{"gold_per_floor":[219,394,413,5,5,35,49,80,128,144,144,174,174,192,192,291,291,303,314,332,357,357,389,407,322,322,337,337,38,38,49,49,152,152,162,176,176,229,239,239,268,280,292,320,357,369,433,445,457,469],"floor_reached":51,"playtime":4002,"items_purged":["Doubt","Strike_B"],"score":956,"play_id":"b68c15c5-8f1d-4b2c-ade0-e9fb00d6a026","local_time":"20190429223500","is_ascension_mode":true,"campfire_choices":[{"floor":11,"key":"REST"},{"data":"Zap","floor":13,"key":"SMITH"},{"data":"Hologram","floor":15,"key":"SMITH"},{"data":"Coolheaded","floor":28,"key":"SMITH"},{"data":"Capacitor","floor":30,"key":"SMITH"},{"floor":32,"key":"DIG"},{"floor":40,"key":"DIG"},{"data":"Defragment","floor":46,"key":"SMITH"},{"floor":49,"key":"REST"}],"neow_cost":"NONE","seed_source_timestamp":120067204582083,"circlet_count":0,"master_deck":["Strike_B","Strike_B","Defend_B","Defend_B","Zap+1","Dualcast","Cold Snap","Leap","Defragment+1","Cold Snap","Chill","Barrage","Beam Cell","Hologram+1","Self Repair","Echo Form","Steam+1","Conserve Battery+1","Coolheaded+1","Darkness","Capacitor+1","Turbo","Seek","Melter+1","Creative AI+1","Double Energy+1","Skim+1","Ball Lightning+1","Defragment+1","Leap+1"],"relics":["Cracked Core","Happy Flower","Singing Bowl","Bag of Marbles","Pen Nib","Meat on the Bone","Sozu","Red Mask","Bronze Scales","Smiling Mask","Shovel","PreservedInsect","Blue Candle","Astrolabe","Lantern","Gremlin Horn","MawBank","Bottled Tornado","Juzu Bracelet","Dead Branch"],"potions_floor_usage":[6,8,23,23,45],"damage_taken":[{"damage":0,"enemies":"Small Slimes","floor":1,"turns":2},{"damage":7,"enemies":"2 Louse","floor":3,"turns":2},{"damage":27,"enemies":"3 Sentries","floor":6,"turns":7},{"damage":0,"enemies":"Cultist","floor":7,"turns":3},{"damage":18,"enemies":"Gremlin Nob","floor":8,"turns":5},{"damage":0,"enemies":"Exordium Wildlife","floor":10,"turns":4},{"damage":7,"enemies":"3 Sentries","floor":12,"turns":6},{"damage":0,"enemies":"Large Slime","floor":14,"turns":3},{"damage":3,"enemies":"The Guardian","floor":16,"turns":12},{"damage":3,"enemies":"3 Byrds","floor":18,"turns":5},{"damage":3,"enemies":"Shell Parasite","floor":19,"turns":6},{"damage":7,"enemies":"Snake Plant","floor":20,"turns":5},{"damage":5,"enemies":"Masked Bandits","floor":21,"turns":6},{"damage":20,"enemies":"Book of Stabbing","floor":23,"turns":7},{"damage":10,"enemies":"3 Cultists","floor":24,"turns":7},{"damage":25,"enemies":"Cultist and Chosen","floor":27,"turns":8},{"damage":1,"enemies":"Snecko","floor":31,"turns":5},{"damage":22,"enemies":"Automaton","floor":33,"turns":10},{"damage":25,"enemies":"3 Shapes","floor":35,"turns":5},{"damage":12,"enemies":"Orb Walker","floor":36,"turns":4},{"damage":9,"enemies":"Sphere and 2 Shapes","floor":39,"turns":4},{"damage":0,"enemies":"Giant Head","floor":41,"turns":8},{"damage":43,"enemies":"Transient","floor":44,"turns":5},{"damage":0,"enemies":"Nemesis","floor":45,"turns":7},{"damage":60,"enemies":"2 Orb Walkers","floor":47,"turns":5},{"damage":12,"enemies":"Time Eater","floor":50,"turns":8}],"seed_played":"-3811534089153530679","potions_obtained":[{"floor":3,"key":"Poison Potion"},{"floor":10,"key":"Swift Potion"},{"floor":12,"key":"Fire Potion"},{"floor":16,"key":"GamblersBrew"}],"is_trial":false,"path_per_floor":["M","?","M","$","?","E","M","E","T","M","R","E","R","M","R","B",null,"M","M","M","?","?","E","M","?","T","M","R","$","R","M","R","B",null,"M","M","?","T","M","R","E","?","T","M","E","R","?","?","R","B",null],"character_chosen":"DEFECT","items_purchased":["Defragment","Happy Flower","Cold Snap","PowerPotion","Capacitor","PreservedInsect","Turbo"],"campfire_rested":2,"item_purchase_floors":[4,4,4,4,29,29,29],"current_hp_per_floor":[75,75,68,68,68,41,43,25,25,25,48,41,41,41,41,57,72,77,74,76,71,56,48,59,59,59,60,60,60,60,61,61,65,82,66,56,56,56,61,61,68,68,68,39,65,65,31,31,57,59],"gold":481,"neow_bonus":"HUNDRED_GOLD","is_prod":false,"is_daily":false,"chose_seed":false,"campfire_upgraded":5,"win_rate":0,"timestamp":1556570100,"path_taken":["M","?","M","$","?","E","M","E","T","?","R","E","R","M","R","BOSS","M","M","M","?","?","E","M","?","T","M","R","$","R","M","R","BOSS","M","M","?","?","?","R","E","?","T","M","E","R","?","?","R","BOSS"],"build_version":"2019-04-23","purchased_purges":2,"victory":true,"max_hp_per_floor":[75,75,75,75,75,75,77,77,77,77,77,77,77,77,77,77,77,77,77,79,79,84,84,86,86,86,86,86,86,86,88,88,88,88,90,92,92,92,92,92,92,87,87,89,89,89,89,89,89,89],"card_choices":[{"not_picked":["Turbo","Fusion"],"picked":"Cold Snap","floor":1},{"not_picked":["Storm","Beam Cell"],"picked":"Leap","floor":3},{"not_picked":["Beam Cell","Fusion"],"picked":"Chill","floor":6},{"not_picked":["Hyperbeam","BootSequence","Rebound"],"picked":"Singing Bowl","floor":7},{"not_picked":["Hologram","Turbo"],"picked":"Barrage","floor":8},{"not_picked":["Turbo","Tempest"],"picked":"Beam Cell","floor":10},{"not_picked":["Go for the Eyes","Double Energy"],"picked":"Hologram","floor":12},{"not_picked":["Steam","Auto Shields"],"picked":"Self Repair","floor":14},{"not_picked":["Thunder Strike","Core Surge"],"picked":"Echo Form","floor":16},{"not_picked":["Leap","BootSequence"],"picked":"Steam+1","floor":18},{"not_picked":["Streamline","Steam"],"picked":"Conserve Battery+1","floor":19},{"not_picked":["Lockon","Conserve Battery","Steam Power"],"picked":"Singing Bowl","floor":20},{"not_picked":["Stack+1","Sweeping Beam"],"picked":"Coolheaded","floor":21},{"not_picked":["Leap","Self Repair"],"picked":"Darkness","floor":23},{"not_picked":["Lockon","Storm","Cold Snap"],"picked":"Singing Bowl","floor":24},{"not_picked":["Steam+1","Rebound+1"],"picked":"Blizzard+1","floor":27},{"not_picked":["Go for the Eyes","Stack","All For One"],"picked":"Singing Bowl","floor":31},{"not_picked":["All For One","Meteor Strike"],"picked":"Seek","floor":33},{"not_picked":["Beam Cell+1","Go for the Eyes+1","Stack"],"picked":"Singing Bowl","floor":35},{"not_picked":["Sunder","Streamline","Steam Power"],"picked":"Singing Bowl","floor":36},{"not_picked":["Ball Lightning+1","Go for the Eyes+1"],"picked":"Skim+1","floor":39},{"not_picked":["Lockon","Double Energy"],"picked":"Ball Lightning+1","floor":41},{"not_picked":["Lockon+1","Gash+1","Darkness"],"picked":"Singing Bowl","floor":44},{"not_picked":["Fission","Streamline"],"picked":"Defragment","floor":45},{"not_picked":["Barrage","Rebound+1"],"picked":"Leap+1","floor":47}],"player_experience":514225,"relics_obtained":[{"floor":6,"key":"Singing Bowl"},{"floor":8,"key":"Bag of Marbles"},{"floor":9,"key":"Pen Nib"},{"floor":12,"key":"Meat on the Bone"},{"floor":21,"key":"Red Mask"},{"floor":23,"key":"Bronze Scales"},{"floor":26,"key":"Shovel"},{"floor":32,"key":"Blue Candle"},{"floor":38,"key":"Lantern"},{"floor":40,"key":"Gremlin Horn"},{"floor":41,"key":"MawBank"},{"floor":43,"key":"Bottled Tornado"},{"floor":45,"key":"Juzu Bracelet"},{"floor":47,"key":"Dead Branch"}],"event_choices":[{"damage_healed":0,"gold_gain":175,"player_choice":"AGREE","damage_taken":0,"max_hp_gain":0,"max_hp_loss":0,"event_name":"Liars Game","floor":2,"gold_loss":0,"cards_obtained":["Doubt"]},{"damage_healed":0,"gold_gain":0,"player_choice":"Upgraded","damage_taken":0,"max_hp_gain":0,"max_hp_loss":0,"event_name":"Upgrade Shrine","floor":5,"gold_loss":0,"cards_upgraded":["Defragment"]},{"damage_healed":0,"gold_gain":0,"player_choice":"Fought Bandits","damage_taken":0,"max_hp_gain":0,"max_hp_loss":0,"event_name":"Masked Bandits","floor":21,"gold_loss":0},{"damage_healed":0,"gold_gain":0,"player_choice":"Shed Blood","damage_taken":20,"max_hp_gain":5,"max_hp_loss":0,"event_name":"Forgotten Altar","floor":22,"gold_loss":0},{"damage_healed":0,"gold_gain":0,"player_choice":"Obtained Relic","damage_taken":0,"relics_obtained":["Smiling Mask"],"max_hp_gain":0,"max_hp_loss":0,"event_name":"Addict","floor":25,"gold_loss":85},{"damage_healed":0,"gold_gain":0,"player_choice":"Ignored","damage_taken":0,"max_hp_gain":0,"max_hp_loss":0,"event_name":"Tomb of Lord Red Mask","floor":37,"gold_loss":0},{"damage_healed":0,"gold_gain":0,"player_choice":"Max HP","damage_taken":0,"max_hp_gain":0,"max_hp_loss":5,"event_name":"Winding Halls","floor":42,"gold_loss":0},{"damage_healed":0,"gold_gain":0,"player_choice":"Fight","damage_taken":0,"max_hp_gain":0,"max_hp_loss":0,"event_name":"Mysterious Sphere","floor":47,"gold_loss":0},{"cards_removed":["Blizzard"],"damage_healed":0,"gold_gain":0,"player_choice":"Removed Attack","damage_taken":0,"max_hp_gain":0,"max_hp_loss":0,"event_name":"Falling","floor":48,"gold_loss":0}],"is_beta":true,"boss_relics":[{"not_picked":["Runic Dome","Fusion Hammer"],"picked":"Sozu"},{"not_picked":["Cursed Key","Tiny House"],"picked":"Astrolabe"}],"items_purged_floors":[4,29],"is_endless":false,"potions_floor_spawned":[3,10,12,16,18,24,31,33,35,36,39],"ascension_level":5}