{"gold_per_floor":[119,137,154,154,170,170,345,345,345,362,390,390,400,431,431,527,527,543,561,24,43,43,43,43,43,43,74,74,88,102,132,132,233,233,245,245,245,257,269,269,296,296,351,77,0,20,120,146,146,146],"floor_reached":51,"playtime":3779,"items_purged":["Strike_G"],"score":818,"play_id":"25bd297b-44d6-445e-9231-bbd9d7bf2068","local_time":"20181111150215","is_ascension_mode":true,"campfire_choices":[{"data":"Quick Slash","floor":6,"key":"SMITH"},{"data":"Poisoned Stab","floor":8,"key":"SMITH"},{"floor":12,"key":"REST"},{"data":"Deadly Poison","floor":15,"key":"SMITH"},{"data":"Backflip","floor":23,"key":"SMITH"},{"data":"Caltrops","floor":25,"key":"SMITH"},{"data":"Acrobatics","floor":28,"key":"SMITH"},{"data":"A Thousand Cuts","floor":32,"key":"SMITH"},{"floor":40,"key":"REST"},{"floor":42,"key":"REST"},{"floor":49,"key":"REST"}],"neow_cost":"NONE","seed_source_timestamp":800552579037310,"circlet_count":0,"master_deck":["Defend_G","Defend_G","Defend_G","Defend_G","Defend_G","Strike_G+1","Strike_G","Strike_G+1","Survivor","Neutralize+1","Quick Slash+1","Dagger Throw","Prepared","Poisoned Stab+1","Deadly Poison+1","PiercingWail","Masterful Stab+1","A Thousand Cuts+1","Eviscerate+1","Catalyst+1","Acrobatics+1","Caltrops+1","Crippling Poison","Underhanded Strike+1","Swift Strike+1","Dash+1","Backflip+1","Burst","Flying Knee+1","Caltrops+1","After Image","Sucker Punch+1","Madness","Madness","Footwork","Backflip+1","Noxious Fumes","Prepared+1","Leg Sweep+1","Outmaneuver+1"],"relics":["Ring of the Snake","Ninja Scroll","Molten Egg 2","Gambling Chip","WristBlade","Pen Nib","Oddly Smooth Stone","Ancient Tea Set","Gremlin Horn","Sozu","Mummified Hand","Strawberry","Lee\u0027s Waffle","Red Mask","Shovel","Whetstone"],"potions_floor_usage":[11,14,16,27,33,33,50],"damage_taken":[{"damage":0,"enemies":"2 Louse","floor":1,"turns":3},{"damage":0,"enemies":"Small Slimes","floor":2,"turns":4},{"damage":0,"enemies":"Cultist","floor":3,"turns":3},{"damage":1,"enemies":"Exordium Thugs","floor":5,"turns":5},{"damage":2,"enemies":"Large Slime","floor":10,"turns":5},{"damage":14,"enemies":"3 Sentries","floor":11,"turns":7},{"damage":0,"enemies":"Blue Slaver","floor":13,"turns":3},{"damage":0,"enemies":"Gremlin Nob","floor":14,"turns":2},{"damage":22,"enemies":"Hexaghost","floor":16,"turns":8},{"damage":0,"enemies":"Spheric Guardian","floor":18,"turns":1},{"damage":5,"enemies":"Shell Parasite","floor":19,"turns":2},{"damage":0,"enemies":"Chosen and Byrds","floor":21,"turns":4},{"damage":12,"enemies":"Slavers","floor":27,"turns":4},{"damage":0,"enemies":"Snake Plant","floor":29,"turns":2},{"damage":0,"enemies":"Snecko","floor":30,"turns":2},{"damage":0,"enemies":"Gremlin Leader","floor":31,"turns":4},{"damage":23,"enemies":"Automaton","floor":33,"turns":5},{"damage":0,"enemies":"3 Shapes","floor":35,"turns":1},{"damage":4,"enemies":"3 Darklings","floor":38,"turns":4},{"damage":42,"enemies":"Writhing Mass","floor":39,"turns":3},{"damage":19,"enemies":"Giant Head","floor":41,"turns":7},{"damage":0,"enemies":"Sphere and 2 Shapes","floor":46,"turns":3},{"damage":36,"enemies":"Mind Bloom Boss Battle","floor":47,"turns":5},{"damage":6,"enemies":"Nemesis","floor":48,"turns":5},{"damage":31,"enemies":"Donu and Deca","floor":50,"turns":9}],"seed_played":"3955361054128838065","potions_obtained":[{"floor":1,"key":"Explosive Potion"},{"floor":3,"key":"EssenceOfSteel"},{"floor":10,"key":"PowerPotion"},{"floor":13,"key":"Fire Potion"},{"floor":18,"key":"Poison Potion"},{"floor":21,"key":"GamblersBrew"},{"floor":31,"key":"SkillPotion"}],"is_trial":false,"path_per_floor":["M","M","M","?","M","R","?","R","T","M","E","R","M","E","R","B",null,"M","M","$","M","?","R","?","R","T","E","R","M","M","E","R","B",null,"M","?","?","M","M","R","E","R","T","$","?","M","?","E","R","B",null],"character_chosen":"THE_SILENT","items_purchased":["Acrobatics","Caltrops","Pen Nib","Crippling Poison","Underhanded Strike+1","Swift Strike+1","Lee\u0027s Waffle","Noxious Fumes"],"campfire_rested":4,"item_purchase_floors":[20,20,20,20,20,20,44,44],"current_hp_per_floor":[70,70,70,63,62,62,62,62,62,60,46,67,67,67,67,45,70,70,65,65,65,65,65,65,65,65,53,53,53,53,53,53,30,70,70,61,61,57,15,36,17,38,45,84,84,84,48,42,67,36],"gold":146,"neow_bonus":"UPGRADE_CARD","is_prod":false,"is_daily":false,"chose_seed":false,"campfire_upgraded":7,"win_rate":0,"timestamp":1541944935,"path_taken":["M","M","M","?","M","R","?","R","T","M","E","R","M","E","R","BOSS","M","M","$","M","?","R","?","R","T","E","R","?","M","E","R","BOSS","M","?","?","M","M","R","E","R","T","$","?","M","?","E","R","BOSS"],"build_version":"2018-11-08","purchased_purges":1,"victory":true,"max_hp_per_floor":[70,70,70,70,70,70,70,70,70,70,70,70,70,70,70,70,70,70,70,70,70,70,70,70,70,70,70,70,70,70,70,70,70,70,70,70,70,70,70,70,70,70,77,84,84,84,84,84,84,84],"card_choices":[{"not_picked":["Masterful Stab","Skewer"],"picked":"Quick Slash","floor":1},{"not_picked":["Underhanded Strike","Bane"],"picked":"Dagger Throw","floor":2},{"not_picked":["Deflect","Bane"],"picked":"Prepared","floor":3},{"not_picked":["Bane","Outmaneuver"],"picked":"Poisoned Stab","floor":5},{"not_picked":["Skewer","Prepared"],"picked":"Deadly Poison","floor":10},{"not_picked":["Distraction","Escape Plan"],"picked":"PiercingWail","floor":11},{"not_picked":["Expertise","Reflex"],"picked":"Masterful Stab+1","floor":13},{"not_picked":["Heel Hook+1","Quick Slash+1"],"picked":"Bane+1","floor":14},{"not_picked":["Night Terror","Doppelganger"],"picked":"A Thousand Cuts","floor":16},{"not_picked":["PiercingWail","Masterful Stab+1"],"picked":"Eviscerate+1","floor":18},{"not_picked":["Blade Dance+1","Underhanded Strike+1"],"picked":"Catalyst+1","floor":19},{"not_picked":["Acrobatics","Dagger Spray+1"],"picked":"Dash+1","floor":21},{"not_picked":["Dagger Throw+1","Skewer+1"],"picked":"Burst","floor":27},{"not_picked":["Choke+1","Catalyst"],"picked":"Flying Knee+1","floor":29},{"not_picked":["Masterful Stab+1","Outmaneuver+1"],"picked":"Caltrops+1","floor":30},{"not_picked":["Night Terror","Underhanded Strike+1","Bane+1"],"picked":"SKIP","floor":31},{"not_picked":["Doppelganger","Tools of the Trade"],"picked":"After Image","floor":33},{"not_picked":["Deadly Poison","Riddle With Holes+1"],"picked":"Sucker Punch+1","floor":35},{"not_picked":["Expertise+1","Sucker Punch+1"],"picked":"Footwork","floor":38},{"not_picked":["Expertise+1","Underhanded Strike+1","Poisoned Stab+1"],"picked":"SKIP","floor":39},{"not_picked":["Underhanded Strike+1","Night Terror"],"picked":"Backflip+1","floor":41},{"not_picked":["Backflip","Blade Dance+1"],"picked":"Prepared+1","floor":46},{"not_picked":["Infinite Blades","Tactician"],"picked":"Leg Sweep+1","floor":47},{"not_picked":["Venomology","Caltrops"],"picked":"Outmaneuver+1","floor":48}],"player_experience":85977,"relics_obtained":[{"floor":9,"key":"Ninja Scroll"},{"floor":11,"key":"Molten Egg 2"},{"floor":14,"key":"Gambling Chip"},{"floor":26,"key":"Oddly Smooth Stone"},{"floor":27,"key":"Ancient Tea Set"},{"floor":31,"key":"Gremlin Horn"},{"floor":41,"key":"Mummified Hand"},{"floor":43,"key":"Strawberry"},{"floor":47,"key":"Shovel"},{"floor":48,"key":"Whetstone"}],"event_choices":[{"cards_removed":["Strike_G"],"damage_healed":0,"gold_gain":0,"player_choice":"Card Removal","damage_taken":7,"max_hp_gain":0,"max_hp_loss":0,"event_name":"Golden Wing","floor":4,"gold_loss":0},{"damage_healed":0,"gold_gain":175,"player_choice":"AGREE","damage_taken":0,"max_hp_gain":0,"max_hp_loss":0,"event_name":"Liars Game","floor":7,"gold_loss":0,"cards_obtained":["Doubt"]},{"damage_healed":0,"gold_gain":0,"player_choice":"Read","damage_taken":0,"max_hp_gain":0,"max_hp_loss":0,"event_name":"The Library","floor":22,"gold_loss":0,"cards_obtained":["Backflip"]},{"cards_removed":["Doubt"],"damage_healed":0,"gold_gain":0,"player_choice":"Removed Curses","damage_taken":0,"max_hp_gain":0,"max_hp_loss":0,"event_name":"Fountain of Cleansing","floor":24,"gold_loss":0},{"damage_healed":0,"gold_gain":0,"player_choice":"Embrace Madness","damage_taken":9,"max_hp_gain":0,"max_hp_loss":0,"event_name":"Winding Halls","floor":36,"gold_loss":0,"cards_obtained":["Madness","Madness"]},{"cards_removed":["Bane"],"damage_healed":0,"gold_gain":0,"player_choice":"Removed Attack","damage_taken":0,"max_hp_gain":0,"max_hp_loss":0,"event_name":"Falling","floor":37,"gold_loss":0},{"damage_healed":0,"gold_gain":0,"player_choice":"Paid","damage_taken":0,"relics_obtained":["Red Mask"],"max_hp_gain":0,"max_hp_loss":0,"event_name":"Tomb of Lord Red Mask","floor":45,"gold_loss":77},{"damage_healed":0,"gold_gain":0,"player_choice":"Fight","damage_taken":0,"max_hp_gain":0,"max_hp_loss":0,"event_name":"MindBloom","floor":47,"gold_loss":0}],"is_beta":true,"boss_relics":[{"not_picked":["Eternal Feather","Velvet Choker"],"picked":"WristBlade"},{"not_picked":["Lizard Tail","Tiny House"],"picked":"Sozu"}],"items_purged_floors":[20],"is_endless":false,"potions_floor_spawned":[1,3,10,13,18,21,31,35,41,47],"ascension_level":1}