{"gold_per_floor":[113,72,85,85,103,103,126,160,160,187,187,152,152,163,163,236,236,256,171,96,108,0,0],"floor_reached":23,"playtime":945,"items_purged":[],"score":384,"play_id":"395ca46f-8f21-418e-96fb-51616f64ad76","local_time":"20181108181419","is_ascension_mode":true,"campfire_choices":[{"data":"Hologram","floor":6,"key":"SMITH"},{"data":"Hologram","floor":13,"key":"SMITH"},{"data":"Defragment","floor":15,"key":"SMITH"}],"neow_cost":"NONE","seed_source_timestamp":4204899906963517,"circlet_count":0,"master_deck":["AscendersBane","Strike_B","Strike_B","Strike_B","Defend_B","Defend_B","Defend_B","Defend_B","Zap","Dualcast","Gash","Self Repair","Hologram+1","Hologram+1","Go for the Eyes+1","Defragment+1","All For One","Recycle","Gash","Leap"],"relics":["Cracked Core","Happy Flower","Odd Mushroom","Symbiotic Virus","Potion Belt","Cables","Coffee Dripper","Bronze Scales"],"potions_floor_usage":[8,10,16,21,23,23],"damage_taken":[{"damage":18,"enemies":"Small Slimes","floor":1,"turns":4},{"damage":3,"enemies":"2 Louse","floor":3,"turns":4},{"damage":0,"enemies":"Jaw Worm","floor":5,"turns":3},{"damage":46,"enemies":"The Mushroom Lair","floor":7,"turns":5},{"damage":10,"enemies":"Lagavulin","floor":8,"turns":7},{"damage":6,"enemies":"Gremlin Nob","floor":10,"turns":3},{"damage":7,"enemies":"Lots of Slimes","floor":14,"turns":3},{"damage":39,"enemies":"The Guardian","floor":16,"turns":8},{"damage":25,"enemies":"Spheric Guardian","floor":18,"turns":5},{"damage":26,"enemies":"2 Thieves","floor":21,"turns":3},{"damage":28,"enemies":"Book of Stabbing","floor":23,"turns":3}],"seed_played":"5918173401822793857","potions_obtained":[{"floor":3,"key":"SpeedPotion"},{"floor":8,"key":"Explosive Potion"},{"floor":14,"key":"Regen Potion"},{"floor":16,"key":"EssenceOfSteel"},{"floor":18,"key":"PowerPotion"}],"is_trial":false,"path_per_floor":["M","$","M","?","M","R","?","E","T","E","?","?","R","M","R","B",null,"M","?","?","M","$","E"],"character_chosen":"DEFECT","items_purchased":["Self Repair","Fire Potion","Leap"],"campfire_rested":0,"item_purchase_floors":[2,22,22],"current_hp_per_floor":[46,46,50,50,57,57,18,15,15,16,16,33,33,33,33,16,57,39,39,39,27,27,0],"gold":0,"neow_bonus":"RANDOM_COMMON_RELIC","is_prod":false,"is_daily":false,"chose_seed":false,"campfire_upgraded":3,"win_rate":0,"timestamp":1541729659,"path_taken":["M","$","M","?","M","R","?","E","T","E","?","?","R","M","R","BOSS","M","?","?","M","$","E"],"build_version":"2018-11-07","purchased_purges":0,"victory":false,"max_hp_per_floor":[71,71,71,71,71,71,71,71,71,71,71,71,71,71,71,71,71,71,71,71,71,71,71],"card_choices":[{"not_picked":["Fusion","Barrage"],"picked":"Gash","floor":1},{"not_picked":["Turbo","BootSequence"],"picked":"Hologram","floor":3},{"not_picked":["Fusion","Stack"],"picked":"Hologram","floor":5},{"not_picked":["Redo","Darkness"],"picked":"Go for the Eyes","floor":8},{"not_picked":["Stack","Turbo","Sunder"],"picked":"SKIP","floor":10},{"not_picked":["Hologram","Sweeping Beam"],"picked":"Defragment","floor":14},{"not_picked":["Buffer","Thunder Strike"],"picked":"All For One","floor":16},{"not_picked":["Defragment","Storm"],"picked":"Recycle","floor":18},{"not_picked":["BootSequence","Conserve Battery+1"],"picked":"Gash","floor":21}],"player_experience":1033377,"relics_obtained":[{"floor":7,"key":"Odd Mushroom"},{"floor":8,"key":"Symbiotic Virus"},{"floor":9,"key":"Potion Belt"},{"floor":10,"key":"Cables"}],"event_choices":[{"damage_healed":0,"gold_gain":0,"player_choice":"Ignored","damage_taken":0,"max_hp_gain":0,"max_hp_loss":0,"event_name":"Liars Game","floor":4,"gold_loss":0},{"damage_healed":0,"gold_gain":0,"player_choice":"Fought Mushrooms","damage_taken":0,"max_hp_gain":0,"max_hp_loss":0,"event_name":"Mushrooms","floor":7,"gold_loss":0},{"damage_healed":0,"gold_gain":0,"player_choice":"Grow","damage_taken":0,"max_hp_gain":0,"max_hp_loss":0,"event_name":"Living Wall","floor":11,"gold_loss":0,"cards_upgraded":["Go for the Eyes"]},{"damage_healed":17,"gold_gain":0,"player_choice":"Healed","damage_taken":0,"max_hp_gain":0,"max_hp_loss":0,"event_name":"The Cleric","floor":12,"gold_loss":35},{"damage_healed":0,"gold_gain":0,"player_choice":"Obtained Relic","damage_taken":0,"relics_obtained":["Bronze Scales"],"max_hp_gain":0,"max_hp_loss":0,"event_name":"Addict","floor":19,"gold_loss":85},{"cards_removed":["Strike_B"],"damage_healed":0,"gold_gain":0,"player_choice":"Gave Gold","damage_taken":0,"max_hp_gain":0,"max_hp_loss":0,"event_name":"Beggar","floor":20,"gold_loss":75}],"is_beta":true,"boss_relics":[{"not_picked":["Busted Crown","Ectoplasm"],"picked":"Coffee Dripper"}],"items_purged_floors":[],"is_endless":false,"potions_floor_spawned":[3,8,14,16,18],"killed_by":"Book of Stabbing","ascension_level":19}