{"gold_per_floor":[219,235,7,25,25,25,60,60,60,60,125,125,151,163,163,240,240,240,10,10,10,10,10,10],"floor_reached":24,"playtime":1328,"items_purged":["Strike_R"],"score":458,"play_id":"e6a1b726-1eaa-45ba-aa5e-e6609e2ff839","local_time":"20190113043602","is_ascension_mode":true,"campfire_choices":[{"data":"Bash","floor":6,"key":"SMITH"},{"data":"True Grit","floor":8,"key":"SMITH"},{"floor":10,"key":"REST"},{"data":"Battle Trance","floor":15,"key":"SMITH"},{"data":"Demon Form","floor":23,"key":"SMITH"}],"neow_cost":"NONE","seed_source_timestamp":540329183964549,"circlet_count":0,"master_deck":["AscendersBane","Strike_R","Strike_R","Strike_R","Defend_R","Defend_R","Defend_R","Defend_R","Bash+1","Battle Trance+1","Feel No Pain","Impervious","Battle Trance","True Grit+1","Headbutt","Anger","Spot Weakness","Demon Form+1","Sword Boomerang"],"relics":["Burning Blood","Happy Flower","Mercury Hourglass","Anchor","The Courier","Ectoplasm","OrangePellets"],"potions_floor_usage":[7,7,24,24],"damage_taken":[{"damage":12,"enemies":"Small Slimes","floor":1,"turns":4},{"damage":7,"enemies":"Cultist","floor":2,"turns":4},{"damage":0,"enemies":"2 Louse","floor":4,"turns":4},{"damage":54,"enemies":"Lagavulin","floor":7,"turns":9},{"damage":17,"enemies":"3 Sentries","floor":11,"turns":10},{"damage":0,"enemies":"3 Sentries","floor":13,"turns":8},{"damage":0,"enemies":"Lots of Slimes","floor":14,"turns":3},{"damage":27,"enemies":"Hexaghost","floor":16,"turns":9},{"damage":12,"enemies":"Shell Parasite","floor":18,"turns":5},{"damage":1,"enemies":"3 Byrds","floor":21,"turns":5},{"damage":18,"enemies":"Snake Plant","floor":22,"turns":4},{"damage":46,"enemies":"Book of Stabbing","floor":24,"turns":4}],"seed_played":"-6200434006189381382","potions_obtained":[{"floor":2,"key":"FearPotion"},{"floor":4,"key":"BloodPotion"},{"floor":13,"key":"Dexterity Potion"},{"floor":14,"key":"Explosive Potion"}],"is_trial":false,"path_per_floor":["M","M","$","M","?","R","E","R","T","R","?","?","E","M","R","B",null,"M","$","?","M","M","R","E"],"character_chosen":"IRONCLAD","items_purchased":["Feel No Pain","Impervious","OrangePellets"],"campfire_rested":1,"item_purchase_floors":[3,3,19],"current_hp_per_floor":[62,61,61,67,67,67,26,26,26,48,37,37,43,49,49,28,63,57,57,50,55,43,43,0],"gold":10,"neow_bonus":"HUNDRED_GOLD","is_prod":false,"is_daily":false,"chose_seed":false,"campfire_upgraded":4,"win_rate":0,"timestamp":1547382962,"path_taken":["M","M","$","M","?","R","E","R","T","R","?","?","E","M","R","BOSS","M","$","?","M","M","R","E"],"build_version":"2019-01-10","purchased_purges":1,"victory":false,"max_hp_per_floor":[75,75,75,75,75,75,75,75,75,75,75,75,75,75,75,75,75,75,75,75,75,75,75,75],"card_choices":[{"not_picked":["Thunderclap","Warcry","Clash"],"picked":"SKIP","floor":1},{"not_picked":["Twin Strike","Flame Barrier"],"picked":"Battle Trance","floor":2},{"not_picked":["Sentinel","Pummel"],"picked":"Battle Trance","floor":4},{"not_picked":["Rupture","Dark Embrace"],"picked":"True Grit","floor":7},{"not_picked":["Metallicize","Body Slam"],"picked":"Headbutt","floor":11},{"not_picked":["Iron Wave","Entrench"],"picked":"Anger","floor":13},{"not_picked":["Headbutt","Sever Soul"],"picked":"Spot Weakness","floor":14},{"not_picked":["Immolate","Brutality"],"picked":"Demon Form","floor":16},{"not_picked":["Blood for Blood","Searing Blow"],"picked":"Sword Boomerang","floor":18},{"not_picked":["Twin Strike","Sever Soul","Sword Boomerang"],"picked":"SKIP","floor":21},{"not_picked":["Spot Weakness","Perfected Strike","Infernal Blade"],"picked":"SKIP","floor":22}],"player_experience":1177474,"relics_obtained":[{"floor":7,"key":"Happy Flower"},{"floor":9,"key":"Mercury Hourglass"},{"floor":11,"key":"Anchor"},{"floor":13,"key":"The Courier"}],"event_choices":[{"damage_healed":0,"gold_gain":0,"player_choice":"Ignored","damage_taken":0,"max_hp_gain":0,"max_hp_loss":0,"event_name":"Liars Game","floor":5,"gold_loss":0},{"damage_healed":0,"gold_gain":0,"player_choice":"Searched \u00271\u0027 times","damage_taken":0,"max_hp_gain":0,"max_hp_loss":0,"event_name":"Dead Adventurer","floor":11,"gold_loss":0},{"cards_removed":["Strike_R"],"damage_healed":0,"gold_gain":0,"player_choice":"Offered Basic","damage_taken":0,"max_hp_gain":0,"max_hp_loss":0,"event_name":"Bonfire Elementals","floor":12,"gold_loss":0},{"damage_healed":0,"gold_gain":0,"player_choice":"","damage_taken":7,"max_hp_gain":0,"max_hp_loss":0,"event_name":"Knowing Skull","floor":20,"potions_obtained":[],"gold_loss":0,"cards_obtained":[]}],"is_beta":true,"boss_relics":[{"not_picked":["Tiny House","Eternal Feather"],"picked":"Ectoplasm"}],"items_purged_floors":[19],"is_endless":false,"potions_floor_spawned":[2,4,13,14,16,18,21],"killed_by":"Book of Stabbing","ascension_level":20}