{"gold_per_floor":[114,129,179,199,216,216,247,247,273,301,317,317,334,334],"floor_reached":14,"playtime":701,"items_purged":[],"score":204,"play_id":"a7dabc8f-6b24-414a-8626-1a9919af182a","local_time":"20190618045932","is_ascension_mode":true,"campfire_choices":[{"data":"After Image","floor":6,"key":"SMITH"},{"data":"Skewer","floor":8,"key":"SMITH"}],"neow_cost":"NONE","seed_source_timestamp":4599821695946720,"circlet_count":0,"master_deck":["AscendersBane","Strike_G","Strike_G","Strike_G","Strike_G","Defend_G","Defend_G","Defend_G","Defend_G","Defend_G","Survivor","Neutralize","After Image+1","Noxious Fumes","Slice","Caltrops","PiercingWail","Dagger Throw","Cloak And Dagger","PiercingWail","Skewer+1","Catalyst","Crippling Poison","Quick Slash","Calculated Gamble"],"relics":["Orrery","Art of War","Bag of Preparation","Strawberry"],"potions_floor_usage":[5,13],"damage_taken":[{"damage":4,"enemies":"Small Slimes","floor":1,"turns":5},{"damage":0,"enemies":"Cultist","floor":2,"turns":4},{"damage":0,"enemies":"2 Louse","floor":4,"turns":5},{"damage":0,"enemies":"Gremlin Gang","floor":5,"turns":6},{"damage":25,"enemies":"Lagavulin","floor":7,"turns":8},{"damage":23,"enemies":"3 Sentries","floor":10,"turns":8},{"damage":5,"enemies":"Large Slime","floor":11,"turns":5},{"damage":4,"enemies":"2 Fungi Beasts","floor":13,"turns":4},{"damage":8,"enemies":"Lots of Slimes","floor":14,"turns":1}],"seed_played":"-354431032181406487","potions_obtained":[{"floor":1,"key":"GamblersBrew"},{"floor":5,"key":"SpeedPotion"}],"is_trial":false,"path_per_floor":["M","M","?","M","M","R","E","R","T","E","M","?","M","M"],"character_chosen":"THE_SILENT","items_purchased":[],"campfire_rested":0,"item_purchase_floors":[],"current_hp_per_floor":[55,55,55,55,55,55,30,30,30,14,9,9,5,0],"gold":334,"neow_bonus":"BOSS_RELIC","is_prod":false,"is_daily":false,"chose_seed":false,"campfire_upgraded":2,"win_rate":0,"timestamp":1560859172,"path_taken":["M","M","?","M","M","R","E","R","T","E","?","?","?","M"],"build_version":"2019-06-17v2","purchased_purges":0,"victory":false,"max_hp_per_floor":[66,66,66,66,66,66,66,66,66,73,73,73,73,73],"card_choices":[{"not_picked":["Deflect","Backflip"],"picked":"After Image","floor":0},{"not_picked":["Masterful Stab","PiercingWail"],"picked":"Noxious Fumes","floor":0},{"not_picked":["Backflip","Expertise"],"picked":"Slice","floor":0},{"not_picked":["Infinite Blades","Blade Dance"],"picked":"Caltrops","floor":0},{"not_picked":["Flying Knee","Deadly Poison"],"picked":"PiercingWail","floor":0},{"not_picked":["Acrobatics","Blur"],"picked":"Dagger Throw","floor":1},{"not_picked":["PiercingWail","Outmaneuver"],"picked":"Cloak And Dagger","floor":2},{"not_picked":["Prepared","Slice"],"picked":"PiercingWail","floor":4},{"not_picked":["Backflip","Heel Hook"],"picked":"Skewer","floor":5},{"not_picked":["Night Terror","Backstab"],"picked":"Catalyst","floor":7},{"not_picked":["Skewer","Slice"],"picked":"Crippling Poison","floor":10},{"not_picked":["Blade Dance","Accuracy"],"picked":"Quick Slash","floor":11},{"not_picked":["Cloak And Dagger","Bouncing Flask"],"picked":"Calculated Gamble","floor":13}],"player_experience":1364756,"relics_obtained":[{"floor":7,"key":"Art of War"},{"floor":9,"key":"Bag of Preparation"},{"floor":10,"key":"Strawberry"}],"event_choices":[{"damage_healed":0,"gold_gain":50,"player_choice":"Pray","damage_taken":0,"max_hp_gain":0,"max_hp_loss":0,"event_name":"Golden Shrine","floor":3,"gold_loss":0},{"cards_removed":["Strike_G"],"damage_healed":0,"gold_gain":0,"player_choice":"Offered Basic","damage_taken":0,"max_hp_gain":0,"max_hp_loss":0,"event_name":"Bonfire Elementals","floor":12,"gold_loss":0}],"is_beta":true,"boss_relics":[],"items_purged_floors":[],"is_endless":false,"potions_floor_spawned":[1,5],"killed_by":"Lots of Slimes","ascension_level":20}