{"gold_per_floor":[18,29,39,59,76,111,123,166,178,225,237,268,300,347,359,476,488,514,526,7,18,34,60,80,80,80,99,115,34,63,79,79,178,178,196,216,228,228,228,283,283,283],"floor_reached":42,"playtime":5058,"items_purged":["Strike_B"],"score":554,"play_id":"30eb3e84-a3b3-4fd5-a4a5-0a6cc08b9322","local_time":"20190909011231","is_ascension_mode":true,"campfire_choices":[{"floor":7.0,"key":"RECALL"},{"floor":11.0,"key":"REST"},{"data":"Defragment","floor":15.0,"key":"SMITH"},{"floor":32.0,"key":"REST"},{"floor":41,"key":"REST"}],"neow_cost":"NO_GOLD","seed_source_timestamp":0,"circlet_count":0,"master_deck":["Strike_B","Strike_B","Strike_B","Defend_B","Defend_B","Defend_B","Defend_B","Dualcast","Dark Shackles","Thinking Ahead+1","Cold Snap","Gash","Gash","Defragment+1","Reboot","Scrape","Loop","Go for the Eyes+1","Cold Snap+1","Compile Driver+1","All For One+1","Coolheaded+1","Barrage+1","Gash+1","Compile Driver+1","Conserve Battery","Coolheaded","Streamline+1","FTL+1","Gash+1","Echo Form+1","Swift Strike+1","Forethought","Redo+1"],"special_seed":0,"relics":["Cracked Core","MawBank","Strawberry","Molten Egg 2","Ornamental Fan","Bottled Flame","Inserter","Frozen Egg 2","Lantern","Potion Belt","Bag of Marbles","Busted Crown","Tiny Chest"],"potions_floor_usage":[37,42],"damage_taken":[{"damage":0.0,"enemies":"2 Louse","floor":1.0,"turns":2.0},{"damage":0.0,"enemies":"Jaw Worm","floor":2.0,"turns":3.0},{"damage":0.0,"enemies":"Cultist","floor":3.0,"turns":3.0},{"damage":0.0,"enemies":"Exordium Wildlife","floor":4.0,"turns":3.0},{"damage":1.0,"enemies":"2 Fungi Beasts","floor":5.0,"turns":3.0},{"damage":1.0,"enemies":"Lagavulin","floor":6.0,"turns":5.0},{"damage":9.0,"enemies":"3 Sentries","floor":8.0,"turns":6.0},{"damage":24.0,"enemies":"Gremlin Nob","floor":10.0,"turns":4.0},{"damage":0.0,"enemies":"3 Louse","floor":12.0,"turns":3.0},{"damage":0.0,"enemies":"Red Slaver","floor":13.0,"turns":2.0},{"damage":12.0,"enemies":"Lagavulin","floor":14.0,"turns":5.0},{"damage":7.0,"enemies":"The Guardian","floor":16.0,"turns":8.0},{"damage":4.0,"enemies":"Chosen","floor":18.0,"turns":4.0},{"damage":0.0,"enemies":"3 Byrds","floor":21.0,"turns":4.0},{"damage":18.0,"enemies":"Centurion and Healer","floor":22.0,"turns":6.0},{"damage":4.0,"enemies":"Book of Stabbing","floor":23.0,"turns":4.0},{"damage":1.0,"enemies":"3 Cultists","floor":24.0,"turns":5.0},{"damage":6.0,"enemies":"Snecko","floor":27.0,"turns":5.0},{"damage":1.0,"enemies":"Sentry and Sphere","floor":28.0,"turns":5.0},{"damage":18.0,"enemies":"Gremlin Leader","floor":30.0,"turns":5.0},{"damage":2.0,"enemies":"Chosen and Byrds","floor":31.0,"turns":4.0},{"damage":13.0,"enemies":"Automaton","floor":33.0,"turns":10.0},{"damage":1,"enemies":"Orb Walker","floor":35,"turns":2},{"damage":5,"enemies":"3 Shapes","floor":36,"turns":4},{"damage":27,"enemies":"Sphere and 2 Shapes","floor":37,"turns":4},{"damage":22,"enemies":"Reptomancer","floor":40,"turns":7},{"damage":77,"enemies":"Nemesis","floor":42,"turns":6}],"seed_played":"2254634095934178055","potions_obtained":[{"floor":1.0,"key":"SkillPotion"},{"floor":3.0,"key":"Swift Potion"},{"floor":5.0,"key":"Block Potion"},{"floor":10.0,"key":"Block Potion"},{"floor":14.0,"key":"LiquidBronze"},{"floor":21.0,"key":"Poison Potion"},{"floor":22.0,"key":"FearPotion"},{"floor":27.0,"key":"Strength Potion"},{"floor":28.0,"key":"Energy Potion"},{"floor":30.0,"key":"Dexterity Potion"},{"floor":36,"key":"Strength Potion"},{"floor":37,"key":"Energy Potion"}],"is_trial":false,"path_per_floor":["M","M","M","M","M","E","R","E","T","E","R","M","M","E","R","B",null,"M","?","$","M","M","E","M","?","T","M","M","$","E","M","R","B",null,"M","M","M","?","?","E","R","E"],"character_chosen":"DEFECT","items_purchased":["Frozen Egg 2","Lantern","Barrage+1","FTL+1"],"campfire_rested":3,"item_purchase_floors":[20,20,20,29],"current_hp_per_floor":[75,75,75,75,74,73,73,71,71,47,71,71,71,59,59,52,82,78,62,62,62,44,40,39,39,39,33,32,32,14,12,38,25,87,86,81,54,54,49,27,53,0],"gold":283,"neow_bonus":"RANDOM_COLORLESS_2","is_prod":false,"is_daily":false,"chose_seed":false,"campfire_upgraded":1,"win_rate":0,"timestamp":1567962751,"path_taken":["M","M","M","M","M","E","R","E","T","E","R","M","M","E","R","BOSS","M","?","$","M","M","E","M","?","T","?","M","$","E","M","R","BOSS","M","M","M","?","?","E","R","E"],"build_version":"2019-07-17","purchased_purges":1,"victory":false,"max_hp_per_floor":[75,75,75,75,75,75,75,82,82,82,82,82,82,82,82,82,82,82,87,87,87,87,87,87,87,87,87,87,87,87,87,87,87,87,87,87,87,87,87,87,87,87],"card_choices":[{"not_picked":["Gash","Auto Shields"],"picked":"Cold Snap","floor":1.0},{"not_picked":["Stack","Steam"],"picked":"Gash","floor":2.0},{"not_picked":["Cold Snap","Conserve Battery"],"picked":"Gash","floor":3.0},{"not_picked":["Cold Snap","Conserve Battery"],"picked":"Defragment","floor":4.0},{"not_picked":["Rebound","Melter"],"picked":"Reboot","floor":5.0},{"not_picked":["Ball Lightning","Leap"],"picked":"Scrape","floor":6.0},{"not_picked":["Chill","Rainbow"],"picked":"Loop","floor":8.0},{"not_picked":["Coolheaded","Streamline+1"],"picked":"Go for the Eyes+1","floor":10.0},{"not_picked":["Defragment","Stack"],"picked":"Cold Snap+1","floor":12.0},{"not_picked":["Self Repair","Redo"],"picked":"Compile Driver+1","floor":13.0},{"not_picked":["Hologram","Genetic Algorithm","Ball Lightning+1"],"picked":"SKIP","floor":14.0},{"not_picked":["Thunder Strike+1","Fission"],"picked":"All For One+1","floor":16.0},{"not_picked":["Genetic Algorithm","Hologram+1"],"picked":"Coolheaded+1","floor":18.0},{"not_picked":["Steam Power","Lockon+1"],"picked":"Gash+1","floor":21.0},{"not_picked":["Ball Lightning+1","Reboot"],"picked":"Compile Driver+1","floor":22.0},{"not_picked":["Force Field","Leap"],"picked":"Conserve Battery","floor":23.0},{"not_picked":["Barrage+1","Cold Snap+1"],"picked":"Coolheaded","floor":24.0},{"not_picked":["Storm+1","Undo+1","Redo"],"picked":"SKIP","floor":27.0},{"not_picked":["Reinforced Body","Compile Driver+1"],"picked":"Streamline+1","floor":28.0},{"not_picked":["Force Field+1","White Noise","Capacitor+1"],"picked":"SKIP","floor":30.0},{"not_picked":["Rebound+1","Sweeping Beam+1"],"picked":"Gash+1","floor":31.0},{"not_picked":["Creative AI+1","Fission"],"picked":"Echo Form+1","floor":33.0},{"not_picked":["Static Discharge+1"],"picked":"SKIP","floor":35},{"not_picked":["Chill"],"picked":"SKIP","floor":36},{"not_picked":["Leap+1"],"picked":"SKIP","floor":37},{"not_picked":[],"picked":"Swift Strike+1","floor":39},{"not_picked":[],"picked":"Forethought","floor":39},{"not_picked":[],"picked":"Redo+1","floor":40}],"player_experience":77706,"relics_obtained":[{"floor":6.0,"key":"MawBank"},{"floor":8.0,"key":"Strawberry"},{"floor":9.0,"key":"Molten Egg 2"},{"floor":10.0,"key":"Ornamental Fan"},{"floor":14.0,"key":"Bottled Flame"},{"floor":23.0,"key":"Potion Belt"},{"floor":30.0,"key":"Bag of Marbles"},{"floor":40,"key":"Tiny Chest"}],"event_choices":[{"damage_healed":0.0,"max_hp_gain":5.0,"max_hp_loss":0.0,"gold_gain":0.0,"event_name":"Forgotten Altar","player_choice":"Shed Blood","floor":19.0,"gold_loss":0.0,"damage_taken":21.0},{"damage_healed":0.0,"max_hp_gain":0.0,"max_hp_loss":0.0,"gold_gain":0.0,"event_name":"Upgrade Shrine","player_choice":"Upgraded","floor":25.0,"gold_loss":0.0,"damage_taken":0.0,"cards_upgraded":["Thinking Ahead"]},{"cards_removed":["Zap"],"damage_healed":0,"gold_gain":0,"player_choice":"Removed Skill","damage_taken":0,"max_hp_gain":0,"max_hp_loss":0,"event_name":"Falling","floor":38,"gold_loss":0},{"damage_healed":0,"gold_gain":0,"player_choice":"Memory 2","damage_taken":5,"max_hp_gain":0,"max_hp_loss":0,"event_name":"SensoryStone","floor":39,"gold_loss":0}],"is_beta":false,"boss_relics":[{"not_picked":["Empty Cage","Black Star"],"picked":"Inserter"},{"not_picked":["Sozu","Nuclear Battery"],"picked":"Busted Crown"}],"items_purged_floors":[20],"is_endless":false,"potions_floor_spawned":[1,3,5,10,14,21,22,27,28,30,36,37],"killed_by":"Nemesis","ascension_level":1}