{"gold_per_floor":[359,227,244,257,269,298,298,298,298,341,341,341,356,356,356,356],"floor_reached":16,"playtime":505,"items_purged":["Regret"],"score":220,"play_id":"89c5ef30-eae4-4045-a953-9e1e84799466","local_time":"20190607035155","is_ascension_mode":true,"campfire_choices":[{"data":"Bash","floor":8,"key":"SMITH"},{"data":"Clothesline","floor":12,"key":"SMITH"},{"data":"Spot Weakness","floor":15,"key":"SMITH"}],"neow_cost":"CURSE","seed_source_timestamp":3645560831198450,"circlet_count":0,"master_deck":["AscendersBane","Strike_R","Strike_R","Strike_R","Strike_R","Strike_R","Defend_R","Defend_R","Defend_R","Defend_R","Bash+1","Pummel","Spot Weakness+1","Clothesline+1","Sword Boomerang","Reaper+1","Iron Wave+1"],"relics":["Burning Blood","Orichalcum","Golden Idol","Molten Egg 2","Charon\u0027s Ashes"],"potions_floor_usage":[6,10,10],"damage_taken":[{"damage":4,"enemies":"2 Louse","floor":1,"turns":4},{"damage":11,"enemies":"Jaw Worm","floor":3,"turns":5},{"damage":4,"enemies":"Small Slimes","floor":4,"turns":4},{"damage":11,"enemies":"3 Louse","floor":5,"turns":5},{"damage":34,"enemies":"Gremlin Nob","floor":6,"turns":4},{"damage":12,"enemies":"3 Sentries","floor":10,"turns":5},{"damage":3,"enemies":"Looter","floor":13,"turns":3},{"damage":37,"enemies":"The Guardian","floor":16,"turns":5}],"seed_played":"-946905187423222189","potions_obtained":[{"floor":5,"key":"Energy Potion"},{"floor":6,"key":"Swift Potion"},{"floor":13,"key":"Energy Potion"}],"is_trial":false,"path_per_floor":["M","$","M","M","M","E","?","R","T","E","?","R","M","?","R","B"],"character_chosen":"IRONCLAD","items_purchased":["Strength Potion"],"campfire_rested":0,"item_purchase_floors":[2],"current_hp_per_floor":[70,70,65,67,62,34,34,34,34,28,28,28,31,36,36,0],"gold":356,"neow_bonus":"TWO_FIFTY_GOLD","is_prod":false,"is_daily":false,"chose_seed":false,"campfire_upgraded":3,"win_rate":0,"timestamp":1559904715,"path_taken":["M","$","M","M","M","E","?","R","T","E","?","R","M","?","R","BOSS"],"build_version":"2019-06-05","purchased_purges":1,"victory":false,"max_hp_per_floor":[75,75,75,75,75,75,68,68,68,68,68,68,68,73,73,73],"card_choices":[{"not_picked":["Pummel","Second Wind","Perfected Strike"],"picked":"SKIP","floor":1},{"not_picked":["Second Wind","Perfected Strike"],"picked":"Pummel","floor":1},{"not_picked":["Clash","Iron Wave"],"picked":"Spot Weakness","floor":3},{"not_picked":["Intimidate","Havoc"],"picked":"Clothesline","floor":4},{"not_picked":["Corruption","Clash","Wild Strike"],"picked":"SKIP","floor":5},{"not_picked":["Cleave","Sever Soul"],"picked":"Sword Boomerang","floor":6},{"not_picked":["Whirlwind+1","Clash+1"],"picked":"Reaper+1","floor":10},{"not_picked":["Sword Boomerang+1","Clash+1"],"picked":"Iron Wave+1","floor":13}],"player_experience":1318198,"relics_obtained":[{"floor":6,"key":"Orichalcum"},{"floor":9,"key":"Molten Egg 2"},{"floor":10,"key":"Charon\u0027s Ashes"}],"event_choices":[{"damage_healed":0,"gold_gain":0,"player_choice":"Lose Max HP","damage_taken":0,"relics_obtained":["Golden Idol"],"max_hp_gain":0,"max_hp_loss":7,"event_name":"Golden Idol","floor":7,"gold_loss":0},{"damage_healed":0,"gold_gain":0,"player_choice":"Ignored","damage_taken":0,"max_hp_gain":0,"max_hp_loss":0,"event_name":"Liars Game","floor":11,"gold_loss":0},{"damage_healed":0,"gold_gain":0,"player_choice":"Donut","damage_taken":0,"max_hp_gain":5,"max_hp_loss":0,"event_name":"Big Fish","floor":14,"gold_loss":0}],"is_beta":true,"boss_relics":[],"items_purged_floors":[2],"is_endless":false,"potions_floor_spawned":[5,6,13],"killed_by":"The Guardian","ascension_level":20}