{"gold_per_floor":[114,134,134,134,152,180,180,214,240,240],"floor_reached":10,"playtime":818,"items_purged":[],"score":152,"play_id":"c856be6e-b65a-473d-97cb-9fc1328f33be","local_time":"20190419165804","is_ascension_mode":true,"campfire_choices":[{"data":"Catalyst","floor":7,"key":"SMITH"}],"neow_cost":"NONE","seed_source_timestamp":351155896749941,"circlet_count":0,"master_deck":["AscendersBane","Defend_G","Defend_G","Defend_G","Defend_G","Strike_G","Strike_G","Strike_G","Strike_G","Survivor","Neutralize","Catalyst+1","Deadly Poison","Poisoned Stab","Dodge and Roll","Predator"],"relics":["Ring of the Snake","NeowsBlessing","Orichalcum","Centennial Puzzle","Bag of Preparation"],"potions_floor_usage":[6,8],"damage_taken":[{"damage":0,"enemies":"2 Louse","floor":1,"turns":1},{"damage":0,"enemies":"Jaw Worm","floor":2,"turns":2},{"damage":0,"enemies":"Cultist","floor":5,"turns":1},{"damage":27,"enemies":"Gremlin Nob","floor":6,"turns":4},{"damage":24,"enemies":"3 Sentries","floor":8,"turns":10},{"damage":2,"enemies":"3 Louse","floor":10,"turns":1}],"seed_played":"6740145240023289734","potions_obtained":[{"floor":1,"key":"PowerPotion"},{"floor":2,"key":"Swift Potion"}],"is_trial":false,"path_per_floor":["M","M","?","?","M","E","R","E","T","M"],"character_chosen":"THE_SILENT","items_purchased":[],"campfire_rested":0,"item_purchase_floors":[],"current_hp_per_floor":[59,59,59,52,52,25,25,1,1,0],"gold":240,"neow_bonus":"THREE_ENEMY_KILL","is_prod":false,"is_daily":false,"chose_seed":false,"campfire_upgraded":1,"win_rate":0,"timestamp":1555707484,"path_taken":["M","M","?","?","M","E","R","E","T","M"],"build_version":"2019-01-23","purchased_purges":0,"victory":false,"max_hp_per_floor":[66,66,66,66,66,66,66,66,66,66],"card_choices":[{"not_picked":["Eviscerate","Tactician"],"picked":"Catalyst","floor":1},{"not_picked":["Sucker Punch","Poisoned Stab"],"picked":"Deadly Poison","floor":2},{"not_picked":["Underhanded Strike","Outmaneuver"],"picked":"Poisoned Stab","floor":5},{"not_picked":["Heel Hook","Slice"],"picked":"Dodge and Roll","floor":6},{"not_picked":["Heel Hook","Grand Finale"],"picked":"Predator","floor":8}],"player_experience":521669,"relics_obtained":[{"floor":6,"key":"Orichalcum"},{"floor":8,"key":"Centennial Puzzle"},{"floor":9,"key":"Bag of Preparation"}],"event_choices":[{"cards_removed":["Strike_G"],"damage_healed":0,"gold_gain":0,"player_choice":"Forget","damage_taken":0,"max_hp_gain":0,"max_hp_loss":0,"event_name":"Living Wall","floor":3,"gold_loss":0},{"cards_removed":["Defend_G"],"damage_healed":0,"gold_gain":0,"player_choice":"Card Removal","damage_taken":7,"max_hp_gain":0,"max_hp_loss":0,"event_name":"Golden Wing","floor":4,"gold_loss":0}],"is_beta":false,"boss_relics":[],"items_purged_floors":[],"is_endless":false,"potions_floor_spawned":[1,2],"killed_by":"3 Louse","ascension_level":20}