{"gold_per_floor":[110,129,204,32,182,182,209,93,140,140,165,165,194,211,211,290,290,302,17,31,81,131,131,31,58,58,58,74,74,20,33,33,107,107,125,145,20,20],"floor_reached":38,"playtime":2022,"items_purged":["Strike_R","Doubt","Strike_R"],"score":851,"play_id":"f6f1ff6b-b1fa-4fd5-98c9-7c6f27ce898d","local_time":"20190314034217","is_ascension_mode":true,"campfire_choices":[{"data":"Bash","floor":6.0,"key":"SMITH"},{"data":"Uppercut","floor":10.0,"key":"SMITH"},{"floor":12.0,"key":"REST"},{"floor":15.0,"key":"REST"},{"data":"Heavy Blade","floor":23.0,"key":"SMITH"},{"floor":27.0,"key":"REST"},{"data":"Exhume","floor":29.0,"key":"SMITH"},{"floor":32.0,"key":"REST"}],"neow_cost":"NONE","seed_source_timestamp":0,"circlet_count":0,"master_deck":["AscendersBane","Strike_R+1","Strike_R","Strike_R+1","Defend_R","Defend_R","Defend_R","Defend_R","Bash+1","Anger","Uppercut+1","Demon Form","Bludgeon","Inflame","Heavy Blade+1","Dropkick","Immolate","Clothesline","Disarm+1","Exhume+1","Juggernaut","Flame Barrier+1"],"special_seed":0,"relics":["Burning Blood","NeowsBlessing","Self Forming Clay","Vajra","Strawberry","Odd Mushroom","Snecko Eye","Shuriken","Whetstone","Molten Egg 2","Eternal Feather"],"potions_floor_usage":[],"damage_taken":[{"damage":0.0,"enemies":"Jaw Worm","floor":1.0,"turns":1.0},{"damage":0.0,"enemies":"2 Louse","floor":2.0,"turns":1.0},{"damage":0.0,"enemies":"3 Sentries","floor":7.0,"turns":2.0},{"damage":48.0,"enemies":"Gremlin Nob","floor":11.0,"turns":5.0},{"damage":26.0,"enemies":"The Mushroom Lair","floor":13.0,"turns":4.0},{"damage":0.0,"enemies":"Small Slimes","floor":14.0,"turns":2.0},{"damage":46.0,"enemies":"Slime Boss","floor":16.0,"turns":8.0},{"damage":0.0,"enemies":"Chosen","floor":18.0,"turns":2.0},{"damage":23.0,"enemies":"3 Byrds","floor":20.0,"turns":4.0},{"damage":25.0,"enemies":"Gremlin Leader","floor":25.0,"turns":5.0},{"damage":21.0,"enemies":"Centurion and Healer","floor":28.0,"turns":5.0},{"damage":18.0,"enemies":"Shelled Parasite and Fungi","floor":31.0,"turns":4.0},{"damage":57.0,"enemies":"Automaton","floor":33.0,"turns":7.0},{"damage":19.0,"enemies":"3 Shapes","floor":35.0,"turns":7.0},{"damage":11.0,"enemies":"Orb Walker","floor":36.0,"turns":3.0},{"damage":75,"enemies":"Writhing Mass","floor":38,"turns":4}],"seed_played":"-4165028374246325587","potions_obtained":[{"floor":7.0,"key":"SneckoOil"},{"floor":11.0,"key":"Swift Potion"},{"floor":13.0,"key":"PowerPotion"},{"floor":16.0,"key":"Explosive Potion"},{"floor":18.0,"key":"EssenceOfSteel"},{"floor":28.0,"key":"Weak Potion"}],"is_trial":false,"path_per_floor":["M","M","?","$","?","R","E","$","T","R","E","R","?","M","R","B",null,"M","$","M","?","?","R","$","E","T","R","M","R","$","M","R","B",null,"M","M","$","M"],"character_chosen":"IRONCLAD","items_purchased":["Demon Form","Inflame","Shuriken","SkillPotion"],"campfire_rested":4,"item_purchase_floors":[4,8,19,30],"current_hp_per_floor":[74,75,64,64,64,64,70,70,70,70,35,59,39,45,69,29,69,75,75,58,58,58,58,58,39,39,63,48,48,48,36,60,9,64,51,46,46,0],"gold":20,"neow_bonus":"THREE_ENEMY_KILL","is_prod":false,"is_daily":false,"chose_seed":false,"campfire_upgraded":4,"win_rate":0,"timestamp":1552531337,"path_taken":["M","M","?","$","?","R","E","$","T","R","E","R","?","M","R","BOSS","M","$","M","?","?","R","$","E","T","R","M","R","$","?","R","BOSS","M","M","$","M"],"build_version":"2019-02-06","purchased_purges":3,"victory":false,"max_hp_per_floor":[75,75,75,75,75,75,75,75,75,75,82,82,82,82,82,82,82,82,82,82,82,82,82,82,82,82,82,82,82,82,82,82,82,82,82,82,82,82],"card_choices":[{"not_picked":["Armaments","Anger","Dropkick"],"picked":"SKIP","floor":1.0},{"not_picked":["Armaments","Dropkick"],"picked":"Anger","floor":1.0},{"not_picked":["Clothesline","Wild Strike"],"picked":"Uppercut","floor":2.0},{"not_picked":["Feel No Pain","Warcry"],"picked":"Bludgeon","floor":7.0},{"not_picked":["Flex","Perfected Strike"],"picked":"Heavy Blade","floor":11.0},{"not_picked":["Hemokinesis","Combust"],"picked":"Dropkick","floor":14.0},{"not_picked":["Double Tap","Exhume"],"picked":"Immolate","floor":16.0},{"not_picked":["Perfected Strike","Flex","Shockwave"],"picked":"SKIP","floor":18.0},{"not_picked":["Metallicize","Searing Blow"],"picked":"Clothesline","floor":20.0},{"not_picked":["Reckless Charge","Dropkick"],"picked":"Disarm+1","floor":25.0},{"not_picked":["Clash+1","Flex"],"picked":"Exhume","floor":28.0},{"not_picked":["Uppercut+1","Second Wind","Sword Boomerang+1"],"picked":"SKIP","floor":31.0},{"not_picked":["Double Tap","Demon Form"],"picked":"Juggernaut","floor":33.0},{"not_picked":["Perfected Strike+1","Anger+1"],"picked":"Flame Barrier+1","floor":35.0},{"not_picked":["Sword Boomerang+1","Armaments","Sever Soul+1"],"picked":"SKIP","floor":36.0}],"player_experience":272205,"relics_obtained":[{"floor":7.0,"key":"Self Forming Clay"},{"floor":9.0,"key":"Vajra"},{"floor":11.0,"key":"Strawberry"},{"floor":13.0,"key":"Odd Mushroom"},{"floor":25.0,"key":"Whetstone"},{"floor":26.0,"key":"Molten Egg 2"}],"event_choices":[{"damage_healed":0.0,"max_hp_gain":0.0,"max_hp_loss":0.0,"gold_gain":75.0,"event_name":"World of Goop","player_choice":"Gather Gold","floor":3.0,"gold_loss":0.0,"damage_taken":11.0},{"damage_healed":0.0,"max_hp_gain":0.0,"max_hp_loss":0.0,"gold_gain":150.0,"event_name":"Liars Game","player_choice":"AGREE","floor":5.0,"gold_loss":0.0,"damage_taken":0.0,"cards_obtained":["Doubt"]},{"damage_healed":0.0,"max_hp_gain":0.0,"max_hp_loss":0.0,"gold_gain":0.0,"event_name":"Mushrooms","player_choice":"Fought Mushrooms","floor":13.0,"gold_loss":0.0,"damage_taken":0.0},{"damage_healed":0.0,"max_hp_gain":0.0,"max_hp_loss":0.0,"gold_gain":50.0,"event_name":"Nest","player_choice":"Stole From Cult","floor":21.0,"gold_loss":0.0,"damage_taken":0.0},{"damage_healed":0.0,"max_hp_gain":0.0,"max_hp_loss":0.0,"gold_gain":100.0,"event_name":"The Joust","player_choice":"Bet on Murderer","floor":22.0,"gold_loss":50.0,"damage_taken":0.0}],"is_beta":true,"boss_relics":[{"not_picked":["Tiny House","Busted Crown"],"picked":"Snecko Eye"},{"not_picked":["Astrolabe","Runic Pyramid"],"picked":"Eternal Feather"}],"items_purged_floors":[8,24,37],"is_endless":false,"potions_floor_spawned":[7,11,13,16,18,28],"killed_by":"Writhing Mass","ascension_level":18}