{"gold_per_floor":[210,221,0,14,31,31,61,61,61,61,61,61,136,147,147,225,225,243,22,39,39,54,54,79,79,155,255,266,300,300,23,23,98,98,111,26,26,38,90,116,116,145,215,246,246,257,357,371,371,371,371],"floor_reached":52,"playtime":4581,"items_purged":["Strike_R","Strike_R","Strike_R"],"score":1927,"play_id":"6787830f-ec2b-4425-a13b-2181f3d4ad54","local_time":"20190508063453","is_ascension_mode":true,"campfire_choices":[{"data":"Bash","floor":6,"key":"SMITH"},{"data":"Inflame","floor":10,"key":"SMITH"},{"floor":12,"key":"REST"},{"data":"Armaments","floor":15,"key":"SMITH"},{"data":"Flame Barrier","floor":23,"key":"SMITH"},{"floor":25,"key":"REST"},{"data":"Demon Form","floor":30,"key":"SMITH"},{"floor":32,"key":"REST"},{"data":"Feel No Pain","floor":41,"key":"SMITH"},{"data":"Heavy Blade","floor":45,"key":"SMITH"},{"data":"Trip","floor":49,"key":"SMITH"}],"neow_cost":"NONE","seed_source_timestamp":651861272159130,"circlet_count":0,"master_deck":["AscendersBane","Strike_R+1","Strike_R+1","Defend_R","Defend_R","Defend_R","Defend_R","Bash+1","Spot Weakness","Heavy Blade+1","Inflame+1","Iron Wave","Armaments+1","Metallicize","Demon Form+1","Flame Barrier+1","Corruption","Sentinel","True Grit","Feel No Pain+1","Heavy Blade+1","Immolate","Dual Wield","Inflame","Shrug It Off","Feel No Pain","Impervious","Inflame+1","Trip+1","Clothesline+1","Corruption+1","Warcry+1","Shrug It Off"],"relics":["Black Blood","Happy Flower","Ancient Tea Set","Snecko Eye","Paper Frog","Bottled Flame","Bird Faced Urn","Singing Bowl","Torii","Unceasing Top","Nunchaku","Du-Vu Doll","Frozen Egg 2","Mummified Hand","Thread and Needle"],"potions_floor_usage":[7,16,18,24,24,29,33,39,50,51],"damage_taken":[{"damage":1,"enemies":"Cultist","floor":1,"turns":3},{"damage":7,"enemies":"Small Slimes","floor":2,"turns":3},{"damage":1,"enemies":"2 Louse","floor":4,"turns":2},{"damage":16,"enemies":"Blue Slaver","floor":5,"turns":4},{"damage":30,"enemies":"Lagavulin","floor":7,"turns":7},{"damage":7,"enemies":"Large Slime","floor":14,"turns":5},{"damage":23,"enemies":"The Guardian","floor":16,"turns":9},{"damage":10,"enemies":"3 Byrds","floor":18,"turns":4},{"damage":19,"enemies":"2 Thieves","floor":20,"turns":3},{"damage":3,"enemies":"Snecko","floor":22,"turns":5},{"damage":10,"enemies":"Book of Stabbing","floor":24,"turns":4},{"damage":19,"enemies":"Colosseum Slavers","floor":27,"turns":5},{"damage":2,"enemies":"Colosseum Nobs","floor":27,"turns":5},{"damage":4,"enemies":"Centurion and Healer","floor":28,"turns":4},{"damage":45,"enemies":"Slavers","floor":29,"turns":7},{"damage":2,"enemies":"Champ","floor":33,"turns":5},{"damage":16,"enemies":"Orb Walker","floor":35,"turns":2},{"damage":1,"enemies":"3 Shapes","floor":38,"turns":6},{"damage":7,"enemies":"2 Orb Walkers","floor":39,"turns":3},{"damage":53,"enemies":"Nemesis","floor":40,"turns":9},{"damage":20,"enemies":"Giant Head","floor":42,"turns":8},{"damage":37,"enemies":"Reptomancer","floor":44,"turns":5},{"damage":0,"enemies":"Transient","floor":46,"turns":6},{"damage":0,"enemies":"Mind Bloom Boss Battle","floor":47,"turns":5},{"damage":8,"enemies":"Maw","floor":48,"turns":6},{"damage":53,"enemies":"Awakened One","floor":50,"turns":7},{"damage":44,"enemies":"Donu and Deca","floor":51,"turns":8}],"seed_played":"6750532495336186350","potions_obtained":[{"floor":2,"key":"Dexterity Potion"},{"floor":14,"key":"Explosive Potion"},{"floor":16,"key":"Swift Potion"},{"floor":18,"key":"EssenceOfSteel"},{"floor":28,"key":"Dexterity Potion"},{"floor":33,"key":"Energy Potion"},{"floor":42,"key":"Energy Potion"}],"is_trial":false,"path_per_floor":["M","M","$","M","M","R","E","?","T","R","?","R","?","M","R","B",null,"M","$","M","?","M","R","E","R","T","?","M","E","R","$","R","B",null,"M","$","?","M","?","E","R","E","T","E","R","M","?","M","R","B","B",null],"character_chosen":"IRONCLAD","items_purchased":["Inflame","Iron Wave","FearPotion","Corruption","Sentinel","Shrug It Off","Feel No Pain","Strength Potion","Ancient Potion"],"campfire_rested":3,"item_purchase_floors":[3,3,3,19,19,31,31,31,36],"current_hp_per_floor":[73,72,72,75,65,65,41,41,41,41,18,40,29,28,28,11,59,55,55,42,42,45,45,41,63,63,54,64,35,35,35,57,75,75,75,75,69,79,79,50,50,56,56,45,45,73,85,87,87,60,44],"gold":371,"neow_bonus":"HUNDRED_GOLD","is_prod":false,"is_daily":false,"chose_seed":false,"campfire_upgraded":8,"win_rate":0,"timestamp":1557290093,"path_taken":["M","?","$","M","M","R","E","?","T","R","?","R","?","M","R","BOSS","M","$","M","?","M","R","E","R","T","?","M","E","R","$","R","BOSS","M","$","?","M","?","E","R","E","T","E","R","M","?","M","R","BOSS","BOSS"],"build_version":"2019-04-23","purchased_purges":3,"victory":true,"max_hp_per_floor":[75,75,75,75,75,75,75,75,75,75,75,75,75,75,75,75,75,75,75,75,75,75,75,75,75,75,75,75,75,75,75,75,75,75,75,75,79,79,79,81,81,81,81,83,83,83,85,87,87,87,87],"card_choices":[{"not_picked":["Thunderclap","Pommel Strike"],"picked":"Spot Weakness","floor":1},{"not_picked":["Twin Strike","Clash"],"picked":"Heavy Blade","floor":2},{"not_picked":["Spot Weakness","Iron Wave"],"picked":"Armaments","floor":4},{"not_picked":["Twin Strike","Iron Wave"],"picked":"Metallicize","floor":5},{"not_picked":["Armaments","Headbutt","Whirlwind"],"picked":"SKIP","floor":7},{"not_picked":["Metallicize","Corruption","Twin Strike"],"picked":"SKIP","floor":14},{"not_picked":["Dark Embrace","Exhume"],"picked":"Demon Form","floor":16},{"not_picked":["Blood for Blood","Clothesline"],"picked":"Flame Barrier","floor":18},{"not_picked":["Warcry","Intimidate"],"picked":"True Grit","floor":20},{"not_picked":["True Grit","Burning Pact","Rupture"],"picked":"SKIP","floor":22},{"not_picked":["Headbutt","Sword Boomerang"],"picked":"Heavy Blade","floor":24},{"not_picked":["Heavy Blade","Blood for Blood"],"picked":"Immolate","floor":27},{"not_picked":["Armaments","Metallicize"],"picked":"Dual Wield","floor":28},{"not_picked":["Blood for Blood","Iron Wave+1"],"picked":"Inflame","floor":29},{"not_picked":["Dark Embrace","Juggernaut"],"picked":"Impervious","floor":33},{"not_picked":["Clothesline","Twin Strike"],"picked":"Inflame+1","floor":35},{"not_picked":["Jack Of All Trades","Good Instincts"],"picked":"Trip","floor":37},{"not_picked":["Jack Of All Trades","Purity","Magnetism"],"picked":"Singing Bowl","floor":37},{"not_picked":["Panacea","Mayhem","Flash of Steel"],"picked":"Singing Bowl","floor":37},{"not_picked":["Seeing Red+1","Iron Wave"],"picked":"Clothesline+1","floor":38},{"not_picked":["Iron Wave","Combust"],"picked":"Corruption+1","floor":39},{"not_picked":["Armaments","Twin Strike","Clash"],"picked":"Singing Bowl","floor":40},{"not_picked":["Rage+1","Havoc"],"picked":"Warcry+1","floor":42},{"not_picked":["Ghostly Armor","Wild Strike","Spot Weakness+1"],"picked":"Singing Bowl","floor":44},{"not_picked":["Intimidate","Heavy Blade"],"picked":"Shrug It Off","floor":46},{"not_picked":["Berserk+1","Iron Wave","Searing Blow"],"picked":"Singing Bowl","floor":47},{"not_picked":["Clash","Pummel+1","Warcry"],"picked":"Singing Bowl","floor":48}],"player_experience":552518,"relics_obtained":[{"floor":7,"key":"Happy Flower"},{"floor":9,"key":"Ancient Tea Set"},{"floor":24,"key":"Paper Frog"},{"floor":26,"key":"Bottled Flame"},{"floor":27,"key":"Bird Faced Urn"},{"floor":27,"key":"Singing Bowl"},{"floor":29,"key":"Torii"},{"floor":39,"key":"Unceasing Top"},{"floor":40,"key":"Nunchaku"},{"floor":42,"key":"Du-Vu Doll"},{"floor":43,"key":"Frozen Egg 2"},{"floor":44,"key":"Mummified Hand"},{"floor":47,"key":"Thread and Needle"}],"event_choices":[{"damage_healed":0,"gold_gain":0,"player_choice":"Grow","damage_taken":0,"max_hp_gain":0,"max_hp_loss":0,"event_name":"Living Wall","floor":8,"gold_loss":0,"cards_upgraded":["Heavy Blade"]},{"damage_healed":0,"gold_gain":0,"player_choice":"Entered Light","damage_taken":23,"max_hp_gain":0,"max_hp_loss":0,"event_name":"Shining Light","floor":11,"gold_loss":0,"cards_upgraded":["Strike_R","Strike_R"]},{"damage_healed":0,"gold_gain":75,"player_choice":"Gather Gold","damage_taken":11,"max_hp_gain":0,"max_hp_loss":0,"event_name":"World of Goop","floor":13,"gold_loss":0},{"damage_healed":0,"gold_gain":0,"player_choice":"Read","damage_taken":0,"max_hp_gain":0,"max_hp_loss":0,"event_name":"The Library","floor":21,"gold_loss":0,"cards_obtained":["Feel No Pain"]},{"damage_healed":0,"gold_gain":0,"player_choice":"Fight","damage_taken":0,"max_hp_gain":0,"max_hp_loss":0,"event_name":"Colosseum","floor":27,"gold_loss":0},{"damage_healed":0,"gold_gain":0,"player_choice":"Fought Nobs","damage_taken":0,"max_hp_gain":0,"max_hp_loss":0,"event_name":"Colosseum","floor":27,"gold_loss":0},{"damage_healed":0,"gold_gain":0,"player_choice":"Memory 3","damage_taken":10,"max_hp_gain":0,"max_hp_loss":0,"event_name":"SensoryStone","floor":37,"gold_loss":0},{"damage_healed":0,"gold_gain":0,"player_choice":"Fight","damage_taken":0,"max_hp_gain":0,"max_hp_loss":0,"event_name":"Mysterious Sphere","floor":39,"gold_loss":0},{"damage_healed":0,"gold_gain":0,"player_choice":"Fight","damage_taken":0,"max_hp_gain":0,"max_hp_loss":0,"event_name":"MindBloom","floor":47,"gold_loss":0}],"is_beta":true,"boss_relics":[{"not_picked":["White Beast Statue","Lizard Tail"],"picked":"Snecko Eye"},{"not_picked":["Eternal Feather","Runic Cube"],"picked":"Black Blood"}],"items_purged_floors":[3,19,31],"is_endless":false,"potions_floor_spawned":[2,14,16,18,28,33,38,42,46,47],"ascension_level":20}