{"gold_per_floor":[118,137,57,70,70,70,95,110,110,110,122,122,148,159,159,159],"floor_reached":16,"playtime":644,"items_purged":[],"score":224,"play_id":"a146f70d-996d-4539-902d-6f014acc4624","local_time":"20190206154631","is_ascension_mode":true,"campfire_choices":[{"data":"Bash","floor":6,"key":"SMITH"},{"data":"True Grit","floor":10,"key":"SMITH"},{"data":"Disarm","floor":12,"key":"SMITH"},{"data":"Inflame","floor":15,"key":"SMITH"}],"neow_cost":"NONE","seed_source_timestamp":2654843280802743,"circlet_count":0,"master_deck":["AscendersBane","Strike_R","Strike_R","Strike_R","Strike_R","Defend_R","Defend_R","Defend_R","Defend_R","Bash+1","Battle Trance","Twin Strike","Feel No Pain","Disarm+1","True Grit+1","Inflame+1","Combust","True Grit"],"relics":["Burning Blood","Calipers","Nunchaku","Mercury Hourglass"],"potions_floor_usage":[16],"damage_taken":[{"damage":7,"enemies":"Small Slimes","floor":1,"turns":3},{"damage":7,"enemies":"Cultist","floor":2,"turns":4},{"damage":9,"enemies":"2 Louse","floor":4,"turns":3},{"damage":36,"enemies":"Gremlin Nob","floor":7,"turns":4},{"damage":14,"enemies":"Exordium Wildlife","floor":8,"turns":4},{"damage":4,"enemies":"Blue Slaver","floor":11,"turns":6},{"damage":12,"enemies":"Lagavulin","floor":13,"turns":8},{"damage":9,"enemies":"Large Slime","floor":14,"turns":5},{"damage":26,"enemies":"The Guardian","floor":16,"turns":5}],"seed_played":"-8803407146360654932","potions_obtained":[{"floor":4,"key":"SpeedPotion"},{"floor":8,"key":"Swift Potion"},{"floor":13,"key":"SteroidPotion"}],"is_trial":false,"path_per_floor":["M","M","$","M","?","R","E","M","T","R","M","R","E","M","R","B"],"character_chosen":"IRONCLAD","items_purchased":["Feel No Pain"],"campfire_rested":0,"item_purchase_floors":[3],"current_hp_per_floor":[74,73,73,70,70,70,40,32,32,32,34,34,28,25,25,0],"gold":159,"neow_bonus":"TEN_PERCENT_HP_BONUS","is_prod":false,"is_daily":false,"chose_seed":false,"campfire_upgraded":4,"win_rate":0,"timestamp":1549496791,"path_taken":["M","M","$","M","?","R","E","?","T","R","M","R","E","M","R","BOSS"],"build_version":"2019-01-23","purchased_purges":0,"victory":false,"max_hp_per_floor":[82,82,82,82,82,82,82,82,82,82,82,82,82,82,82,82],"card_choices":[{"not_picked":["Warcry","Thunderclap"],"picked":"Battle Trance","floor":1},{"not_picked":["Perfected Strike","Clash"],"picked":"Twin Strike","floor":2},{"not_picked":["Whirlwind","Metallicize"],"picked":"Disarm","floor":4},{"not_picked":["Flex","Sever Soul","Dual Wield"],"picked":"SKIP","floor":7},{"not_picked":["Warcry","Bludgeon"],"picked":"True Grit","floor":8},{"not_picked":["Cleave","Power Through"],"picked":"Inflame","floor":11},{"not_picked":["Heavy Blade","Iron Wave"],"picked":"Combust","floor":13},{"not_picked":["Perfected Strike","Power Through"],"picked":"True Grit","floor":14}],"player_experience":1220720,"relics_obtained":[{"floor":7,"key":"Calipers"},{"floor":9,"key":"Nunchaku"},{"floor":13,"key":"Mercury Hourglass"}],"event_choices":[{"cards_removed":["Strike_R"],"damage_healed":0,"gold_gain":0,"player_choice":"Purged","damage_taken":0,"max_hp_gain":0,"max_hp_loss":0,"event_name":"Purifier","floor":5,"gold_loss":0}],"is_beta":true,"boss_relics":[],"items_purged_floors":[],"is_endless":false,"potions_floor_spawned":[4,8,13],"killed_by":"The Guardian","ascension_level":20}