{"gold_per_floor":[119,119,119,139,154,154,213,213,213,229,239,239,255,285,285,357,357,373,441,454,97,121,121,121],"floor_reached":24,"playtime":948,"items_purged":["Strike_B"],"score":371,"play_id":"c4507741-8857-4dcb-86fd-765394f08965","local_time":"20190829133348","is_ascension_mode":true,"campfire_choices":[{"data":"Zap","floor":6.0,"key":"SMITH"},{"data":"Chaos","floor":8.0,"key":"SMITH"},{"data":"Hyperbeam","floor":12.0,"key":"SMITH"},{"floor":15.0,"key":"REST"},{"floor":23,"key":"REST"}],"neow_cost":"NONE","seed_source_timestamp":0,"circlet_count":0,"master_deck":["AscendersBane","Strike_B","Strike_B","Defend_B","Defend_B","Defend_B","Defend_B","Zap+1","Dualcast","Hyperbeam+1","Compile Driver","Scrape","Cold Snap","Chaos+1","Seek","Coolheaded","Ball Lightning","Hologram","Buffer","Glacier","Thunder Strike"],"special_seed":0,"relics":["FrozenCore","Dodecahedron","Tiny Chest","Regal Pillow","Prayer Wheel","Letter Opener","Singing Bowl","Art of War"],"potions_floor_usage":[],"damage_taken":[{"damage":0.0,"enemies":"Small Slimes","floor":1.0,"turns":1.0},{"damage":2.0,"enemies":"Jaw Worm","floor":4.0,"turns":2.0},{"damage":1.0,"enemies":"Cultist","floor":5.0,"turns":3.0},{"damage":19.0,"enemies":"Lagavulin","floor":7.0,"turns":8.0},{"damage":12.0,"enemies":"Exordium Wildlife","floor":10.0,"turns":3.0},{"damage":0.0,"enemies":"Lots of Slimes","floor":11.0,"turns":1.0},{"damage":0.0,"enemies":"3 Louse","floor":13.0,"turns":1.0},{"damage":13.0,"enemies":"3 Sentries","floor":14.0,"turns":3.0},{"damage":46.0,"enemies":"The Guardian","floor":16.0,"turns":13.0},{"damage":2,"enemies":"Chosen","floor":18,"turns":4},{"damage":23,"enemies":"2 Thieves","floor":20,"turns":4},{"damage":78,"enemies":"Gremlin Leader","floor":24,"turns":7}],"seed_played":"8674432819966161367","potions_obtained":[{"floor":5.0,"key":"Regen Potion"},{"floor":13.0,"key":"SteroidPotion"},{"floor":14.0,"key":"LiquidBronze"}],"is_trial":false,"path_per_floor":["M","?","?","M","M","R","E","R","T","M","M","R","M","E","R","B",null,"M","T","M","$","T","R","E"],"character_chosen":"DEFECT","items_purchased":["Singing Bowl"],"campfire_rested":2,"item_purchase_floors":[21],"current_hp_per_floor":[64,53,53,51,50,50,46,46,46,34,34,34,34,21,57,11,56,54,54,31,31,31,67,0],"gold":121,"neow_bonus":"ONE_RANDOM_RARE_CARD","is_prod":false,"is_daily":false,"chose_seed":false,"campfire_upgraded":3,"win_rate":0,"timestamp":1567100028,"path_taken":["M","?","?","M","M","R","E","R","T","M","M","R","M","E","R","BOSS","M","?","M","$","?","R","E"],"build_version":"2019-07-17","purchased_purges":1,"victory":false,"max_hp_per_floor":[71,71,71,71,71,71,71,71,71,71,71,71,71,71,71,71,71,71,71,71,71,71,71,71],"card_choices":[{"not_picked":["Beam Cell","Reprogram"],"picked":"Compile Driver","floor":1.0},{"not_picked":["Rebound","Rip and Tear"],"picked":"Cold Snap","floor":4.0},{"not_picked":["Gash","Stack"],"picked":"Chaos","floor":5.0},{"not_picked":["Go for the Eyes","Compile Driver"],"picked":"Seek","floor":7.0},{"not_picked":["Cold Snap","Barrage"],"picked":"Coolheaded","floor":10.0},{"not_picked":["Coolheaded","Turbo"],"picked":"Ball Lightning","floor":11.0},{"not_picked":["Streamline","Cold Snap"],"picked":"Hologram","floor":13.0},{"not_picked":["Chill","Stack","Go for the Eyes"],"picked":"SKIP","floor":14.0},{"not_picked":["Fission","Meteor Strike"],"picked":"Buffer","floor":16.0},{"not_picked":["Compile Driver","Fusion+1"],"picked":"Glacier","floor":18},{"not_picked":["Chill","Ball Lightning","Compile Driver"],"picked":"SKIP","floor":18},{"not_picked":["Cold Snap","Undo"],"picked":"Thunder Strike","floor":20},{"not_picked":["Sunder","Stack","Cold Snap"],"picked":"SKIP","floor":20}],"player_experience":740951,"relics_obtained":[{"floor":7.0,"key":"Tiny Chest"},{"floor":9.0,"key":"Regal Pillow"},{"floor":14.0,"key":"Prayer Wheel"},{"floor":19,"key":"Letter Opener"},{"floor":22,"key":"Art of War"}],"event_choices":[{"damage_healed":0.0,"max_hp_gain":0.0,"max_hp_loss":0.0,"gold_gain":0.0,"event_name":"Scrap Ooze","player_choice":"Success","floor":2.0,"gold_loss":0.0,"damage_taken":11.0,"relics_obtained":["Dodecahedron"]},{"damage_healed":0.0,"max_hp_gain":0.0,"max_hp_loss":0.0,"gold_gain":0.0,"cards_transformed":["Strike_B"],"event_name":"Transmorgrifier","player_choice":"Transformed","floor":3.0,"gold_loss":0.0,"damage_taken":0.0,"cards_obtained":["Scrape"]}],"is_beta":false,"boss_relics":[{"not_picked":["Runic Dome","Astrolabe"],"picked":"FrozenCore"}],"items_purged_floors":[21],"is_endless":false,"potions_floor_spawned":[5,13,14,16],"killed_by":"Gremlin Leader","ascension_level":16}