{"gold_per_floor":[114,114,114,189,202,202,218,95,167,194,194,225,225,255,255,334,334,334,334,145,145,145,145,145,145,145,20,20,20,20,20,20,20,20,20,20,20,20,20,20,20,0,0,0,0,0,0,0,0,0],"floor_reached":51,"playtime":4477,"items_purged":["Regret","Strike_P","Strike_P+1"],"score":1372,"play_id":"dadd900d-f132-4ce0-a251-e97f5d736997","local_time":"20190917201215","is_ascension_mode":true,"campfire_choices":[{"data":"ForeignInfluence","floor":6.0,"key":"SMITH"},{"data":"FlyingSleeves","floor":11.0,"key":"SMITH"},{"data":"Protect","floor":13.0,"key":"SMITH"},{"data":"Adaptation","floor":15.0,"key":"SMITH"},{"data":"Judgement","floor":24.0,"key":"SMITH"},{"floor":32.0,"key":"REST"},{"floor":41,"key":"REST"},{"data":"Protect","floor":47,"key":"SMITH"},{"floor":49,"key":"REST"}],"neow_cost":"NONE","seed_source_timestamp":25609526677000,"circlet_count":0,"master_deck":["AscendersBane","Strike_P+1","Defend_P+1","Defend_P+1","Eruption+1","Vigilance","ForeignInfluence+1","WindmillStrike","Crescendo","Protect+1","FlyingSleeves+1","MentalFortress","Adaptation+1","Judgement+1","Establishment","CarveReality","SandsOfTime","Evaluate+1","Blind","Vault","Wallop","CutThroughFate","InnerPeace","ClearTheMind","Vault","Necronomicurse","MasterReality","SashWhip+1","DeceiveReality+1","EmptyMind","FlyingSleeves+1","Protect+1","EmptyMind","BattleHymn"],"special_seed":0,"relics":["PureWater","NeowsBlessing","Bag of Preparation","White Beast Statue","Pocketwatch","Prayer Wheel","Question Card","Ectoplasm","InkBottle","Letter Opener","Potion Belt","Orichalcum","Necronomicon","Astrolabe","Du-Vu Doll","Singing Bowl","Red Mask","Dodecahedron","Lizard Tail"],"potions_floor_usage":[33,35,40,40,46,50,50,50],"damage_taken":[{"damage":0.0,"enemies":"Cultist","floor":1.0,"turns":1.0},{"damage":0.0,"enemies":"Small Slimes","floor":5.0,"turns":1.0},{"damage":0.0,"enemies":"Jaw Worm","floor":7.0,"turns":1.0},{"damage":9.0,"enemies":"3 Sentries","floor":10.0,"turns":6.0},{"damage":0.0,"enemies":"Lagavulin","floor":12.0,"turns":3.0},{"damage":28.0,"enemies":"Gremlin Nob","floor":14.0,"turns":3.0},{"damage":0.0,"enemies":"Hexaghost","floor":16.0,"turns":8.0},{"damage":0.0,"enemies":"Spheric Guardian","floor":18.0,"turns":2.0},{"damage":0.0,"enemies":"2 Thieves","floor":19.0,"turns":1.0},{"damage":0.0,"enemies":"Snecko","floor":21.0,"turns":4.0},{"damage":14.0,"enemies":"Book of Stabbing","floor":23.0,"turns":3.0},{"damage":8.0,"enemies":"Snake Plant","floor":25.0,"turns":3.0},{"damage":5.0,"enemies":"Slavers","floor":28.0,"turns":3.0},{"damage":21,"enemies":"Champ","floor":33,"turns":8},{"damage":0,"enemies":"Orb Walker","floor":35,"turns":1},{"damage":29,"enemies":"2 Orb Walkers","floor":37,"turns":4},{"damage":0,"enemies":"3 Shapes","floor":39,"turns":2},{"damage":16,"enemies":"Nemesis","floor":40,"turns":5},{"damage":5,"enemies":"Sphere and 2 Shapes","floor":45,"turns":4},{"damage":0,"enemies":"Reptomancer","floor":46,"turns":3},{"damage":0,"enemies":"4 Shapes","floor":48,"turns":4},{"damage":21,"enemies":"Donu and Deca","floor":50,"turns":11}],"seed_played":"-8650884260743610209","potions_obtained":[{"floor":1.0,"key":"Ancient Potion"},{"floor":5.0,"key":"LiquidBronze"},{"floor":10.0,"key":"Energy Potion"},{"floor":14.0,"key":"PowerPotion"},{"floor":16.0,"key":"SteroidPotion"},{"floor":18.0,"key":"Dexterity Potion"},{"floor":19.0,"key":"Energy Potion"},{"floor":23.0,"key":"Swift Potion"},{"floor":25.0,"key":"Strength Potion"},{"floor":28.0,"key":"FearPotion"},{"floor":33,"key":"StancePotion"},{"floor":35,"key":"Ancient Potion"},{"floor":37,"key":"Block Potion"},{"floor":39,"key":"FearPotion"},{"floor":40,"key":"SpeedPotion"},{"floor":45,"key":"Poison Potion"},{"floor":46,"key":"Fire Potion"},{"floor":48,"key":"LiquidBronze"}],"is_trial":false,"path_per_floor":["M","?","?","?","M","R","M","$","T","E","R","E","R","E","R","B",null,"M","M","$","M","?","E","R","M","T","$","E","T","?","?","R","B",null,"M","?","?","?","M","E","R","?","T","$","M","E","R","M","R","B",null],"character_chosen":"WATCHER","items_purchased":["Protect","Blind"],"campfire_rested":3,"item_purchase_floors":[8,20],"current_hp_per_floor":[55,55,55,44,44,44,44,44,44,35,35,35,35,7,7,7,48,48,48,48,48,48,34,34,26,26,26,21,21,21,5,23,2,46,46,46,17,17,17,3,21,21,21,21,18,20,20,22,41,20],"gold":0,"neow_bonus":"THREE_ENEMY_KILL","is_prod":false,"is_daily":false,"chose_seed":false,"campfire_upgraded":6,"win_rate":0,"timestamp":1568743935,"path_taken":["M","?","?","?","M","R","?","$","T","E","R","E","R","E","R","BOSS","M","M","$","M","?","E","R","M","T","$","E","?","?","?","R","BOSS","M","?","?","?","?","E","R","?","T","?","M","E","R","M","R","BOSS"],"build_version":"2019-09-16v2","purchased_purges":3,"victory":true,"max_hp_per_floor":[61,61,61,61,61,61,61,61,61,61,61,61,61,61,61,61,61,61,61,61,61,61,61,61,61,61,61,61,61,61,61,61,61,61,61,58,58,58,58,60,60,60,60,60,62,64,64,66,66,66],"card_choices":[{"not_picked":["FlyingSleeves","Collect"],"picked":"ForeignInfluence","floor":1.0},{"not_picked":["Weave","FlyingSleeves"],"picked":"WindmillStrike","floor":5.0},{"not_picked":["Establishment","ThirdEye"],"picked":"Crescendo","floor":7.0},{"not_picked":["FollowUp","Vengeance"],"picked":"FlyingSleeves","floor":10.0},{"not_picked":["Wallop","ThirdEye"],"picked":"MentalFortress","floor":12.0},{"not_picked":["Swivel","Worship"],"picked":"Adaptation","floor":14.0},{"not_picked":["MasterReality","Omniscience","Brilliance"],"picked":"Judgement","floor":16.0},{"not_picked":["Prostrate","ClearTheMind","WaveOfTheHand"],"picked":"Establishment","floor":18.0},{"not_picked":["Weave","Prostrate","Meditate"],"picked":"CarveReality","floor":18.0},{"not_picked":["FlyingSleeves","Weave","StepAndStrike"],"picked":"SandsOfTime","floor":19.0},{"not_picked":["Scrawl","Devotion+1","CutThroughFate"],"picked":"Evaluate+1","floor":19.0},{"not_picked":["Sanctity","CrushJoints","EmptyFist"],"picked":"Vault","floor":21.0},{"not_picked":["Swivel","Sanctity","ForeignInfluence"],"picked":"Wallop","floor":21.0},{"not_picked":["BowlingBash","Consecrate","PathToVictory"],"picked":"CutThroughFate","floor":23.0},{"not_picked":["CrushJoints","Weave","Collect"],"picked":"InnerPeace","floor":25.0},{"not_picked":["JustLucky","Scrawl","WreathOfFlame"],"picked":"ClearTheMind","floor":25.0},{"not_picked":["CrushJoints","EmptyFist","Adaptation"],"picked":"Vault","floor":28.0},{"not_picked":["Pray","Nirvana","Omniscience"],"picked":"MasterReality","floor":33},{"not_picked":["Wireheading","BowlingBash","CutThroughFate"],"picked":"EmptyMind","floor":35},{"not_picked":["Swivel","Consecrate","Vengeance+1"],"picked":"FlyingSleeves+1","floor":35},{"not_picked":["Prostrate","SashWhip","JustLucky+1"],"picked":"Protect","floor":39},{"not_picked":["Weave+1","Prostrate+1","Halt+1","BowlingBash"],"picked":"SKIP","floor":39},{"not_picked":["Prostrate","FlurryOfBlows","Swivel+1","SashWhip+1"],"picked":"Singing Bowl","floor":40},{"not_picked":["StepAndStrike+1","Weave+1","SashWhip","Collect"],"picked":"Singing Bowl","floor":45},{"not_picked":["Nirvana","Consecrate","SashWhip+1"],"picked":"EmptyMind","floor":45},{"not_picked":["StepAndStrike+1","Wallop+1","WaveOfTheHand","Adaptation"],"picked":"Singing Bowl","floor":46},{"not_picked":["CutThroughFate","EmptyFist","ClearTheMind","EmptyMind"],"picked":"Singing Bowl","floor":48},{"not_picked":["FollowUp","ClearTheMind","Perseverance+1"],"picked":"BattleHymn","floor":48}],"player_experience":705863,"relics_obtained":[{"floor":9.0,"key":"White Beast Statue"},{"floor":10.0,"key":"Pocketwatch"},{"floor":12.0,"key":"Prayer Wheel"},{"floor":14.0,"key":"Question Card"},{"floor":23.0,"key":"InkBottle"},{"floor":26.0,"key":"Letter Opener"},{"floor":28.0,"key":"Potion Belt"},{"floor":29.0,"key":"Orichalcum"},{"floor":31.0,"key":"Necronomicon"},{"floor":37,"key":"Du-Vu Doll"},{"floor":40,"key":"Singing Bowl"},{"floor":43,"key":"Dodecahedron"},{"floor":46,"key":"Lizard Tail"}],"event_choices":[{"damage_healed":0.0,"max_hp_gain":0.0,"max_hp_loss":0.0,"gold_gain":0.0,"event_name":"Living Wall","player_choice":"Grow","floor":2.0,"gold_loss":0.0,"damage_taken":0.0,"cards_upgraded":["Eruption"]},{"damage_healed":0.0,"max_hp_gain":0.0,"max_hp_loss":0.0,"gold_gain":0.0,"event_name":"Big Fish","player_choice":"Box","floor":3.0,"gold_loss":0.0,"damage_taken":0.0,"relics_obtained":["Bag of Preparation"],"cards_obtained":["Regret"]},{"damage_healed":0.0,"max_hp_gain":0.0,"max_hp_loss":0.0,"gold_gain":75.0,"event_name":"World of Goop","player_choice":"Gather Gold","floor":4.0,"gold_loss":0.0,"damage_taken":11.0},{"damage_healed":0.0,"max_hp_gain":0.0,"max_hp_loss":0.0,"gold_gain":0.0,"event_name":"Back to Basics","player_choice":"Simplicity","floor":22.0,"gold_loss":0.0,"damage_taken":0.0,"cards_upgraded":["Strike_P","Strike_P","Strike_P","Defend_P","Defend_P","Defend_P","Defend_P"]},{"damage_healed":0.0,"max_hp_gain":0.0,"max_hp_loss":0.0,"gold_gain":0.0,"event_name":"Ghosts","player_choice":"Ignored","floor":30.0,"gold_loss":0.0,"damage_taken":0.0},{"damage_healed":0.0,"max_hp_gain":0.0,"max_hp_loss":0.0,"gold_gain":0.0,"event_name":"Cursed Tome","player_choice":"Obtained Book","floor":31.0,"gold_loss":0.0,"damage_taken":16.0},{"damage_healed":0,"gold_gain":0,"player_choice":"Max HP","damage_taken":0,"max_hp_gain":0,"max_hp_loss":3,"event_name":"Winding Halls","floor":36,"gold_loss":0},{"damage_healed":0,"gold_gain":0,"player_choice":"Fight","damage_taken":0,"max_hp_gain":0,"max_hp_loss":0,"event_name":"Mysterious Sphere","floor":37,"gold_loss":0},{"cards_removed":["Devotion"],"damage_healed":0,"gold_gain":0,"player_choice":"Purged","damage_taken":0,"max_hp_gain":0,"max_hp_loss":0,"event_name":"Purifier","floor":38,"gold_loss":0},{"damage_healed":0,"gold_gain":0,"player_choice":"Paid","damage_taken":0,"relics_obtained":["Red Mask"],"max_hp_gain":0,"max_hp_loss":0,"event_name":"Tomb of Lord Red Mask","floor":42,"gold_loss":20}],"is_beta":true,"boss_relics":[{"not_picked":["SacredBark","Runic Pyramid"],"picked":"Ectoplasm"},{"not_picked":["Coffee Dripper","Pandora\u0027s Box"],"picked":"Astrolabe"}],"items_purged_floors":[8,20,27],"is_endless":false,"potions_floor_spawned":[1,5,10,12,14,16,18,19,21,23,25,28,33,35,37,39,40,45,46,48],"ascension_level":14}