{"gold_per_floor":[114,10,10,10,10,10,41,41,41,41,75,75,0,20,20,143,143,156,156,2,2,18,18,42,78,105,119,152,6,41,62,62,191,191,207,207,8,24,47,82,103,119,119,138,153,3,368,5,5,5,5,5,5,48,48],"floor_reached":55,"playtime":4510,"items_purged":["Clumsy","Strike_P","Strike_P","Parasite","Defend_P"],"score":1027,"play_id":"f55764b4-c6d9-4881-9a00-b3f619ecfafd","local_time":"20190915145526","is_ascension_mode":true,"campfire_choices":[{"data":"JustLucky","floor":6.0,"key":"SMITH"},{"data":"Consecrate","floor":8.0,"key":"SMITH"},{"data":"JustLucky","floor":10.0,"key":"SMITH"},{"data":"Halt","floor":15.0,"key":"SMITH"},{"data":"Nirvana","floor":23.0,"key":"SMITH"},{"data":"Devotion","floor":32.0,"key":"SMITH"},{"floor":49.0,"key":"RECALL"},{"data":"Pray","floor":52.0,"key":"SMITH"}],"neow_cost":"CURSE","seed_source_timestamp":1452982783522200,"circlet_count":0,"master_deck":["Strike_P","Strike_P","Defend_P","Defend_P","Defend_P+1","Eruption","Vigilance+1","JustLucky+1","JustLucky+1","Halt+1","Consecrate+1","Weave","Trip","Nirvana+1","Halt+1","JustLucky","Weave","Wireheading+1","ClearTheMind+1","Prostrate","Prostrate","ForeignInfluence+1","Devotion+1","DeusExMachina","FollowUp+1","Devotion","Devotion+1","JustLucky+1","Consecrate+1","Weave+1","Pray+1","Collect+1","Weave+1"],"special_seed":0,"relics":["PureWater","Unceasing Top","Pear","Golden Idol","Odd Mushroom","Melange","PreservedInsect","SlaversCollar","Molten Egg 2","Meat on the Bone","Happy Flower","Strawberry","Vajra","Potion Belt","VioletLotus","Kunai","Old Coin","TheAbacus","Calipers"],"potions_floor_usage":[55],"damage_taken":[{"damage":0.0,"enemies":"Small Slimes","floor":1.0,"turns":3.0},{"damage":29.0,"enemies":"The Mushroom Lair","floor":7.0,"turns":5.0},{"damage":0.0,"enemies":"Lagavulin","floor":11.0,"turns":3.0},{"damage":0.0,"enemies":"2 Louse","floor":14.0,"turns":2.0},{"damage":2.0,"enemies":"Hexaghost","floor":16.0,"turns":7.0},{"damage":8.0,"enemies":"Shell Parasite","floor":18.0,"turns":4.0},{"damage":12.0,"enemies":"3 Byrds","floor":22.0,"turns":6.0},{"damage":4.0,"enemies":"Snake Plant","floor":24.0,"turns":3.0},{"damage":4.0,"enemies":"Slavers","floor":25.0,"turns":3.0},{"damage":0.0,"enemies":"Sentry and Sphere","floor":27.0,"turns":3.0},{"damage":9.0,"enemies":"Gremlin Leader","floor":28.0,"turns":5.0},{"damage":3.0,"enemies":"Slavers","floor":30.0,"turns":4.0},{"damage":8.0,"enemies":"Chosen and Byrds","floor":31.0,"turns":4.0},{"damage":0.0,"enemies":"Collector","floor":33.0,"turns":6.0},{"damage":2.0,"enemies":"Orb Walker","floor":35.0,"turns":3.0},{"damage":0.0,"enemies":"3 Shapes","floor":38.0,"turns":2.0},{"damage":1.0,"enemies":"Writhing Mass","floor":39.0,"turns":4.0},{"damage":0.0,"enemies":"Giant Head","floor":40.0,"turns":4.0},{"damage":22.0,"enemies":"Maw","floor":41.0,"turns":5.0},{"damage":16.0,"enemies":"Jaw Worm Horde","floor":42.0,"turns":3.0},{"damage":3.0,"enemies":"3 Darklings","floor":44.0,"turns":3.0},{"damage":0.0,"enemies":"Transient","floor":45.0,"turns":5.0},{"damage":26.0,"enemies":"2 Orb Walkers","floor":47.0,"turns":4.0},{"damage":2.0,"enemies":"Donu and Deca","floor":50.0,"turns":6.0},{"damage":7.0,"enemies":"Shield and Spear","floor":54.0,"turns":3.0},{"damage":69,"enemies":"The Heart","floor":55,"turns":9}],"seed_played":"1665095890174229394","potions_obtained":[{"floor":11.0,"key":"FearPotion"},{"floor":14.0,"key":"Explosive Potion"},{"floor":22.0,"key":"SkillPotion"},{"floor":24.0,"key":"FearPotion"},{"floor":27.0,"key":"SpeedPotion"},{"floor":30.0,"key":"Block Potion"},{"floor":31.0,"key":"Fire Potion"},{"floor":38.0,"key":"GamblersBrew"},{"floor":44.0,"key":"Explosive Potion"},{"floor":47.0,"key":"Ancient Potion"}],"is_trial":false,"path_per_floor":["M","$","?","?","?","R","?","R","T","R","E","?","$","M","R","B",null,"M","?","$","?","M","R","M","E","T","M","E","$","E","M","R","B",null,"M","?","$","M","M","E","M","M","T","M","M","$","?","$","R","B",null,"R","$","E","B"],"character_chosen":"WATCHER","items_purchased":["JustLucky","Halt","Weave","Vajra","Devotion","TheAbacus","Weave+1"],"campfire_rested":0,"item_purchase_floors":[2,2,20,29,37,48,48],"current_hp_per_floor":[65,65,72,69,55,55,26,26,26,26,26,26,26,26,26,24,69,61,61,61,61,49,49,45,41,41,41,51,51,48,40,40,40,76,74,74,74,74,73,73,51,47,47,44,44,44,30,30,30,40,73,73,73,66,0],"gold":48,"neow_bonus":"ONE_RARE_RELIC","is_prod":false,"is_daily":false,"chose_seed":false,"campfire_upgraded":7,"win_rate":0,"timestamp":1568584526,"path_taken":["M","$","?","?","?","R","?","R","T","R","E","?","$","M","R","BOSS","M","?","$","?","M","R","M","E","T","M","E","$","E","M","R","BOSS","M","?","$","M","M","E","M","M","T","?","M","?","?","$","R","BOSS","R","$","E","BOSS"],"build_version":"2019-09-12","purchased_purges":5,"victory":false,"max_hp_per_floor":[65,65,75,69,69,69,69,69,69,69,69,69,69,69,69,69,69,69,69,69,69,69,69,69,69,69,69,76,76,76,76,76,76,76,76,76,76,76,76,76,76,76,76,76,76,73,73,73,73,73,73,73,73,73,73],"card_choices":[{"not_picked":["Prostrate","Crescendo"],"picked":"JustLucky","floor":1.0},{"not_picked":["Tantrum","Sanctity"],"picked":"Consecrate","floor":7.0},{"not_picked":["Collect","Conclude"],"picked":"Weave","floor":11.0},{"not_picked":["Adaptation","WindmillStrike","ClearTheMind"],"picked":"SKIP","floor":14.0},{"not_picked":["Metaphysics","ReachHeaven"],"picked":"Nirvana","floor":16.0},{"not_picked":["EmptyMind","TalkToTheHand"],"picked":"Halt+1","floor":18.0},{"not_picked":["SpiritShield","CrushJoints+1"],"picked":"Wireheading+1","floor":22.0},{"not_picked":["CutThroughFate+1","BowlingBash+1"],"picked":"Scrawl","floor":24.0},{"not_picked":["Consecrate+1","CrushJoints+1"],"picked":"ClearTheMind+1","floor":25.0},{"not_picked":["ThirdEye","Weave+1"],"picked":"Prostrate","floor":27.0},{"not_picked":["Meditate","EmptyBody"],"picked":"Prostrate","floor":28.0},{"not_picked":["Collect","BowlingBash+1"],"picked":"ForeignInfluence+1","floor":30.0},{"not_picked":["Collect","Sanctity"],"picked":"Devotion","floor":31.0},{"not_picked":["DevaForm","Nirvana"],"picked":"DeusExMachina","floor":33.0},{"not_picked":["CrushJoints+1","EmptyFist+1"],"picked":"FollowUp+1","floor":35.0},{"not_picked":["ThirdEye+1","CutThroughFate+1"],"picked":"Devotion+1","floor":38.0},{"not_picked":["CarveReality+1","CutThroughFate+1","SpiritShield+1"],"picked":"SKIP","floor":39.0},{"not_picked":["TalkToTheHand+1","EmptyBody+1"],"picked":"JustLucky+1","floor":40.0},{"not_picked":["Scrawl+1","Collect+1","BowlingBash+1"],"picked":"SKIP","floor":41.0},{"not_picked":["ThirdEye+1","EmptyFist+1"],"picked":"Consecrate+1","floor":42.0},{"not_picked":["Swivel","EmptyBody+1"],"picked":"Weave+1","floor":44.0},{"not_picked":["CrushJoints+1","Sanctity"],"picked":"Pray","floor":45.0},{"not_picked":["Protect+1","Evaluate"],"picked":"Collect+1","floor":47.0},{"not_picked":["Protect+1","ThirdEye","Swivel+1"],"picked":"SKIP","floor":54.0}],"player_experience":3618289,"relics_obtained":[{"floor":7.0,"key":"Odd Mushroom"},{"floor":9.0,"key":"Melange"},{"floor":11.0,"key":"PreservedInsect"},{"floor":25.0,"key":"Meat on the Bone"},{"floor":26.0,"key":"Happy Flower"},{"floor":28.0,"key":"Strawberry"},{"floor":30.0,"key":"Potion Belt"},{"floor":40.0,"key":"Kunai"},{"floor":47.0,"key":"Old Coin"},{"floor":54.0,"key":"Calipers"}],"event_choices":[{"damage_healed":0.0,"max_hp_gain":0.0,"max_hp_loss":0.0,"gold_gain":0.0,"event_name":"Scrap Ooze","player_choice":"Success","floor":3.0,"gold_loss":0.0,"damage_taken":3.0,"relics_obtained":["Pear"]},{"damage_healed":0.0,"max_hp_gain":0.0,"max_hp_loss":6.0,"gold_gain":0.0,"event_name":"Golden Idol","player_choice":"Lose Max HP","floor":4.0,"gold_loss":0.0,"damage_taken":0.0,"relics_obtained":["Golden Idol"]},{"damage_healed":0.0,"max_hp_gain":0.0,"max_hp_loss":0.0,"gold_gain":0.0,"event_name":"Shining Light","player_choice":"Entered Light","floor":5.0,"gold_loss":0.0,"damage_taken":14.0,"cards_upgraded":["Vigilance","Defend_P"]},{"damage_healed":0.0,"max_hp_gain":0.0,"max_hp_loss":0.0,"gold_gain":0.0,"event_name":"Mushrooms","player_choice":"Fought Mushrooms","floor":7.0,"gold_loss":0.0,"damage_taken":0.0},{"damage_healed":0.0,"max_hp_gain":0.0,"max_hp_loss":0.0,"gold_gain":0.0,"event_name":"Match and Keep!","player_choice":"1 cards matched","floor":12.0,"gold_loss":0.0,"damage_taken":0.0,"cards_obtained":["Trip"]},{"damage_healed":0.0,"max_hp_gain":0.0,"max_hp_loss":0.0,"gold_gain":0.0,"event_name":"The Library","player_choice":"Read","floor":19.0,"gold_loss":0.0,"damage_taken":0.0,"cards_obtained":["JustLucky"]},{"damage_healed":0.0,"max_hp_gain":0.0,"max_hp_loss":0.0,"gold_gain":0.0,"event_name":"The Mausoleum","player_choice":"Opened","floor":21.0,"gold_loss":0.0,"damage_taken":0.0,"relics_obtained":["Molten Egg 2"]},{"cards_removed":["Scrawl"],"damage_healed":0.0,"max_hp_gain":0.0,"max_hp_loss":0.0,"gold_gain":0.0,"event_name":"Purifier","player_choice":"Purged","floor":36.0,"gold_loss":0.0,"damage_taken":0.0},{"damage_healed":0.0,"max_hp_gain":0.0,"max_hp_loss":0.0,"gold_gain":0.0,"event_name":"Mysterious Sphere","player_choice":"Fight","floor":47.0,"gold_loss":0.0,"damage_taken":0.0}],"is_beta":true,"boss_relics":[{"not_picked":["Philosopher\u0027s Stone","Coffee Dripper"],"picked":"SlaversCollar"},{"not_picked":["Sozu","HolyWater"],"picked":"VioletLotus"}],"items_purged_floors":[13,20,37,46,48],"is_endless":false,"potions_floor_spawned":[11,14,22,24,27,30,31,38,44,47],"killed_by":"The Heart","ascension_level":3}