{"gold_per_floor":[215,228,245,52,70,97,107,139,193,193,203,218,218,234,234,308,308,326,251,271,12,12,12,12],"floor_reached":24,"playtime":1139,"items_purged":["Strike_R"],"score":420,"play_id":"2b23b7d8-becc-4ad4-8d0a-2f887eaa2c29","local_time":"20190113002858","is_ascension_mode":true,"campfire_choices":[{"data":"Bash","floor":10,"key":"SMITH"},{"data":"Clothesline","floor":13,"key":"SMITH"},{"floor":15,"key":"REST"},{"data":"Limit Break","floor":23,"key":"SMITH"}],"neow_cost":"NONE","seed_source_timestamp":525694231353585,"circlet_count":0,"master_deck":["AscendersBane","Defend_R+1","Defend_R+1","Defend_R+1","Defend_R+1","Bash+1","Shockwave","Dropkick","Headbutt","Inflame","Clothesline+1","Feel No Pain","Anger","Spot Weakness","Offering","Havoc","Limit Break+1","Rampage+1","Spot Weakness+1","Havoc+1","Immolate","Disarm"],"relics":["Burning Blood","Dream Catcher","Art of War","Tiny Chest","Astrolabe"],"potions_floor_usage":[6,11,11,16,18,24],"damage_taken":[{"damage":7,"enemies":"2 Louse","floor":1,"turns":3},{"damage":1,"enemies":"Small Slimes","floor":2,"turns":4},{"damage":7,"enemies":"Jaw Worm","floor":3,"turns":3},{"damage":3,"enemies":"Looter","floor":5,"turns":4},{"damage":24,"enemies":"Gremlin Nob","floor":6,"turns":4},{"damage":11,"enemies":"2 Fungi Beasts","floor":7,"turns":3},{"damage":21,"enemies":"3 Sentries","floor":8,"turns":7},{"damage":26,"enemies":"Exordium Thugs","floor":11,"turns":6},{"damage":10,"enemies":"Red Slaver","floor":12,"turns":3},{"damage":12,"enemies":"2 Fungi Beasts","floor":14,"turns":4},{"damage":24,"enemies":"Hexaghost","floor":16,"turns":8},{"damage":19,"enemies":"Spheric Guardian","floor":18,"turns":5},{"damage":20,"enemies":"Chosen","floor":20,"turns":6},{"damage":48,"enemies":"Slavers","floor":24,"turns":3}],"seed_played":"-3736136421043542966","potions_obtained":[{"floor":3,"key":"Poison Potion"},{"floor":6,"key":"SpeedPotion"},{"floor":8,"key":"BloodPotion"},{"floor":11,"key":"Poison Potion"},{"floor":14,"key":"Block Potion"},{"floor":16,"key":"Fruit Juice"},{"floor":18,"key":"Poison Potion"}],"is_trial":false,"path_per_floor":["M","M","M","$","M","E","M","E","T","R","M","M","R","M","R","B",null,"M","?","M","$","?","R","E"],"character_chosen":"IRONCLAD","items_purchased":["Inflame","Clothesline","Immolate","Disarm"],"campfire_rested":1,"item_purchase_floors":[4,4,21,21],"current_hp_per_floor":[67,72,71,71,74,56,51,36,36,36,23,19,19,13,35,22,66,53,53,39,39,39,39,0],"gold":12,"neow_bonus":"HUNDRED_GOLD","is_prod":false,"is_daily":false,"chose_seed":false,"campfire_upgraded":3,"win_rate":0,"timestamp":1547368138,"path_taken":["M","M","M","$","M","E","M","E","T","R","M","M","R","M","R","BOSS","M","?","M","$","?","R","E"],"build_version":"2019-01-10","purchased_purges":1,"victory":false,"max_hp_per_floor":[75,75,75,75,75,75,75,75,75,75,75,75,75,75,75,80,80,80,80,80,80,80,80,80],"card_choices":[{"not_picked":["Thunderclap","True Grit"],"picked":"Shockwave","floor":1},{"not_picked":["True Grit","Thunderclap"],"picked":"Dropkick","floor":2},{"not_picked":["Clash","Thunderclap"],"picked":"Headbutt","floor":3},{"not_picked":["Anger","Body Slam"],"picked":"Feel No Pain","floor":5},{"not_picked":["Thunderclap","Hemokinesis"],"picked":"Anger","floor":6},{"not_picked":["Iron Wave","Wild Strike","Cleave"],"picked":"SKIP","floor":7},{"not_picked":["Havoc","Warcry"],"picked":"Spot Weakness","floor":8},{"not_picked":["Body Slam","Perfected Strike","Thunderclap"],"picked":"SKIP","floor":11},{"not_picked":["Pommel Strike","Cleave"],"picked":"Offering","floor":12},{"not_picked":["Wild Strike","Clash"],"picked":"Havoc","floor":14},{"not_picked":["Fiend Fire","Feed"],"picked":"Limit Break","floor":16},{"not_picked":["Cleave+1","Anger","Havoc"],"picked":"SKIP","floor":18},{"not_picked":["Clothesline","Wild Strike+1","Headbutt"],"picked":"SKIP","floor":20}],"player_experience":1171908,"relics_obtained":[{"floor":6,"key":"Dream Catcher"},{"floor":8,"key":"Art of War"},{"floor":9,"key":"Tiny Chest"}],"event_choices":[{"cards_removed":["Strike_R"],"damage_healed":0,"gold_gain":0,"player_choice":"Gave Gold","damage_taken":0,"max_hp_gain":0,"max_hp_loss":0,"event_name":"Beggar","floor":19,"gold_loss":75},{"damage_healed":0,"gold_gain":0,"player_choice":"Simplicity","damage_taken":0,"max_hp_gain":0,"max_hp_loss":0,"event_name":"Back to Basics","floor":22,"gold_loss":0,"cards_upgraded":["Defend_R","Defend_R","Defend_R","Defend_R"]}],"is_beta":true,"boss_relics":[{"not_picked":["Runic Cube","Fusion Hammer"],"picked":"Astrolabe"}],"items_purged_floors":[4],"is_endless":false,"potions_floor_spawned":[3,6,8,11,14,16,18],"killed_by":"Slavers","ascension_level":20}