{"gold_per_floor":[367,387,387,12,24,56,68,105,117,142,154,182,229,300,312,428,440,462,474,502,40,52,78,95,95,122,122,122,132,132,163,163,259,259,276,293,85,85,85,85,116,116,167,30,30,63,83,108,108,108],"floor_reached":51,"playtime":4800,"items_purged":["Strike_B","Strike_B"],"score":920,"play_id":"8a36c193-9140-44b3-8914-907bebe8d23e","local_time":"20190403201320","is_ascension_mode":true,"campfire_choices":[{"data":"Streamline","floor":7,"key":"SMITH"},{"data":"Defragment","floor":11,"key":"SMITH"},{"data":"Dualcast","floor":15,"key":"SMITH"},{"data":"Defragment","floor":25,"key":"SMITH"},{"data":"Buffer","floor":28,"key":"SMITH"},{"data":"Loop","floor":30,"key":"SMITH"},{"data":"Reboot","floor":32,"key":"SMITH"},{"data":"Static Discharge","floor":40,"key":"SMITH"},{"floor":42,"key":"DIG"},{"data":"Loop","floor":45,"key":"SMITH"},{"floor":49,"key":"DIG"}],"neow_cost":"TEN_PERCENT_HP_LOSS","seed_source_timestamp":69830274134916,"circlet_count":0,"master_deck":["Defend_B","Defend_B","Defend_B","Defend_B","Zap+1","Dualcast+1","Streamline+1","Cold Snap","Self Repair","Doom and Gloom","Hologram","Reboot+1","Defragment+1","Static Discharge+1","Double Energy+1","Amplify+1","Defragment+1","Genetic Algorithm+1","Redo+1","Multi-Cast+1","Leap+1","Compile Driver","Coolheaded+1","Buffer+1","Aggregate+1","Hello World","Loop+1","Conserve Battery+1","Creative AI","Chill+1","Coolheaded+1","Buffer+1","Dark Shackles+1","Undo+1","Loop+1","Barrage+1","Skim+1","Capacitor+1"],"relics":["Cracked Core","Bird Faced Urn","MawBank","Shovel","Toxic Egg 2","Pocketwatch","Bag of Preparation","Philosopher\u0027s Stone","Toy Ornithopter","Ginger","Regal Pillow","Bottled Tornado","Snecko Eye","DollysMirror","Bronze Scales","Mango","Centennial Puzzle","Cables","Bag of Marbles","Lantern"],"potions_floor_usage":[13,16,24,31,46,48],"damage_taken":[{"damage":0,"enemies":"Small Slimes","floor":1,"turns":3},{"damage":3,"enemies":"2 Louse","floor":2,"turns":3},{"damage":12,"enemies":"Jaw Worm","floor":5,"turns":3},{"damage":15,"enemies":"Lagavulin","floor":6,"turns":6},{"damage":15,"enemies":"3 Sentries","floor":8,"turns":7},{"damage":4,"enemies":"Exordium Thugs","floor":10,"turns":3},{"damage":7,"enemies":"3 Louse","floor":12,"turns":3},{"damage":6,"enemies":"Gremlin Nob","floor":13,"turns":3},{"damage":9,"enemies":"3 Sentries","floor":14,"turns":4},{"damage":12,"enemies":"The Guardian","floor":16,"turns":8},{"damage":24,"enemies":"2 Thieves","floor":18,"turns":3},{"damage":13,"enemies":"Shell Parasite","floor":20,"turns":4},{"damage":4,"enemies":"Snake Plant","floor":22,"turns":5},{"damage":15,"enemies":"Gremlin Leader","floor":23,"turns":7},{"damage":1,"enemies":"Centurion and Healer","floor":24,"turns":6},{"damage":0,"enemies":"Snecko","floor":29,"turns":5},{"damage":19,"enemies":"Slavers","floor":31,"turns":5},{"damage":8,"enemies":"Automaton","floor":33,"turns":5},{"damage":12,"enemies":"Orb Walker","floor":35,"turns":4},{"damage":7,"enemies":"3 Shapes","floor":36,"turns":6},{"damage":0,"enemies":"Giant Head","floor":41,"turns":10},{"damage":1,"enemies":"Nemesis","floor":46,"turns":7},{"damage":3,"enemies":"Sphere and 2 Shapes","floor":47,"turns":3},{"damage":0,"enemies":"Reptomancer","floor":48,"turns":6},{"damage":13,"enemies":"Donu and Deca","floor":50,"turns":8}],"seed_played":"-946528447524599453","potions_obtained":[{"floor":2,"key":"Dexterity Potion"},{"floor":8,"key":"Strength Potion"},{"floor":10,"key":"Energy Potion"},{"floor":13,"key":"Fire Potion"},{"floor":22,"key":"Explosive Potion"},{"floor":23,"key":"Swift Potion"},{"floor":31,"key":"SmokeBomb"},{"floor":47,"key":"Fire Potion"},{"floor":48,"key":"Poison Potion"}],"is_trial":false,"path_per_floor":["M","M","?","$","M","E","R","E","T","M","R","M","E","?","R","B",null,"M","?","M","$","M","E","M","R","T","?","R","M","R","E","R","B",null,"M","M","$","?","?","R","E","R","T","$","R","E","M","E","R","B",null],"character_chosen":"DEFECT","items_purchased":["Bird Faced Urn","Self Repair","Multi-Cast+1","Leap+1","Toy Ornithopter","DollysMirror","Loop"],"campfire_rested":0,"item_purchase_floors":[4,4,21,21,21,37,44],"current_hp_per_floor":[68,65,65,65,62,56,56,50,50,55,55,50,55,50,50,51,68,53,53,53,53,68,55,68,68,68,68,68,68,68,62,62,66,68,64,68,68,58,58,58,65,79,79,79,79,79,79,79,79,79],"gold":108,"neow_bonus":"TWO_FIFTY_GOLD","is_prod":false,"is_daily":false,"chose_seed":false,"campfire_upgraded":9,"win_rate":0,"timestamp":1554315200,"path_taken":["M","M","?","$","M","E","R","E","T","M","R","M","E","?","R","BOSS","M","?","M","$","M","E","M","R","T","?","R","?","R","E","R","BOSS","M","M","$","?","?","R","E","R","T","?","R","E","?","E","R","BOSS"],"build_version":"2019-03-15","purchased_purges":2,"victory":true,"max_hp_per_floor":[68,68,68,68,68,68,68,68,68,68,68,68,68,68,68,68,68,68,68,68,68,68,68,68,68,68,68,68,68,68,68,68,68,68,68,68,68,68,65,65,65,79,79,79,79,79,79,79,79,79],"card_choices":[{"not_picked":["Chaos","Heatsinks"],"picked":"Streamline","floor":1},{"not_picked":["Undo","Sweeping Beam"],"picked":"Cold Snap","floor":2},{"not_picked":["Ball Lightning","Turbo"],"picked":"Doom and Gloom","floor":5},{"not_picked":["Barrage","Double Energy"],"picked":"Hologram","floor":6},{"not_picked":["Rebound","Chaos"],"picked":"Reboot","floor":8},{"not_picked":["Turbo+1","Reprogram+1"],"picked":"Defragment","floor":10},{"not_picked":["Streamline","Beam Cell","Gash"],"picked":"SKIP","floor":12},{"not_picked":["Double Energy+1","Beam Cell"],"picked":"Static Discharge","floor":13},{"not_picked":["Streamline","Gash"],"picked":"Double Energy+1","floor":14},{"not_picked":["Rainbow+1","Fission+1"],"picked":"Amplify+1","floor":16},{"not_picked":["Scrape+1","Barrage+1"],"picked":"Defragment","floor":18},{"not_picked":["Streamline+1","Melter"],"picked":"Redo+1","floor":20},{"not_picked":["Gash+1","Conserve Battery+1"],"picked":"Compile Driver","floor":22},{"not_picked":["Turbo+1","Double Energy+1"],"picked":"Coolheaded+1","floor":23},{"not_picked":["Fusion+1","Ball Lightning"],"picked":"Buffer","floor":24},{"not_picked":["Stack+1","Chaos+1"],"picked":"Loop","floor":29},{"not_picked":["Sweeping Beam","Turbo+1"],"picked":"Conserve Battery+1","floor":31},{"not_picked":["Amplify+1","Thunder Strike"],"picked":"Creative AI","floor":33},{"not_picked":["Redo+1","Steam Power+1"],"picked":"Chill+1","floor":35},{"not_picked":["Beam Cell","Cold Snap"],"picked":"Coolheaded+1","floor":36},{"not_picked":["Forethought+1","Finesse+1"],"picked":"Dark Shackles+1","floor":38},{"not_picked":["Beam Cell","Coolheaded+1"],"picked":"Undo+1","floor":41},{"not_picked":["Sweeping Beam","Multi-Cast+1"],"picked":"Barrage+1","floor":46},{"not_picked":["Rebound","Barrage"],"picked":"Skim+1","floor":47},{"not_picked":["Cold Snap","Chaos+1"],"picked":"Capacitor+1","floor":48}],"player_experience":426955,"relics_obtained":[{"floor":6,"key":"MawBank"},{"floor":8,"key":"Shovel"},{"floor":9,"key":"Toxic Egg 2"},{"floor":13,"key":"Pocketwatch"},{"floor":14,"key":"Bag of Preparation"},{"floor":23,"key":"Ginger"},{"floor":26,"key":"Regal Pillow"},{"floor":31,"key":"Bottled Tornado"},{"floor":41,"key":"Bronze Scales"},{"floor":42,"key":"Mango"},{"floor":43,"key":"Centennial Puzzle"},{"floor":46,"key":"Cables"},{"floor":48,"key":"Bag of Marbles"},{"floor":49,"key":"Lantern"}],"event_choices":[{"damage_healed":0,"gold_gain":0,"player_choice":"Grow","damage_taken":0,"max_hp_gain":0,"max_hp_loss":0,"event_name":"Living Wall","floor":3,"gold_loss":0,"cards_upgraded":["Zap"]},{"damage_healed":0,"gold_gain":30,"player_choice":"Searched \u00273\u0027 times","damage_taken":0,"max_hp_gain":0,"max_hp_loss":0,"event_name":"Dead Adventurer","floor":14,"gold_loss":0},{"damage_healed":0,"gold_gain":0,"player_choice":"Read","damage_taken":0,"max_hp_gain":0,"max_hp_loss":0,"event_name":"The Library","floor":19,"gold_loss":0,"cards_obtained":["Genetic Algorithm"]},{"damage_healed":0,"gold_gain":0,"cards_transformed":["Strike_B","Strike_B"],"player_choice":"Became Test Subject","damage_taken":0,"max_hp_gain":0,"max_hp_loss":0,"event_name":"Drug Dealer","floor":27,"gold_loss":0,"cards_obtained":["Aggregate","Hello World"]},{"damage_healed":0,"gold_gain":0,"player_choice":"Memory 3","damage_taken":10,"max_hp_gain":0,"max_hp_loss":0,"event_name":"SensoryStone","floor":38,"gold_loss":0},{"damage_healed":0,"gold_gain":0,"player_choice":"Max HP","damage_taken":0,"max_hp_gain":0,"max_hp_loss":3,"event_name":"Winding Halls","floor":39,"gold_loss":0}],"is_beta":true,"boss_relics":[{"not_picked":["Runic Dome","Lizard Tail"],"picked":"Philosopher\u0027s Stone"},{"not_picked":["FrozenCore","Busted Crown"],"picked":"Snecko Eye"}],"items_purged_floors":[21,44],"is_endless":false,"potions_floor_spawned":[2,8,10,12,13,22,23,31,47,48],"ascension_level":2}