{"gold_per_floor":[110,34,34,48,59,90,90,121,183,195,257,269,297,19,19,90,90,107,0,0,19,29,29,29,29,29,48,48,63,63,63],"floor_reached":31,"playtime":1670,"items_purged":[],"score":474,"play_id":"cd0d5792-a814-4d2d-92c4-b4bd3e89089b","local_time":"20181108173609","is_ascension_mode":true,"campfire_choices":[{"data":"Zap","floor":7.0,"key":"SMITH"},{"data":"Chill","floor":10.0,"key":"SMITH"},{"floor":15,"key":"REST"},{"data":"Dualcast","floor":23,"key":"SMITH"},{"data":"Darkness","floor":28,"key":"SMITH"},{"floor":30,"key":"REST"}],"neow_cost":"NONE","seed_source_timestamp":0,"circlet_count":0,"master_deck":["AscendersBane","Strike_B","Strike_B","Strike_B","Defend_B","Defend_B","Defend_B","Defend_B","Zap+1","Dualcast+1","Sweeping Beam","Sunder+1","Ball Lightning","Chill+1","All For One","Darkness+1","Gash","Steam+1","Electrodynamics","Glacier+1","Redo+1","Compile Driver","Consume+1","Echo Form","White Noise+1"],"special_seed":0,"relics":["Cracked Core","NeowsBlessing","Blue Candle","MawBank","Bronze Scales","Happy Flower","Toxic Egg 2","Runic Dome","Vajra"],"potions_floor_usage":[16,29,29],"damage_taken":[{"damage":0.0,"enemies":"Cultist","floor":1.0,"turns":1.0},{"damage":0.0,"enemies":"Jaw Worm","floor":4.0,"turns":1.0},{"damage":0.0,"enemies":"Small Slimes","floor":5.0,"turns":1.0},{"damage":7.0,"enemies":"3 Sentries","floor":6.0,"turns":7.0},{"damage":32.0,"enemies":"Gremlin Nob","floor":8.0,"turns":4.0},{"damage":1,"enemies":"Blue Slaver","floor":13,"turns":2},{"damage":28,"enemies":"The Guardian","floor":16,"turns":9},{"damage":0,"enemies":"Spheric Guardian","floor":18,"turns":3},{"damage":16,"enemies":"Shell Parasite","floor":21,"turns":3},{"damage":0,"enemies":"Centurion and Healer","floor":22,"turns":4},{"damage":12,"enemies":"Cultist and Chosen","floor":27,"turns":4},{"damage":24,"enemies":"Snake Plant","floor":29,"turns":3},{"damage":28,"enemies":"Book of Stabbing","floor":31,"turns":2}],"seed_played":"8153224472994611916","potions_obtained":[{"floor":1.0,"key":"LiquidBronze"},{"floor":13,"key":"SkillPotion"},{"floor":16,"key":"Dexterity Potion"}],"is_trial":false,"path_per_floor":["M","$","?","M","M","E","R","E","T","R","T","?","M","$","R","B",null,"M","$","?","M","M","R","?","$","T","M","R","M","R","E"],"character_chosen":"DEFECT","items_purchased":["Sunder","Toxic Egg 2","Steam+1","Redo+1","Compile Driver"],"campfire_rested":2,"item_purchase_floors":[2,14,14,19,19],"current_hp_per_floor":[64,64,64,64,64,57,57,25,25,25,25,14,13,13,34,6,55,55,55,55,39,39,39,39,39,39,27,27,3,24,0],"gold":63,"neow_bonus":"THREE_ENEMY_KILL","is_prod":false,"is_daily":false,"chose_seed":false,"campfire_upgraded":4,"win_rate":0,"timestamp":1541727369,"path_taken":["M","?","?","M","?","E","R","E","T","R","?","?","M","$","R","BOSS","M","$","?","M","?","R","?","?","T","?","R","M","R","E"],"build_version":"2018-11-07","purchased_purges":0,"victory":false,"max_hp_per_floor":[71,71,71,71,71,71,71,71,71,71,71,71,71,71,71,71,71,71,71,71,71,71,71,71,71,71,71,71,71,71,71],"card_choices":[{"not_picked":["FTL","Compile Driver"],"picked":"Sweeping Beam","floor":1.0},{"not_picked":["Capacitor","Streamline"],"picked":"Ball Lightning","floor":4.0},{"not_picked":["Ball Lightning","Sweeping Beam"],"picked":"Chill","floor":5.0},{"not_picked":["Hologram","Barrage"],"picked":"All For One","floor":6.0},{"not_picked":["Compile Driver","Aggregate"],"picked":"Darkness","floor":8.0},{"not_picked":["Reinforced Body","FTL"],"picked":"Gash","floor":13},{"not_picked":["Reboot+1","Hyperbeam"],"picked":"Electrodynamics","floor":16},{"not_picked":["White Noise+1","Darkness+1"],"picked":"Glacier+1","floor":18},{"not_picked":["Stack+1","Force Field+1","Steam+1"],"picked":"SKIP","floor":21},{"not_picked":["Stack+1","Force Field+1","Steam+1"],"picked":"SKIP","floor":21},{"not_picked":["Beam Cell","Conserve Battery+1"],"picked":"Consume+1","floor":22},{"not_picked":["Steam Power+1","Darkness+1","Doom and Gloom"],"picked":"SKIP","floor":27},{"not_picked":["Compile Driver","Ball Lightning"],"picked":"White Noise+1","floor":29}],"player_experience":1030391,"relics_obtained":[{"floor":6.0,"key":"Blue Candle"},{"floor":8.0,"key":"MawBank"},{"floor":9.0,"key":"Bronze Scales"},{"floor":11.0,"key":"Happy Flower"},{"floor":26,"key":"Vajra"}],"event_choices":[{"damage_healed":0.0,"max_hp_gain":0.0,"max_hp_loss":0.0,"gold_gain":0.0,"event_name":"Accursed Blacksmith","player_choice":"Forge","floor":3.0,"gold_loss":0.0,"damage_taken":0.0,"cards_upgraded":["Sunder"]},{"damage_healed":0.0,"max_hp_gain":0.0,"max_hp_loss":0.0,"gold_gain":0.0,"event_name":"Scrap Ooze","player_choice":"Fled","floor":12.0,"gold_loss":0.0,"damage_taken":11.0},{"cards_removed":["Strike_B"],"damage_healed":0,"gold_gain":0,"player_choice":"Purged","damage_taken":0,"max_hp_gain":0,"max_hp_loss":0,"event_name":"Purifier","floor":20,"gold_loss":0},{"damage_healed":0,"gold_gain":0,"player_choice":"1 cards matched","damage_taken":0,"max_hp_gain":0,"max_hp_loss":0,"event_name":"Match and Keep!","floor":24,"gold_loss":0,"cards_obtained":["Echo Form"]}],"is_beta":true,"boss_relics":[{"not_picked":["Orrery","Tiny House"],"picked":"Runic Dome"}],"items_purged_floors":[],"is_endless":false,"potions_floor_spawned":[1,13,16,18],"killed_by":"Book of Stabbing","ascension_level":19}