{"gold_per_floor":[118,118,66,66,89,132,147,181,181,181,181],"floor_reached":11,"playtime":285,"items_purged":[],"score":212,"play_id":"798f49b0-2842-479e-9d75-0c5f50867e5c","local_time":"20190905171853","is_ascension_mode":true,"campfire_choices":[{"data":"Catalyst","floor":10,"key":"SMITH"}],"neow_cost":"NONE","seed_source_timestamp":188709471367100,"circlet_count":0,"master_deck":["AscendersBane","Strike_G+1","Strike_G","Strike_G","Strike_G","Strike_G","Defend_G","Defend_G","Defend_G","Defend_G","Defend_G","Survivor","Neutralize","Catalyst+1","Deadly Poison","Dodge and Roll","Backstab+1","Deflect","PiercingWail"],"special_seed":0,"relics":["Ring of the Snake","NeowsBlessing","Golden Idol","Pantograph","Darkstone Periapt","Whetstone","Bottled Flame"],"potions_floor_usage":[8,8],"damage_taken":[{"damage":0.0,"enemies":"Small Slimes","floor":1.0,"turns":1.0},{"damage":0.0,"enemies":"Jaw Worm","floor":5.0,"turns":1.0},{"damage":0.0,"enemies":"Lagavulin","floor":6.0,"turns":2.0},{"damage":2.0,"enemies":"Cultist","floor":7.0,"turns":4.0},{"damage":21,"enemies":"3 Sentries","floor":8,"turns":8},{"damage":50,"enemies":"Gremlin Nob","floor":11,"turns":4}],"seed_played":"-8546672345747370228","potions_obtained":[{"floor":6.0,"key":"Regen Potion"},{"floor":7.0,"key":"SteroidPotion"}],"is_trial":false,"path_per_floor":["M","?","$","?","M","E","M","E","T","R","E"],"character_chosen":"THE_SILENT","items_purchased":["Deadly Poison"],"campfire_rested":0,"item_purchase_floors":[3],"current_hp_per_floor":[59,36,36,36,36,36,34,28,28,28,0],"gold":181,"neow_bonus":"THREE_ENEMY_KILL","is_prod":false,"is_daily":false,"chose_seed":false,"campfire_upgraded":1,"win_rate":0,"timestamp":1567718333,"path_taken":["M","?","$","?","M","E","?","E","T","R","E"],"build_version":"2019-07-17","purchased_purges":0,"victory":false,"max_hp_per_floor":[66,66,66,66,66,66,66,66,66,66,66],"card_choices":[{"not_picked":["Acrobatics","Tactician"],"picked":"Catalyst","floor":1.0},{"not_picked":["Flechettes","Underhanded Strike"],"picked":"Dodge and Roll","floor":5.0},{"not_picked":["Concentrate","Flying Knee"],"picked":"Backstab","floor":6.0},{"not_picked":["Accuracy","Acrobatics"],"picked":"Deflect","floor":7.0},{"not_picked":["Dagger Throw","Flying Knee"],"picked":"PiercingWail","floor":8}],"player_experience":766949,"relics_obtained":[{"floor":4.0,"key":"Pantograph"},{"floor":6.0,"key":"Darkstone Periapt"},{"floor":8,"key":"Whetstone"},{"floor":9,"key":"Bottled Flame"}],"event_choices":[{"damage_healed":0.0,"max_hp_gain":0.0,"max_hp_loss":0.0,"gold_gain":0.0,"event_name":"Golden Idol","player_choice":"Take Damage","floor":2.0,"gold_loss":0.0,"damage_taken":23.0,"relics_obtained":["Golden Idol"]},{"damage_healed":0.0,"max_hp_gain":0.0,"max_hp_loss":0.0,"gold_gain":0.0,"event_name":"Wheel of Change","player_choice":"Relic","floor":4.0,"gold_loss":0.0,"damage_taken":0.0}],"is_beta":false,"boss_relics":[],"items_purged_floors":[],"is_endless":false,"potions_floor_spawned":[6,7],"killed_by":"Gremlin Nob","ascension_level":20}