{"gold_per_floor":[109,109,124,124,135,135,154,154,208,222,222,253,270,38,38,38],"floor_reached":16,"playtime":407,"items_purged":[],"score":179,"play_id":"a5a22f8a-3ddc-4f6e-8ee2-9ace1abf0886","local_time":"20190918153034","is_ascension_mode":true,"campfire_choices":[{"data":"Genetic Algorithm","floor":6.0,"key":"SMITH"},{"data":"Dualcast","floor":8.0,"key":"SMITH"},{"floor":15.0,"key":"REST"}],"neow_cost":"NONE","seed_source_timestamp":59168606026100,"circlet_count":0,"master_deck":["AscendersBane","Strike_B","Strike_B","Strike_B","Strike_B","Defend_B","Defend_B","Defend_B","Defend_B","Zap+1","Dualcast+1","Leap","Genetic Algorithm+1","Beam Cell","Undo","Core Surge","Sweeping Beam","Defragment"],"special_seed":0,"relics":["Cracked Core","Ornamental Fan","Potion Belt","White Beast Statue","Mummified Hand","CeramicFish"],"potions_floor_usage":[16],"damage_taken":[{"damage":4.0,"enemies":"Jaw Worm","floor":1.0,"turns":3.0},{"damage":0.0,"enemies":"Cultist","floor":3.0,"turns":3.0},{"damage":9.0,"enemies":"Small Slimes","floor":5.0,"turns":4.0},{"damage":6.0,"enemies":"Looter","floor":7.0,"turns":3.0},{"damage":0.0,"enemies":"Exordium Thugs","floor":10.0,"turns":4.0},{"damage":26.0,"enemies":"Lagavulin","floor":12.0,"turns":8.0},{"damage":0.0,"enemies":"2 Fungi Beasts","floor":13.0,"turns":3.0},{"damage":42,"enemies":"Hexaghost","floor":16,"turns":10}],"seed_played":"-1556775279870696057","potions_obtained":[{"floor":7.0,"key":"Weak Potion"},{"floor":12.0,"key":"Energy Potion"},{"floor":13.0,"key":"Dexterity Potion"}],"is_trial":false,"path_per_floor":["M","?","M","T","M","R","M","R","T","M","?","E","M","$","R","B"],"character_chosen":"DEFECT","items_purchased":["Defragment","CeramicFish"],"campfire_rested":1,"item_purchase_floors":[14,14],"current_hp_per_floor":[60,60,60,60,51,51,45,45,45,45,40,14,14,14,35,0],"gold":38,"neow_bonus":"UPGRADE_CARD","is_prod":false,"is_daily":false,"chose_seed":false,"campfire_upgraded":2,"win_rate":0,"timestamp":1568838634,"path_taken":["M","?","M","?","?","R","M","R","T","?","?","E","M","$","R","BOSS"],"build_version":"2019-09-18","purchased_purges":0,"victory":false,"max_hp_per_floor":[71,71,71,71,71,71,71,71,71,71,71,71,71,71,71,71],"card_choices":[{"not_picked":["Turbo","Blizzard"],"picked":"Leap","floor":1.0},{"not_picked":["Recycle","Stack","Rebound"],"picked":"SKIP","floor":3.0},{"not_picked":["Beam Cell","Machine Learning"],"picked":"Genetic Algorithm","floor":5.0},{"not_picked":["Scrape","Recycle"],"picked":"Beam Cell","floor":7.0},{"not_picked":["Cold Snap","Streamline"],"picked":"Undo","floor":10.0},{"not_picked":["Auto Shields","Hologram"],"picked":"Core Surge","floor":12.0},{"not_picked":["Turbo","Stack"],"picked":"Sweeping Beam","floor":13.0}],"player_experience":1389163,"relics_obtained":[{"floor":4.0,"key":"Ornamental Fan"},{"floor":9.0,"key":"Potion Belt"},{"floor":12.0,"key":"Mummified Hand"}],"event_choices":[{"damage_healed":0.0,"max_hp_gain":0.0,"max_hp_loss":0.0,"gold_gain":0.0,"event_name":"Golden Wing","player_choice":"Ignored","floor":2.0,"gold_loss":0.0,"damage_taken":0.0},{"damage_healed":0.0,"max_hp_gain":0.0,"max_hp_loss":0.0,"gold_gain":0.0,"event_name":"Scrap Ooze","player_choice":"Success","floor":11.0,"gold_loss":0.0,"damage_taken":5.0,"relics_obtained":["White Beast Statue"]}],"is_beta":true,"boss_relics":[],"items_purged_floors":[],"is_endless":false,"potions_floor_spawned":[7,12,13],"killed_by":"Hexaghost","ascension_level":15}