{"gold_per_floor":[112,131,131,141,141,141,175,49,49,49,49,67,86,106,106,177,177,191,210,210,210],"floor_reached":21,"playtime":1029,"items_purged":["Strike_R"],"score":353,"play_id":"b32f5e63-ed3f-4747-bbf6-09076f969c18","local_time":"20190320003430","is_ascension_mode":true,"campfire_choices":[{"data":"Anger","floor":6,"key":"SMITH"},{"floor":11,"key":"REST"},{"data":"Shrug It Off","floor":15,"key":"SMITH"}],"neow_cost":"NONE","seed_source_timestamp":214270257510408,"circlet_count":0,"master_deck":["AscendersBane","Strike_R","Strike_R","Strike_R","Strike_R","Defend_R+1","Defend_R","Defend_R","Defend_R+1","Bash","Anger+1","Uppercut+1","Spot Weakness","Shrug It Off+1","Exhume","Sword Boomerang","Bludgeon","Pommel Strike","Shockwave"],"relics":["Burning Blood","War Paint","Matryoshka","Blood Vial","Regal Pillow","Velvet Choker"],"potions_floor_usage":[13,16,19,19],"damage_taken":[{"damage":4,"enemies":"Jaw Worm","floor":1,"turns":3},{"damage":3,"enemies":"Cultist","floor":2,"turns":4},{"damage":0,"enemies":"Small Slimes","floor":4,"turns":3},{"damage":63,"enemies":"3 Sentries","floor":7,"turns":12},{"damage":2,"enemies":"Blue Slaver","floor":12,"turns":3},{"damage":14,"enemies":"Large Slime","floor":13,"turns":6},{"damage":6,"enemies":"Looter","floor":14,"turns":3},{"damage":19,"enemies":"The Guardian","floor":16,"turns":11},{"damage":68,"enemies":"3 Byrds","floor":18,"turns":8},{"damage":9,"enemies":"Spheric Guardian","floor":19,"turns":4},{"damage":24,"enemies":"3 Cultists","floor":21,"turns":4}],"seed_played":"6470260256088747448","potions_obtained":[{"floor":7,"key":"FearPotion"},{"floor":12,"key":"FearPotion"},{"floor":14,"key":"Ancient Potion"},{"floor":18,"key":"LiquidBronze"}],"is_trial":false,"path_per_floor":["M","M","?","M","?","R","E","$","T","$","R","M","M","M","R","B",null,"M","M","?","M"],"character_chosen":"IRONCLAD","items_purchased":["Shrug It Off"],"campfire_rested":1,"item_purchase_floors":[8],"current_hp_per_floor":[70,73,73,75,80,80,23,23,23,23,62,68,62,64,64,53,73,13,12,12,0],"gold":210,"neow_bonus":"RANDOM_COMMON_RELIC","is_prod":false,"is_daily":false,"chose_seed":false,"campfire_upgraded":2,"win_rate":0,"timestamp":1553038470,"path_taken":["M","M","?","M","?","R","E","?","T","$","R","M","?","M","R","BOSS","M","M","?","M"],"build_version":"2019-03-15","purchased_purges":1,"victory":false,"max_hp_per_floor":[75,75,75,75,80,80,80,80,80,80,80,80,80,80,80,80,80,80,80,80,80],"card_choices":[{"not_picked":["True Grit","Wild Strike"],"picked":"Anger","floor":1},{"not_picked":["Havoc","Perfected Strike"],"picked":"Uppercut","floor":2},{"not_picked":["Body Slam","Rupture","Second Wind"],"picked":"SKIP","floor":4},{"not_picked":["Sword Boomerang","Pommel Strike"],"picked":"Spot Weakness","floor":7},{"not_picked":["Warcry","Hemokinesis"],"picked":"Exhume","floor":12},{"not_picked":["Anger","Body Slam","Perfected Strike"],"picked":"SKIP","floor":13},{"not_picked":["Twin Strike","Searing Blow"],"picked":"Sword Boomerang","floor":14},{"not_picked":["Dark Embrace","Barricade"],"picked":"Bludgeon","floor":16},{"not_picked":["Evolve","Perfected Strike"],"picked":"Pommel Strike","floor":18},{"not_picked":["Warcry","Blood for Blood"],"picked":"Shockwave","floor":19}],"player_experience":341266,"relics_obtained":[{"floor":7,"key":"Matryoshka"},{"floor":9,"key":"Blood Vial"},{"floor":9,"key":"Regal Pillow"}],"event_choices":[{"damage_healed":0,"gold_gain":0,"player_choice":"Grow","damage_taken":0,"max_hp_gain":0,"max_hp_loss":0,"event_name":"Living Wall","floor":3,"gold_loss":0,"cards_upgraded":["Uppercut"]},{"damage_healed":0,"gold_gain":0,"player_choice":"Donut","damage_taken":0,"max_hp_gain":5,"max_hp_loss":0,"event_name":"Big Fish","floor":5,"gold_loss":0},{"damage_healed":0,"gold_gain":0,"player_choice":"Ignored","damage_taken":0,"max_hp_gain":0,"max_hp_loss":0,"event_name":"The Mausoleum","floor":20,"gold_loss":0}],"is_beta":true,"boss_relics":[{"not_picked":["Philosopher\u0027s Stone","Busted Crown"],"picked":"Velvet Choker"}],"items_purged_floors":[8],"is_endless":false,"potions_floor_spawned":[7,12,14,18],"killed_by":"3 Cultists","ascension_level":19}