{"gold_per_floor":[109,184,197,36,48,48,48,48,48,65,15,15,40,50,50,128,128,145,145,145,145,165,165,197,197,197,216,231,251,285,13,13,13],"floor_reached":33,"playtime":2157,"items_purged":["Regret","Strike_R"],"score":538,"play_id":"7cb32afb-1fb0-4d44-8c67-e6ab572aaeba","local_time":"20190312032122","is_ascension_mode":true,"campfire_choices":[{"data":"Uppercut","floor":6,"key":"SMITH"},{"data":"Pommel Strike","floor":8,"key":"SMITH"},{"floor":12,"key":"REST"},{"floor":15,"key":"REST"},{"data":"J.A.X.","floor":23,"key":"SMITH"},{"floor":25,"key":"REST"},{"floor":32,"key":"REST"}],"neow_cost":"NONE","seed_source_timestamp":172144439969896,"circlet_count":0,"master_deck":["AscendersBane","Strike_R","Strike_R","Strike_R","Strike_R","Defend_R","Defend_R","Defend_R","Defend_R","Bash+1","Pommel Strike+1","Clothesline","Uppercut+1","Feed","Shrug It Off","Juggernaut","Spot Weakness","Battle Trance","J.A.X.+1","Feed","Headbutt","Havoc"],"relics":["Burning Blood","Vajra","Kunai","Smiling Mask","Orichalcum","Black Star","Bag of Marbles","Anchor","Darkstone Periapt","Regal Pillow","Blue Candle","Juzu Bracelet"],"potions_floor_usage":[3,14,16,16,18,18,24,27,29,33],"damage_taken":[{"damage":9,"enemies":"Jaw Worm","floor":1,"turns":3},{"damage":0,"enemies":"2 Louse","floor":3,"turns":2},{"damage":1,"enemies":"Cultist","floor":5,"turns":3},{"damage":39,"enemies":"Gremlin Gang","floor":10,"turns":7},{"damage":24,"enemies":"Gremlin Nob","floor":13,"turns":4},{"damage":9,"enemies":"Exordium Thugs","floor":14,"turns":3},{"damage":33,"enemies":"The Guardian","floor":16,"turns":13},{"damage":10,"enemies":"2 Thieves","floor":18,"turns":3},{"damage":8,"enemies":"Chosen","floor":22,"turns":4},{"damage":45,"enemies":"Gremlin Leader","floor":24,"turns":8},{"damage":6,"enemies":"Centurion and Healer","floor":27,"turns":4},{"damage":16,"enemies":"Snake Plant","floor":28,"turns":3},{"damage":7,"enemies":"Snecko","floor":29,"turns":4},{"damage":40,"enemies":"Book of Stabbing","floor":30,"turns":5},{"damage":81,"enemies":"Champ","floor":33,"turns":10}],"seed_played":"-5844483360206205128","potions_obtained":[{"floor":1,"key":"FearPotion"},{"floor":10,"key":"Explosive Potion"},{"floor":14,"key":"EntropicBrew"},{"floor":16,"key":"SteroidPotion"},{"floor":22,"key":"Explosive Potion"},{"floor":24,"key":"Fire Potion"},{"floor":28,"key":"FearPotion"}],"is_trial":false,"path_per_floor":["M","?","M","$","M","R","?","R","T","M","$","R","E","M","R","B",null,"M","?","?","?","M","R","E","R","T","M","M","M","E","$","R","B"],"character_chosen":"IRONCLAD","items_purchased":["Vajra","Juzu Bracelet","Block Potion"],"campfire_rested":4,"item_purchase_floors":[4,31,31],"current_hp_per_floor":[65,54,60,60,65,65,65,65,65,32,32,54,39,39,63,39,73,72,72,72,72,73,73,34,61,61,67,60,62,31,31,77,0],"gold":13,"neow_bonus":"UPGRADE_CARD","is_prod":false,"is_daily":false,"chose_seed":false,"campfire_upgraded":3,"win_rate":0,"timestamp":1552357282,"path_taken":["M","?","M","$","M","R","?","R","T","M","?","R","E","M","R","BOSS","M","?","?","?","M","R","E","R","T","M","?","?","E","?","R","BOSS"],"build_version":"2019-02-06","purchased_purges":2,"victory":false,"max_hp_per_floor":[75,75,75,75,75,75,75,75,75,75,75,75,78,81,81,84,84,87,87,87,87,90,90,90,90,90,96,99,102,105,105,105,105],"card_choices":[{"not_picked":["Intimidate","Wild Strike"],"picked":"Pommel Strike","floor":1},{"not_picked":["Headbutt","Blood for Blood"],"picked":"Clothesline","floor":3},{"not_picked":["Pommel Strike","Searing Blow"],"picked":"Uppercut","floor":5},{"not_picked":["Shrug It Off","Thunderclap"],"picked":"Feed","floor":10},{"not_picked":["Twin Strike","Reckless Charge","Warcry"],"picked":"SKIP","floor":13},{"not_picked":["Anger","Body Slam"],"picked":"Shrug It Off","floor":14},{"not_picked":["Reaper","Berserk"],"picked":"Juggernaut","floor":16},{"not_picked":["Anger","Shrug It Off"],"picked":"Spot Weakness","floor":18},{"not_picked":["Cleave","Searing Blow","Thunderclap"],"picked":"SKIP","floor":22},{"not_picked":["Iron Wave","Evolve","Twin Strike"],"picked":"SKIP","floor":24},{"not_picked":["Ghostly Armor","Warcry"],"picked":"Headbutt","floor":27},{"not_picked":["Perfected Strike","Clash","Evolve"],"picked":"SKIP","floor":28},{"not_picked":["Iron Wave","Cleave","Body Slam"],"picked":"SKIP","floor":29},{"not_picked":["Reckless Charge+1","Fire Breathing+1"],"picked":"Havoc","floor":30}],"player_experience":202892,"relics_obtained":[{"floor":9,"key":"Smiling Mask"},{"floor":13,"key":"Orichalcum"},{"floor":24,"key":"Bag of Marbles"},{"floor":24,"key":"Anchor"},{"floor":26,"key":"Darkstone Periapt"},{"floor":30,"key":"Regal Pillow"},{"floor":30,"key":"Blue Candle"}],"event_choices":[{"damage_healed":0,"gold_gain":75,"player_choice":"Gather Gold","damage_taken":11,"max_hp_gain":0,"max_hp_loss":0,"event_name":"World of Goop","floor":2,"gold_loss":0},{"damage_healed":0,"gold_gain":0,"player_choice":"Box","damage_taken":0,"relics_obtained":["Kunai"],"max_hp_gain":0,"max_hp_loss":0,"event_name":"Big Fish","floor":7,"gold_loss":0,"cards_obtained":["Regret"]},{"damage_healed":0,"gold_gain":0,"player_choice":"Read","damage_taken":0,"max_hp_gain":0,"max_hp_loss":0,"event_name":"The Library","floor":19,"gold_loss":0,"cards_obtained":["Battle Trance"]},{"damage_healed":0,"gold_gain":0,"player_choice":"Obtain J.A.X.","damage_taken":0,"max_hp_gain":0,"max_hp_loss":0,"event_name":"Drug Dealer","floor":20,"gold_loss":0,"cards_obtained":["J.A.X."]},{"damage_healed":0,"gold_gain":0,"player_choice":"Copied","damage_taken":0,"max_hp_gain":0,"max_hp_loss":0,"event_name":"Duplicator","floor":21,"gold_loss":0,"cards_obtained":["Feed"]}],"is_beta":true,"boss_relics":[{"not_picked":["Lizard Tail","Runic Dome"],"picked":"Black Star"}],"items_purged_floors":[11,31],"is_endless":false,"potions_floor_spawned":[1,10,14,16,22,24,28],"killed_by":"Champ","ascension_level":16}