{"gold_per_floor":[115,115,131,149,161,194,194,209,256,291,251],"floor_reached":11,"playtime":595,"items_purged":[],"score":170,"play_id":"ea73b336-8b5b-4bee-833a-97b95dcd03d6","local_time":"20190817224504","is_ascension_mode":true,"campfire_choices":[{"data":"Neutralize","floor":7,"key":"SMITH"}],"neow_cost":"NONE","seed_source_timestamp":4744601094849100,"circlet_count":0,"master_deck":["AscendersBane","Strike_G","Strike_G","Strike_G","Strike_G","Defend_G","Defend_G","Defend_G","Defend_G","Defend_G","Survivor","Neutralize+1","Bouncing Flask","Cloak And Dagger","Accuracy","Bouncing Flask","Corpse Explosion","Sucker Punch","Infinite Blades"],"special_seed":0,"relics":["Ring of the Snake","Lantern","Bronze Scales","Orichalcum","Dodecahedron"],"potions_floor_usage":[6,6,10],"damage_taken":[{"damage":1.0,"enemies":"Cultist","floor":1.0,"turns":5.0},{"damage":0.0,"enemies":"Small Slimes","floor":3.0,"turns":4.0},{"damage":0.0,"enemies":"2 Louse","floor":4.0,"turns":3.0},{"damage":17.0,"enemies":"Gremlin Gang","floor":5.0,"turns":9.0},{"damage":24,"enemies":"3 Sentries","floor":6,"turns":10},{"damage":0,"enemies":"Red Slaver","floor":8,"turns":3},{"damage":15,"enemies":"Gremlin Nob","floor":10,"turns":4},{"damage":11,"enemies":"Exordium Thugs","floor":11,"turns":2}],"seed_played":"-2577800766523147943","potions_obtained":[{"floor":3.0,"key":"Weak Potion"},{"floor":4.0,"key":"Block Potion"},{"floor":6,"key":"EssenceOfSteel"}],"is_trial":false,"path_per_floor":["M","T","M","M","M","E","R","M","T","E","M"],"character_chosen":"THE_SILENT","items_purchased":[],"campfire_rested":0,"item_purchase_floors":[],"current_hp_per_floor":[58,58,58,58,41,17,17,17,17,2,0],"gold":251,"neow_bonus":"REMOVE_CARD","is_prod":false,"is_daily":false,"chose_seed":false,"campfire_upgraded":1,"win_rate":0,"timestamp":1566107104,"path_taken":["M","?","?","M","M","E","R","?","T","E","M"],"build_version":"2019-08-15","purchased_purges":0,"victory":false,"max_hp_per_floor":[66,66,66,66,66,66,66,66,66,66,66],"card_choices":[{"not_picked":["Sucker Punch","Flying Knee"],"picked":"Bouncing Flask","floor":1.0},{"not_picked":["Reflex","Blade Dance"],"picked":"Cloak And Dagger","floor":3.0},{"not_picked":["Quick Slash","Dodge and Roll"],"picked":"Accuracy","floor":4.0},{"not_picked":["PiercingWail","Reflex"],"picked":"Bouncing Flask","floor":5.0},{"not_picked":["Predator","Acrobatics"],"picked":"Corpse Explosion","floor":6},{"not_picked":["Quick Slash","Slice"],"picked":"Sucker Punch","floor":8},{"not_picked":["Deflect","Slice"],"picked":"Infinite Blades","floor":10}],"player_experience":3550827,"relics_obtained":[{"floor":2.0,"key":"Lantern"},{"floor":6,"key":"Bronze Scales"},{"floor":9,"key":"Orichalcum"},{"floor":10,"key":"Dodecahedron"}],"event_choices":[],"is_beta":true,"boss_relics":[],"items_purged_floors":[],"is_endless":false,"potions_floor_spawned":[3,4,6],"killed_by":"Exordium Thugs","ascension_level":20}