{"gold_per_floor":[115,115,132,203,218,218,243,243,243,275,275,287,287,302,302,404,404,418,432,63,63,83,118,118],"floor_reached":24,"playtime":1767,"items_purged":[],"score":249,"play_id":"d831f4a3-d0e4-431f-af06-3d4dd54286d5","local_time":"20190916001920","is_ascension_mode":true,"campfire_choices":[{"data":"Predator","floor":6,"key":"SMITH"},{"data":"Expertise","floor":8,"key":"SMITH"},{"data":"Cloak And Dagger","floor":13,"key":"SMITH"},{"floor":15,"key":"RECALL"}],"neow_cost":"NONE","seed_source_timestamp":123127574333900,"circlet_count":0,"master_deck":["Strike_G","Strike_G+1","Strike_G","Strike_G","Defend_G","Defend_G","Defend_G","Defend_G","Defend_G","Survivor","Neutralize+1","Flying Knee","Predator+1","Choke","Expertise+1","Well Laid Plans","Cloak And Dagger+1","All Out Attack","Venomology","Quick Slash","Dagger Throw","Footwork","Shame","Footwork","Blade Dance"],"relics":["Ring of the Snake","NeowsBlessing","Sundial","TungstenRod","Eternal Feather","Toy Ornithopter","Black Star","OrangePellets","Whetstone","Prayer Wheel","Paper Crane","Bottled Flame"],"potions_floor_usage":[7,10,10,16,18,19,19,22,22,23,23,24],"damage_taken":[{"damage":0,"enemies":"Cultist","floor":1,"turns":1},{"damage":0,"enemies":"Small Slimes","floor":3,"turns":1},{"damage":0,"enemies":"Jaw Worm","floor":5,"turns":1},{"damage":4,"enemies":"Gremlin Nob","floor":7,"turns":3},{"damage":17,"enemies":"Lagavulin","floor":10,"turns":7},{"damage":0,"enemies":"Exordium Wildlife","floor":12,"turns":2},{"damage":12,"enemies":"Gremlin Gang","floor":14,"turns":5},{"damage":21,"enemies":"The Guardian","floor":16,"turns":15},{"damage":19,"enemies":"Shell Parasite","floor":18,"turns":4},{"damage":3,"enemies":"3 Byrds","floor":19,"turns":5},{"damage":23,"enemies":"Snake Plant","floor":22,"turns":6},{"damage":36,"enemies":"Slavers","floor":23,"turns":7},{"damage":29,"enemies":"3 Cultists","floor":24,"turns":4}],"seed_played":"-6801131776568931237","potions_obtained":[{"floor":1,"key":"FearPotion"},{"floor":2,"key":"GhostInAJar"},{"floor":2,"key":"Dexterity Potion"},{"floor":12,"key":"Dexterity Potion"},{"floor":16,"key":"SteroidPotion"},{"floor":18,"key":"SpeedPotion"},{"floor":19,"key":"GhostInAJar"}],"is_trial":false,"path_per_floor":["M","?","M","T","M","R","E","R","T","E","?","M","R","M","R","B",null,"M","M","$","?","M","E","M"],"character_chosen":"THE_SILENT","items_purchased":["Footwork","OrangePellets","Whetstone"],"campfire_rested":0,"item_purchase_floors":[20,20,20],"current_hp_per_floor":[70,70,70,70,70,70,66,66,66,49,49,49,58,46,55,39,70,56,63,63,63,47,21,0],"gold":118,"neow_bonus":"THREE_ENEMY_KILL","is_prod":false,"is_daily":false,"chose_seed":false,"campfire_upgraded":3,"win_rate":0,"timestamp":1568564360,"path_taken":["M","?","?","?","M","R","E","R","T","E","?","M","R","M","R","BOSS","M","M","$","?","M","E","M"],"build_version":"2019-09-12","purchased_purges":0,"victory":false,"max_hp_per_floor":[70,70,70,70,70,70,70,70,70,70,70,70,70,70,70,70,70,70,70,70,70,70,70,70],"card_choices":[{"not_picked":["Bane","Outmaneuver"],"picked":"Flying Knee","floor":1},{"not_picked":["Flying Knee","Deadly Poison"],"picked":"Predator","floor":3},{"not_picked":["Sucker Punch","Predator"],"picked":"Choke","floor":5},{"not_picked":["Flying Knee","Predator"],"picked":"Expertise","floor":7},{"not_picked":["Deflect","Heel Hook"],"picked":"Well Laid Plans","floor":10},{"not_picked":["Reflex","Flying Knee"],"picked":"Cloak And Dagger","floor":12},{"not_picked":["Distraction","Dash"],"picked":"All Out Attack","floor":14},{"not_picked":["Envenom","Wraith Form v2"],"picked":"Venomology","floor":16},{"not_picked":["Riddle With Holes","Well Laid Plans"],"picked":"Quick Slash","floor":18},{"not_picked":["Noxious Fumes","Underhanded Strike+1"],"picked":"Dagger Throw","floor":19},{"not_picked":["Slice","Bane"],"picked":"Footwork","floor":22},{"not_picked":["Backflip","Storm of Steel"],"picked":"Blade Dance","floor":22},{"not_picked":["Dodge and Roll","PiercingWail","Skewer"],"picked":"SKIP","floor":23}],"player_experience":148184,"relics_obtained":[{"floor":4,"key":"Sundial"},{"floor":7,"key":"TungstenRod"},{"floor":9,"key":"Eternal Feather"},{"floor":10,"key":"Toy Ornithopter"},{"floor":23,"key":"Paper Crane"},{"floor":23,"key":"Bottled Flame"}],"event_choices":[{"damage_healed":0,"gold_gain":0,"player_choice":"Got Potions","damage_taken":0,"max_hp_gain":0,"max_hp_loss":0,"event_name":"Lab","floor":2,"gold_loss":0},{"cards_removed":["Strike_G"],"damage_healed":0,"gold_gain":0,"player_choice":"Card Removal","damage_taken":0,"max_hp_gain":0,"max_hp_loss":0,"event_name":"Wheel of Change","floor":11,"gold_loss":0},{"damage_healed":0,"gold_gain":0,"player_choice":"Stole Relic","damage_taken":0,"relics_obtained":["Prayer Wheel"],"max_hp_gain":0,"max_hp_loss":0,"event_name":"Addict","floor":21,"gold_loss":0,"cards_obtained":["Shame"]}],"is_beta":true,"boss_relics":[{"not_picked":["Coffee Dripper","Snecko Eye"],"picked":"Black Star"}],"items_purged_floors":[],"is_endless":false,"potions_floor_spawned":[1,5,12,16,18,19],"killed_by":"3 Cultists","ascension_level":2}