{"gold_per_floor":[112,126,51,51,64,64,83,83,165,177,197,197,222,238,238,313,313,324,324,336,359,11,11,11,11,11,29,29,55,55,73,73,147,147,161,179,179,279,296,246,246,266,316,1,21,46,96,96,96,96],"floor_reached":50,"playtime":2191,"items_purged":["Strike_R","Strike_R"],"score":984,"play_id":"a6b695af-880b-4d14-a68b-8c97c5e8c3aa","local_time":"20190611161532","is_ascension_mode":true,"campfire_choices":[{"data":"Bash","floor":6,"key":"SMITH"},{"data":"True Grit","floor":8,"key":"SMITH"},{"data":"Intimidate","floor":12,"key":"SMITH"},{"data":"Sword Boomerang","floor":15,"key":"SMITH"},{"floor":23,"key":"REST"},{"floor":25,"key":"RECALL"},{"floor":28,"key":"REST"},{"floor":30,"key":"REST"},{"floor":32,"key":"REST"},{"floor":41,"key":"REST"},{"floor":49,"key":"REST"}],"neow_cost":"NONE","seed_source_timestamp":4034091247398659,"circlet_count":0,"master_deck":["AscendersBane","Strike_R","Strike_R","Defend_R","Defend_R","Defend_R","Defend_R","Bash+1","Anger","Intimidate+1","Evolve","True Grit+1","Thunderclap","Sword Boomerang+1","Pummel","Juggernaut","Reaper","J.A.X.","Rage","Inflame","Intimidate","Demon Form","Headbutt","Offering","Shrug It Off","Mayhem","Bandage Up","True Grit","Shrug It Off"],"relics":["Burning Blood","Strawberry","Red Skull","Paper Frog","Bottled Lightning","Fusion Hammer","Boot","Membership Card","Orichalcum","Bag of Marbles","Art of War","Runic Pyramid","Pocketwatch","Juzu Bracelet","Gambling Chip","Ancient Tea Set"],"potions_floor_usage":[13,16,16,29,50],"damage_taken":[{"damage":4,"enemies":"Small Slimes","floor":1,"turns":4},{"damage":2,"enemies":"Jaw Worm","floor":2,"turns":3},{"damage":0,"enemies":"2 Louse","floor":5,"turns":3},{"damage":8,"enemies":"Exordium Wildlife","floor":7,"turns":5},{"damage":16,"enemies":"2 Fungi Beasts","floor":10,"turns":5},{"damage":27,"enemies":"Exordium Thugs","floor":11,"turns":7},{"damage":21,"enemies":"Lagavulin","floor":13,"turns":4},{"damage":10,"enemies":"Gremlin Gang","floor":14,"turns":3},{"damage":17,"enemies":"The Guardian","floor":16,"turns":9},{"damage":32,"enemies":"Spheric Guardian","floor":18,"turns":5},{"damage":27,"enemies":"3 Byrds","floor":20,"turns":4},{"damage":20,"enemies":"Snake Plant","floor":27,"turns":4},{"damage":43,"enemies":"Gremlin Leader","floor":29,"turns":6},{"damage":24,"enemies":"Cultist and Chosen","floor":31,"turns":7},{"damage":100,"enemies":"Automaton","floor":33,"turns":7},{"damage":29,"enemies":"3 Shapes","floor":35,"turns":14},{"damage":44,"enemies":"3 Darklings","floor":36,"turns":6},{"damage":13,"enemies":"Mind Bloom Boss Battle","floor":38,"turns":5},{"damage":59,"enemies":"Sphere and 2 Shapes","floor":39,"turns":5},{"damage":57,"enemies":"Spire Growth","floor":42,"turns":5},{"damage":24,"enemies":"3 Darklings","floor":45,"turns":4},{"damage":48,"enemies":"Reptomancer","floor":46,"turns":5},{"damage":74,"enemies":"Donu and Deca","floor":50,"turns":4}],"seed_played":"3059605632533322581","potions_obtained":[{"floor":2,"key":"Regen Potion"},{"floor":7,"key":"LiquidBronze"},{"floor":11,"key":"Strength Potion"},{"floor":14,"key":"Block Potion"},{"floor":16,"key":"Weak Potion"},{"floor":18,"key":"Swift Potion"},{"floor":29,"key":"Strength Potion"},{"floor":33,"key":"LiquidBronze"}],"is_trial":false,"path_per_floor":["M","M","$","?","M","R","M","R","T","M","M","R","E","M","R","B",null,"M","?","M","T","$","R","?","R","T","M","R","E","R","M","R","B",null,"M","M","?","?","M","$","R","M","T","$","M","E","?","?","R","B"],"character_chosen":"IRONCLAD","items_purchased":["Membership Card","Orichalcum","Inflame","Gambling Chip","Mayhem","Bandage Up"],"campfire_rested":6,"item_purchase_floors":[22,22,22,44,44,44],"current_hp_per_floor":[77,81,81,63,69,69,67,67,67,57,36,36,30,26,26,15,65,40,40,37,37,37,61,61,61,61,56,80,45,69,67,82,14,65,58,61,61,66,22,22,46,17,17,17,42,23,23,23,47,0],"gold":96,"neow_bonus":"RANDOM_COMMON_RELIC","is_prod":false,"is_daily":false,"chose_seed":false,"campfire_upgraded":4,"win_rate":0,"timestamp":1560294932,"path_taken":["M","M","$","?","M","R","M","R","T","M","M","R","E","M","R","BOSS","M","?","M","?","$","R","?","R","T","M","R","E","R","?","R","BOSS","M","M","?","?","M","$","R","M","T","$","M","E","?","?","R","BOSS"],"build_version":"2019-06-10","purchased_purges":2,"victory":false,"max_hp_per_floor":[82,82,82,82,82,82,82,82,82,82,82,82,82,82,82,82,82,82,82,82,82,82,82,82,82,82,82,82,82,82,82,82,82,82,82,82,82,82,82,82,82,82,82,82,82,82,82,82,82,82],"card_choices":[{"not_picked":["True Grit","Shrug It Off"],"picked":"Anger","floor":1},{"not_picked":["Ghostly Armor","Heavy Blade"],"picked":"Intimidate","floor":2},{"not_picked":["Fire Breathing","Iron Wave"],"picked":"Evolve","floor":5},{"not_picked":["Dual Wield","Flex"],"picked":"True Grit","floor":7},{"not_picked":["Ghostly Armor","Cleave"],"picked":"Thunderclap","floor":10},{"not_picked":["Dropkick","Heavy Blade"],"picked":"Sword Boomerang","floor":11},{"not_picked":["Burning Pact","Havoc"],"picked":"Pummel","floor":13},{"not_picked":["Metallicize","Seeing Red"],"picked":"Juggernaut","floor":14},{"not_picked":["Exhume","Immolate"],"picked":"Reaper","floor":16},{"not_picked":["Twin Strike","Anger","Clash"],"picked":"SKIP","floor":18},{"not_picked":["Infernal Blade","Cleave"],"picked":"Rage","floor":20},{"not_picked":["Iron Wave","Ghostly Armor"],"picked":"Intimidate","floor":27},{"not_picked":["Uppercut","Reckless Charge"],"picked":"Demon Form","floor":29},{"not_picked":["Perfected Strike+1","Sever Soul"],"picked":"Headbutt","floor":31},{"not_picked":["Barricade","Exhume"],"picked":"Offering","floor":33},{"not_picked":["Rampage","Havoc","Corruption"],"picked":"SKIP","floor":35},{"not_picked":["Rage","Dropkick","Thunderclap+1"],"picked":"SKIP","floor":36},{"not_picked":["Anger","Wild Strike"],"picked":"Shrug It Off","floor":39},{"not_picked":["Burning Pact","Dark Embrace","Iron Wave+1"],"picked":"SKIP","floor":42},{"not_picked":["Iron Wave","Cleave"],"picked":"True Grit","floor":45},{"not_picked":["Sever Soul","Thunderclap"],"picked":"Shrug It Off","floor":46}],"player_experience":1345234,"relics_obtained":[{"floor":9,"key":"Paper Frog"},{"floor":13,"key":"Bottled Lightning"},{"floor":21,"key":"Boot"},{"floor":26,"key":"Bag of Marbles"},{"floor":29,"key":"Art of War"},{"floor":38,"key":"Pocketwatch"},{"floor":43,"key":"Juzu Bracelet"},{"floor":46,"key":"Ancient Tea Set"}],"event_choices":[{"damage_healed":0,"gold_gain":0,"player_choice":"Success","damage_taken":18,"relics_obtained":["Red Skull"],"max_hp_gain":0,"max_hp_loss":0,"event_name":"Scrap Ooze","floor":4,"gold_loss":0},{"damage_healed":0,"gold_gain":0,"player_choice":"Obtain J.A.X.","damage_taken":0,"max_hp_gain":0,"max_hp_loss":0,"event_name":"Drug Dealer","floor":19,"gold_loss":0,"cards_obtained":["J.A.X."]},{"damage_healed":0,"gold_gain":0,"player_choice":"Ignored","damage_taken":0,"max_hp_gain":0,"max_hp_loss":0,"event_name":"Mysterious Sphere","floor":37,"gold_loss":0},{"damage_healed":0,"gold_gain":0,"player_choice":"Fight","damage_taken":0,"max_hp_gain":0,"max_hp_loss":0,"event_name":"MindBloom","floor":38,"gold_loss":0},{"damage_healed":0,"gold_gain":50,"player_choice":"Pray","damage_taken":0,"max_hp_gain":0,"max_hp_loss":0,"event_name":"Golden Shrine","floor":47,"gold_loss":0},{"cards_removed":["Strike_R"],"damage_healed":0,"gold_gain":0,"player_choice":"Purged","damage_taken":0,"max_hp_gain":0,"max_hp_loss":0,"event_name":"Purifier","floor":48,"gold_loss":0}],"is_beta":true,"boss_relics":[{"not_picked":["Tiny House","Black Star"],"picked":"Fusion Hammer"},{"not_picked":["Black Blood","Cursed Key"],"picked":"Runic Pyramid"}],"items_purged_floors":[3,40],"is_endless":false,"potions_floor_spawned":[2,7,11,14,16,18,29,33,35,38,39],"killed_by":"Donu and Deca","ascension_level":20}