{"gold_per_floor":[112,124,138,158,176,176,176,176,176,186,186,186,201,215,215,308,308,272,291,291,291],"floor_reached":21,"playtime":1412,"items_purged":[],"score":324,"play_id":"731d5cfd-9a83-4eaa-85a1-05b32e8b7694","local_time":"20190220154533","is_ascension_mode":true,"campfire_choices":[{"floor":6,"key":"REST"},{"data":"Metamorphosis","floor":8,"key":"SMITH"},{"floor":11,"key":"REST"},{"floor":15,"key":"REST"}],"neow_cost":"TEN_PERCENT_HP_LOSS","seed_source_timestamp":94485228649097,"circlet_count":0,"master_deck":["AscendersBane","Defend_G","Defend_G","Defend_G","Defend_G","Defend_G","Strike_G","Strike_G","Strike_G","Strike_G","Survivor","Neutralize","Metamorphosis+1","Madness","Deadly Poison","Bouncing Flask","Leg Sweep+1","Injury","Leg Sweep+1","Bullet Time+1","Noxious Fumes","Deadly Poison+1"],"relics":["Ring of the Snake","Toxic Egg 2","Golden Idol","Velvet Choker"],"potions_floor_usage":[16],"damage_taken":[{"damage":1,"enemies":"Cultist","floor":1,"turns":4},{"damage":0,"enemies":"Jaw Worm","floor":2,"turns":5},{"damage":9,"enemies":"2 Louse","floor":3,"turns":4},{"damage":6,"enemies":"2 Fungi Beasts","floor":4,"turns":4},{"damage":17,"enemies":"Looter","floor":5,"turns":4},{"damage":17,"enemies":"Exordium Thugs","floor":10,"turns":5},{"damage":15,"enemies":"Exordium Wildlife","floor":13,"turns":4},{"damage":6,"enemies":"Blue Slaver","floor":14,"turns":4},{"damage":19,"enemies":"The Guardian","floor":16,"turns":9},{"damage":19,"enemies":"2 Thieves","floor":18,"turns":5},{"damage":28,"enemies":"Chosen","floor":19,"turns":6},{"damage":16,"enemies":"Centurion and Healer","floor":21,"turns":5}],"seed_played":"-4449693896177936243","potions_obtained":[{"floor":3,"key":"LiquidBronze"},{"floor":4,"key":"FearPotion"},{"floor":13,"key":"Energy Potion"},{"floor":18,"key":"FearPotion"}],"is_trial":false,"path_per_floor":["M","M","M","M","M","R","?","R","T","M","R","?","M","M","R","B",null,"M","M","?","M"],"character_chosen":"THE_SILENT","items_purchased":[],"campfire_rested":3,"item_purchase_floors":[],"current_hp_per_floor":[58,58,49,43,26,44,37,37,37,20,38,38,23,17,35,16,49,30,2,14,0],"gold":291,"neow_bonus":"RANDOM_COLORLESS_2","is_prod":false,"is_daily":false,"chose_seed":false,"campfire_upgraded":1,"win_rate":0,"timestamp":1550695533,"path_taken":["M","M","M","M","M","R","?","R","T","M","R","?","M","M","R","BOSS","M","M","?","M"],"build_version":"2019-01-23","purchased_purges":0,"victory":false,"max_hp_per_floor":[60,60,60,60,60,60,60,60,60,60,60,60,60,60,60,60,60,60,60,60,60],"card_choices":[{"not_picked":["Quick Slash","Acrobatics","Slice"],"picked":"SKIP","floor":1},{"not_picked":["Outmaneuver","Blade Dance"],"picked":"Deadly Poison","floor":2},{"not_picked":["All Out Attack","Reflex","Outmaneuver"],"picked":"SKIP","floor":3},{"not_picked":["Bane","Blade Dance","Underhanded Strike"],"picked":"SKIP","floor":4},{"not_picked":["Outmaneuver","Phantasmal Killer"],"picked":"Bouncing Flask","floor":5},{"not_picked":["Dodge and Roll+1","Quick Slash"],"picked":"Leg Sweep+1","floor":10},{"not_picked":["Outmaneuver+1","Slice","Sucker Punch"],"picked":"SKIP","floor":13},{"not_picked":["Poisoned Stab","Slice"],"picked":"Leg Sweep+1","floor":14},{"not_picked":["Unload","Night Terror+1"],"picked":"Bullet Time+1","floor":16},{"not_picked":["Bouncing Flask+1","Concentrate+1"],"picked":"Noxious Fumes","floor":18},{"not_picked":["Dodge and Roll+1","Backflip+1"],"picked":"Deadly Poison+1","floor":19}],"player_experience":336017,"relics_obtained":[{"floor":9,"key":"Toxic Egg 2"}],"event_choices":[{"cards_removed":["Strike_G"],"damage_healed":0,"gold_gain":0,"player_choice":"Card Removal","damage_taken":7,"max_hp_gain":0,"max_hp_loss":0,"event_name":"Golden Wing","floor":7,"gold_loss":0},{"damage_healed":0,"gold_gain":0,"player_choice":"Take Wound","damage_taken":0,"relics_obtained":["Golden Idol"],"max_hp_gain":0,"max_hp_loss":0,"event_name":"Golden Idol","floor":12,"gold_loss":0,"cards_obtained":["Injury"]},{"damage_healed":12,"gold_gain":0,"player_choice":"Heal","damage_taken":0,"max_hp_gain":0,"max_hp_loss":0,"event_name":"The Library","floor":20,"gold_loss":0}],"is_beta":false,"boss_relics":[{"not_picked":["Black Star","Calling Bell"],"picked":"Velvet Choker"}],"items_purged_floors":[],"is_endless":false,"potions_floor_spawned":[3,4,5,13,18],"killed_by":"Centurion and Healer","ascension_level":17}