{"gold_per_floor":[112,112,28,28,42,42,67,67,91,108,108,125,143,170,170,267,267,280,379,379,393,393,404,404,424,496,496,531,542,471],"floor_reached":30,"playtime":3220,"items_purged":[],"score":335,"play_id":"8fc5352a-ca57-47b0-97f9-81eb6e986c25","local_time":"20190910072649","is_ascension_mode":false,"campfire_choices":[{"data":"WindmillStrike","floor":6,"key":"SMITH"},{"data":"Sanctity","floor":8,"key":"SMITH"},{"floor":11,"key":"REST"},{"data":"DeceiveReality","floor":15,"key":"SMITH"},{"floor":24,"key":"REST"}],"neow_cost":"NONE","seed_source_timestamp":313049344461844,"circlet_count":0,"master_deck":["Strike_P+1","Strike_P+1","Strike_P+1","Strike_P+1","Defend_P+1","Defend_P+1","Defend_P+1","Eruption+1","Vigilance","Sanctity+1","WindmillStrike+1","Meditate","DeceiveReality+1","CrushJoints","Conclude","Nirvana","BattleHymn","TalkToTheHand","Ghostly","Ghostly","Ghostly","Ghostly","Ghostly","EmptyBody","BowlingBash","Collect+1","WaveOfTheHand"],"relics":["PureWater","Pear","Shuriken","PreservedInsect","Mercury Hourglass","VioletLotus","Letter Opener","Vajra"],"potions_floor_usage":[7,7,13,16,18,28,28],"damage_taken":[{"damage":6,"enemies":"Jaw Worm","floor":1,"turns":2},{"damage":0,"enemies":"2 Louse","floor":5,"turns":1},{"damage":28,"enemies":"Gremlin Nob","floor":7,"turns":3},{"damage":3,"enemies":"Small Slimes","floor":10,"turns":3},{"damage":1,"enemies":"2 Fungi Beasts","floor":12,"turns":4},{"damage":7,"enemies":"Exordium Wildlife","floor":13,"turns":2},{"damage":6,"enemies":"3 Sentries","floor":14,"turns":5},{"damage":6,"enemies":"The Guardian","floor":16,"turns":10},{"damage":7,"enemies":"Shell Parasite","floor":18,"turns":5},{"damage":20,"enemies":"2 Thieves","floor":21,"turns":4},{"damage":0,"enemies":"Snecko","floor":23,"turns":3},{"damage":21,"enemies":"Snake Plant","floor":25,"turns":6},{"damage":0,"enemies":"Gremlin Leader","floor":28,"turns":4},{"damage":0,"enemies":"Centurion and Healer","floor":29,"turns":5}],"seed_played":"4850570995234040191","potions_obtained":[{"floor":5,"key":"Swift Potion"},{"floor":12,"key":"Explosive Potion"},{"floor":13,"key":"StancePotion"},{"floor":14,"key":"LiquidBronze"},{"floor":23,"key":"Dexterity Potion"},{"floor":25,"key":"Poison Potion"},{"floor":27,"key":"Weak Potion"},{"floor":27,"key":"FearPotion"},{"floor":28,"key":"Poison Potion"}],"is_trial":false,"path_per_floor":["M","?","$","?","M","R","E","R","T","M","R","M","M","E","R","B",null,"M","?","?","M","?","M","R","M","T","?","E","M","$"],"character_chosen":"WATCHER","items_purchased":["Poison Potion","WindmillStrike","WaveOfTheHand"],"campfire_rested":2,"item_purchase_floors":[3,3,30],"current_hp_per_floor":[59,59,59,66,66,66,38,38,38,35,57,56,49,43,43,37,75,68,68,37,17,17,17,28,7,7,7,7,7,7],"gold":471,"neow_bonus":"REMOVE_CARD","is_prod":false,"is_daily":false,"chose_seed":false,"campfire_upgraded":3,"win_rate":0.0,"timestamp":1568093209,"path_taken":["M","?","$","?","M","R","E","R","T","M","R","M","M","E","R","BOSS","M","?","?","M","?","?","R","M","T","?","E","M","$"],"build_version":"2019-09-09v2","purchased_purges":0,"victory":false,"max_hp_per_floor":[65,65,65,75,75,75,75,75,75,75,75,75,75,75,75,75,75,75,75,37,37,37,37,37,37,37,37,37,37,37],"card_choices":[{"not_picked":["EmptyFist","FlyingSleeves"],"picked":"Sanctity","floor":1},{"not_picked":["Halt","Worship"],"picked":"Meditate","floor":5},{"not_picked":["Meditate","Weave"],"picked":"DeceiveReality","floor":7},{"not_picked":["Weave","ClearTheMind","Tantrum"],"picked":"SKIP","floor":10},{"not_picked":["BowlingBash","CleanseEvil"],"picked":"CrushJoints","floor":12},{"not_picked":["CrushJoints","Adaptation"],"picked":"Conclude","floor":13},{"not_picked":["Fasting","Conclude"],"picked":"Nirvana","floor":14},{"not_picked":["ReachHeaven","MasterReality"],"picked":"BattleHymn","floor":16},{"not_picked":["Collect","Devotion","TalkToTheHand"],"picked":"SKIP","floor":18},{"not_picked":["Collect","Devotion"],"picked":"TalkToTheHand","floor":18},{"not_picked":["ClearTheMind","Protect","Weave+1"],"picked":"SKIP","floor":21},{"not_picked":["WindmillStrike","Sanctity"],"picked":"EmptyBody","floor":23},{"not_picked":["SpiritShield","Prostrate+1"],"picked":"BowlingBash","floor":25},{"not_picked":["Tantrum","InnerPeace"],"picked":"Collect+1","floor":28},{"not_picked":["FlyingSleeves","CrushJoints","SandsOfTime+1"],"picked":"SKIP","floor":29}],"player_experience":604355,"relics_obtained":[{"floor":7,"key":"Shuriken"},{"floor":9,"key":"PreservedInsect"},{"floor":14,"key":"Mercury Hourglass"},{"floor":26,"key":"Letter Opener"},{"floor":28,"key":"Vajra"}],"event_choices":[{"damage_healed":0,"gold_gain":0,"player_choice":"Grow","damage_taken":0,"max_hp_gain":0,"max_hp_loss":0,"event_name":"Living Wall","floor":2,"gold_loss":0,"cards_upgraded":["Eruption"]},{"damage_healed":0,"gold_gain":0,"player_choice":"Success","damage_taken":3,"relics_obtained":["Pear"],"max_hp_gain":0,"max_hp_loss":0,"event_name":"Scrap Ooze","floor":4,"gold_loss":0},{"damage_healed":0,"gold_gain":99,"player_choice":"Stole From Cult","damage_taken":0,"max_hp_gain":0,"max_hp_loss":0,"event_name":"Nest","floor":19,"gold_loss":0},{"damage_healed":0,"gold_gain":0,"player_choice":"Became a Ghost","damage_taken":0,"max_hp_gain":0,"max_hp_loss":38,"event_name":"Ghosts","floor":20,"gold_loss":0,"cards_obtained":["Ghostly","Ghostly","Ghostly","Ghostly","Ghostly"]},{"damage_healed":0,"gold_gain":0,"player_choice":"Simplicity","damage_taken":0,"max_hp_gain":0,"max_hp_loss":0,"event_name":"Back to Basics","floor":22,"gold_loss":0,"cards_upgraded":["Strike_P","Strike_P","Strike_P","Strike_P","Defend_P","Defend_P","Defend_P"]},{"damage_healed":0,"gold_gain":0,"player_choice":"Got Potions","damage_taken":0,"max_hp_gain":0,"max_hp_loss":0,"event_name":"Lab","floor":27,"gold_loss":0}],"is_beta":true,"boss_relics":[{"not_picked":["Astrolabe","Runic Pyramid"],"picked":"VioletLotus"}],"items_purged_floors":[],"is_endless":false,"potions_floor_spawned":[5,12,13,14,23,25,28],"ascension_level":0}