{"gold_per_floor":[112,112,112,131,154,154,185,199,223,293,293,293,20,36,36,156,156,179,2,127,150,150,162,208,220,232,244,280,78,101,141,141,267,267,285,285,309,309,333,373,373,373,373,408,0,23,23,36,36,36],"floor_reached":51,"playtime":4837,"items_purged":["Strike_B","Strike_B","Doubt"],"score":1154,"play_id":"900b16e8-dfe0-4fbe-9a4b-a48eb296e31f","local_time":"20190509202539","is_ascension_mode":true,"campfire_choices":[{"data":"Zap","floor":6,"key":"SMITH"},{"data":"Sunder","floor":12,"key":"SMITH"},{"data":"Ball Lightning","floor":15,"key":"SMITH"},{"data":"Biased Cognition","floor":23,"key":"SMITH"},{"data":"Coolheaded","floor":25,"key":"SMITH"},{"data":"Loop","floor":27,"key":"SMITH"},{"data":"Doom and Gloom","floor":32,"key":"SMITH"},{"data":"Coolheaded","floor":41,"key":"SMITH"},{"floor":49,"key":"REST"}],"neow_cost":"NONE","seed_source_timestamp":94478255052751,"circlet_count":0,"master_deck":["Strike_B","Defend_B+1","Defend_B","Defend_B","Defend_B+1","Zap+1","Dualcast","Coolheaded+1","Loop+1","Ball Lightning+1","Sunder+1","Self Repair","Chill","Cold Snap","Creative AI","FTL","Go for the Eyes+1","Biased Cognition+1","Glacier+1","Redo+1","Doom and Gloom+1","Skim","Loop+1","Core Surge","Coolheaded+1","Compile Driver+1","Go for the Eyes+1","Machine Learning","Biased Cognition"],"relics":["Cracked Core","Golden Idol","Lantern","Potion Belt","Tiny Chest","Happy Flower","Black Star","Mango","Dodecahedron","MawBank","Emotion Chip","Bag of Marbles","Singing Bowl","Bag of Preparation","DataDisk","Regal Pillow","Cursed Key","Strawberry","PreservedInsect","Matryoshka","Kunai","Vajra","Ancient Tea Set","Blue Candle","Oddly Smooth Stone"],"potions_floor_usage":[7,8,10,14,20,20,24,24,40,48,50,50,50],"damage_taken":[{"damage":8,"enemies":"2 Louse","floor":1,"turns":3},{"damage":5,"enemies":"Small Slimes","floor":4,"turns":4},{"damage":5,"enemies":"Jaw Worm","floor":5,"turns":3},{"damage":8,"enemies":"Gremlin Nob","floor":7,"turns":3},{"damage":4,"enemies":"Exordium Wildlife","floor":8,"turns":3},{"damage":0,"enemies":"Lagavulin","floor":10,"turns":7},{"damage":0,"enemies":"Gremlin Gang","floor":14,"turns":5},{"damage":8,"enemies":"The Guardian","floor":16,"turns":13},{"damage":20,"enemies":"Shell Parasite","floor":18,"turns":5},{"damage":18,"enemies":"Colosseum Slavers","floor":20,"turns":4},{"damage":12,"enemies":"Colosseum Nobs","floor":20,"turns":6},{"damage":2,"enemies":"Spheric Guardian","floor":21,"turns":3},{"damage":19,"enemies":"Book of Stabbing","floor":24,"turns":6},{"damage":2,"enemies":"Chosen and Byrds","floor":28,"turns":5},{"damage":0,"enemies":"Sentry and Sphere","floor":30,"turns":4},{"damage":25,"enemies":"Slavers","floor":31,"turns":3},{"damage":2,"enemies":"Champ","floor":33,"turns":10},{"damage":4,"enemies":"3 Darklings","floor":35,"turns":7},{"damage":0,"enemies":"Orb Walker","floor":37,"turns":2},{"damage":0,"enemies":"Spire Growth","floor":39,"turns":4},{"damage":28,"enemies":"Nemesis","floor":40,"turns":5},{"damage":27,"enemies":"Reptomancer","floor":44,"turns":4},{"damage":20,"enemies":"3 Darklings","floor":46,"turns":4},{"damage":1,"enemies":"Sphere and 2 Shapes","floor":48,"turns":4},{"damage":53,"enemies":"Time Eater","floor":50,"turns":6}],"seed_played":"-340523525302676856","potions_obtained":[{"floor":1,"key":"Fire Potion"},{"floor":4,"key":"Block Potion"},{"floor":7,"key":"Block Potion"},{"floor":10,"key":"SkillPotion"},{"floor":16,"key":"Strength Potion"},{"floor":18,"key":"PowerPotion"},{"floor":20,"key":"Regen Potion"},{"floor":21,"key":"SkillPotion"},{"floor":33,"key":"Ancient Potion"},{"floor":37,"key":"PowerPotion"},{"floor":39,"key":"Block Potion"},{"floor":46,"key":"Explosive Potion"},{"floor":48,"key":"EssenceOfSteel"}],"is_trial":false,"path_per_floor":["M","?","?","M","M","R","E","M","T","E","?","R","$","M","R","B",null,"M","$","?","M","T","R","E","R","T","R","M","$","M","E","R","B",null,"M","?","M","T","M","E","R","T","T","E","$","M","$","M","R","B",null],"character_chosen":"DEFECT","items_purchased":["Cold Snap","Happy Flower","Ancient Potion","Doom and Gloom","Bag of Preparation","Machine Learning","Oddly Smooth Stone"],"campfire_rested":1,"item_purchase_floors":[13,13,19,29,29,45,45],"current_hp_per_floor":[60,42,27,22,17,17,9,5,5,12,37,37,37,37,37,36,65,52,52,57,62,62,62,65,65,65,65,70,70,77,59,59,64,83,86,93,93,93,98,79,79,79,79,59,59,39,39,47,92,39],"gold":36,"neow_bonus":"REMOVE_CARD","is_prod":false,"is_daily":false,"chose_seed":false,"campfire_upgraded":8,"win_rate":0,"timestamp":1557426339,"path_taken":["M","?","?","M","M","R","E","M","T","E","?","R","$","M","R","BOSS","M","$","?","M","?","R","E","R","T","R","M","$","M","E","R","BOSS","M","?","?","?","?","E","R","?","T","E","$","?","?","M","R","BOSS"],"build_version":"2019-05-07","purchased_purges":3,"victory":true,"max_hp_per_floor":[75,75,75,75,75,75,75,75,75,75,75,75,75,75,75,75,75,75,75,89,89,89,89,89,89,89,89,89,89,89,89,89,89,89,89,96,96,96,98,100,100,100,100,100,100,100,100,102,102,102],"card_choices":[{"not_picked":["Steam Power","Conserve Battery"],"picked":"Coolheaded","floor":1},{"not_picked":["Coolheaded","Turbo"],"picked":"Loop","floor":4},{"not_picked":["Compile Driver","Genetic Algorithm"],"picked":"Ball Lightning","floor":5},{"not_picked":["Conserve Battery","Doom and Gloom"],"picked":"Sunder","floor":7},{"not_picked":["Beam Cell","FTL"],"picked":"Self Repair","floor":8},{"not_picked":["Compile Driver","Auto Shields"],"picked":"Chill","floor":10},{"not_picked":["Steam Power","Coolheaded","Hyperbeam"],"picked":"SKIP","floor":14},{"not_picked":["All For One","Reboot"],"picked":"Creative AI","floor":16},{"not_picked":["Undo","Stack"],"picked":"FTL","floor":18},{"not_picked":["Rebound","Leap"],"picked":"Go for the Eyes+1","floor":20},{"not_picked":["Stack","White Noise+1"],"picked":"Biased Cognition","floor":21},{"not_picked":["Reinforced Body","Compile Driver"],"picked":"Glacier+1","floor":24},{"not_picked":["Stack","Rebound"],"picked":"Redo+1","floor":28},{"not_picked":["Melter","Cold Snap+1"],"picked":"Skim","floor":30},{"not_picked":["Fusion","Doom and Gloom"],"picked":"Loop+1","floor":31},{"not_picked":["Machine Learning","Seek"],"picked":"Core Surge","floor":33},{"not_picked":["Go for the Eyes","White Noise+1"],"picked":"Coolheaded","floor":35},{"not_picked":["Reprogram","Heatsinks"],"picked":"Compile Driver+1","floor":37},{"not_picked":["Conserve Battery","Steam","Barrage+1"],"picked":"Singing Bowl","floor":39},{"not_picked":["Beam Cell","Barrage","Rebound"],"picked":"Singing Bowl","floor":40},{"not_picked":["Self Repair+1","FTL+1"],"picked":"Go for the Eyes+1","floor":44},{"not_picked":["Reprogram+1","Tempest"],"picked":"Biased Cognition","floor":46},{"not_picked":["Barrage+1","Go for the Eyes","Fusion+1"],"picked":"Singing Bowl","floor":48}],"player_experience":557099,"relics_obtained":[{"floor":7,"key":"Lantern"},{"floor":9,"key":"Potion Belt"},{"floor":10,"key":"Tiny Chest"},{"floor":20,"key":"Mango"},{"floor":20,"key":"Dodecahedron"},{"floor":22,"key":"MawBank"},{"floor":24,"key":"Emotion Chip"},{"floor":24,"key":"Bag of Marbles"},{"floor":26,"key":"Singing Bowl"},{"floor":31,"key":"DataDisk"},{"floor":31,"key":"Regal Pillow"},{"floor":40,"key":"PreservedInsect"},{"floor":40,"key":"Matryoshka"},{"floor":42,"key":"Kunai"},{"floor":42,"key":"Vajra"},{"floor":44,"key":"Ancient Tea Set"},{"floor":44,"key":"Blue Candle"}],"event_choices":[{"damage_healed":0,"gold_gain":0,"player_choice":"Take Damage","damage_taken":18,"relics_obtained":["Golden Idol"],"max_hp_gain":0,"max_hp_loss":0,"event_name":"Golden Idol","floor":2,"gold_loss":0},{"damage_healed":0,"gold_gain":0,"player_choice":"Entered Light","damage_taken":15,"max_hp_gain":0,"max_hp_loss":0,"event_name":"Shining Light","floor":3,"gold_loss":0,"cards_upgraded":["Defend_B","Defend_B"]},{"damage_healed":25,"gold_gain":0,"player_choice":"Banana","damage_taken":0,"max_hp_gain":0,"max_hp_loss":0,"event_name":"Big Fish","floor":11,"gold_loss":0},{"damage_healed":0,"gold_gain":0,"player_choice":"Fight","damage_taken":0,"max_hp_gain":0,"max_hp_loss":0,"event_name":"Colosseum","floor":20,"gold_loss":0},{"damage_healed":0,"gold_gain":0,"player_choice":"Fought Nobs","damage_taken":0,"max_hp_gain":0,"max_hp_loss":0,"event_name":"Colosseum","floor":20,"gold_loss":0},{"damage_healed":0,"gold_gain":0,"player_choice":"Gave Potion","damage_taken":0,"relics_obtained":["Strawberry"],"max_hp_gain":0,"max_hp_loss":0,"event_name":"WeMeetAgain","floor":36,"gold_loss":0}],"is_beta":true,"boss_relics":[{"not_picked":["Busted Crown","Empty Cage"],"picked":"Black Star"},{"not_picked":["Sozu","Runic Dome"],"picked":"Cursed Key"}],"items_purged_floors":[13,19,45],"is_endless":false,"potions_floor_spawned":[1,4,7,10,16,18,20,20,21,33,37,39,46,48],"ascension_level":8}