{"gold_per_floor":[117,137,155,172,97,97,116,116,116,132,132,132,132,132,132,230,230,243,257,273,273,3,3,3],"floor_reached":24,"playtime":1088,"items_purged":[],"score":347,"play_id":"6d74019e-2650-4c3d-b97a-9469986a082a","local_time":"20180711211334","is_ascension_mode":true,"campfire_choices":[{"data":"Zap","floor":6,"key":"SMITH"},{"data":"Darkness","floor":11,"key":"SMITH"},{"data":"Coolheaded","floor":13,"key":"SMITH"},{"floor":15,"key":"REST"},{"floor":23,"key":"REST"}],"neow_cost":"NONE","seed_source_timestamp":258145055204457,"circlet_count":0,"master_deck":["Strike_B","Defend_B","Defend_B","Defend_B","Defend_B","Zap+1","Dualcast","AscendersBane","Cold Snap","Barrage","Auto Shields","Darkness+1","Coolheaded+1","Creative AI","Sunder","Self Repair","Storm"],"relics":["Cracked Core","Torii","Golden Idol","Velvet Choker","Medical Kit"],"potions_floor_usage":[4,12,16,24],"damage_taken":[{"damage":2,"enemies":"Small Slimes","floor":1,"turns":5},{"damage":0,"enemies":"Cultist","floor":2,"turns":4},{"damage":7,"enemies":"2 Louse","floor":3,"turns":3},{"damage":15,"enemies":"Lots of Slimes","floor":4,"turns":4},{"damage":0,"enemies":"Large Slime","floor":7,"turns":6},{"damage":13,"enemies":"2 Fungi Beasts","floor":10,"turns":4},{"damage":8,"enemies":"Gremlin Nob","floor":12,"turns":3},{"damage":11,"enemies":"Hexaghost","floor":16,"turns":9},{"damage":23,"enemies":"Spheric Guardian","floor":18,"turns":6},{"damage":14,"enemies":"Shell Parasite","floor":19,"turns":6},{"damage":14,"enemies":"Snecko","floor":20,"turns":6},{"damage":23,"enemies":"Gremlin Leader","floor":24,"turns":5}],"seed_played":"133314722756536710","potions_obtained":[{"floor":2,"key":"SmokeBomb"},{"floor":3,"key":"SteroidPotion"},{"floor":7,"key":"PowerPotion"},{"floor":20,"key":"Swift Potion"}],"is_trial":false,"path_per_floor":["M","M","M","M","?","R","M","?","T","M","R","E","R","?","R","B",null,"M","M","M","?","$","R"],"character_chosen":"DEFECT","items_purchased":["Storm","Medical Kit"],"campfire_rested":2,"item_purchase_floors":[22,22],"current_hp_per_floor":[62,62,55,40,40,40,40,40,40,27,27,19,19,19,38,27,55,32,18,4,4,4,23,0],"gold":3,"neow_bonus":"REMOVE_CARD","is_prod":false,"is_daily":false,"chose_seed":false,"campfire_upgraded":3,"win_rate":0,"timestamp":1531368814,"path_taken":["M","M","M","M","?","R","M","?","T","M","R","E","R","?","R","BOSS","M","M","?","?","?","R","E"],"build_version":"2018-07-10","purchased_purges":0,"victory":false,"max_hp_per_floor":[71,71,71,71,71,71,71,71,71,71,71,71,71,64,64,64,64,64,64,64,64,64,64,64],"card_choices":[{"not_picked":["Redo","Reprogram"],"picked":"Cold Snap","floor":1},{"not_picked":["Sweeping Beam","Heatsinks"],"picked":"Barrage","floor":2},{"not_picked":["Steam","Turbo"],"picked":"Auto Shields","floor":3},{"not_picked":["Turbo","Reinforced Body","Storm"],"picked":"SKIP","floor":4},{"not_picked":["Coolheaded","Sweeping Beam"],"picked":"Darkness","floor":7},{"not_picked":["Go for the Eyes","Sweeping Beam"],"picked":"Coolheaded","floor":10},{"not_picked":["Reboot","Amplify"],"picked":"Creative AI","floor":16},{"not_picked":["Sweeping Beam","Steam Power","Go for the Eyes"],"picked":"SKIP","floor":18},{"not_picked":["Go for the Eyes","Static Discharge","Streamline"],"picked":"SKIP","floor":19},{"not_picked":["FTL","Sweeping Beam"],"picked":"Sunder","floor":20}],"player_experience":812977,"relics_obtained":[{"floor":9,"key":"Torii"}],"event_choices":[{"event_name":"The Cleric","player_choice":"Card Removal","floor":5,"damage_taken":0},{"event_name":"Liars Game","player_choice":"disagreed","floor":8,"damage_taken":0},{"event_name":"Golden Idol","player_choice":"Lose Max HP","floor":14,"damage_taken":0},{"event_name":"Transmorgrifier","player_choice":"Transform","floor":21,"damage_taken":0}],"boss_relics":[{"not_picked":["Nuclear Battery","Busted Crown"],"picked":"Velvet Choker"}],"items_purged_floors":[],"is_endless":false,"potions_floor_spawned":[2,3,7,10,20],"killed_by":"Gremlin Leader","ascension_level":15}