{"gold_per_floor":[117,134,309,10,20,20,45,45,45,45,56,72,72,72,72,169,169,184,203,203],"floor_reached":20,"playtime":914,"items_purged":["Doubt"],"score":183,"play_id":"3959f16e-7dd2-4636-bf6f-e9c67b7420cf","local_time":"20181111224124","is_ascension_mode":true,"campfire_choices":[{"data":"Defragment","floor":6,"key":"SMITH"},{"floor":10,"key":"REST"},{"floor":13,"key":"REST"},{"floor":15,"key":"REST"}],"neow_cost":"NONE","seed_source_timestamp":830972888480507,"circlet_count":0,"master_deck":["Strike_B","Strike_B","Strike_B","Strike_B","Defend_B","Defend_B","Defend_B","Defend_B","Zap","Dualcast","Echo Form","Gash","Hello World","Defragment+1","Loop","Go for the Eyes","Compile Driver","Amplify","Creative AI","Darkness","Leap+1"],"relics":["Cracked Core","Happy Flower","Dodecahedron","Shovel","Centennial Puzzle","Cursed Key"],"potions_floor_usage":[7,12,16,20],"damage_taken":[{"damage":17,"enemies":"Cultist","floor":1,"turns":5},{"damage":5,"enemies":"Jaw Worm","floor":2,"turns":4},{"damage":1,"enemies":"2 Louse","floor":5,"turns":4},{"damage":28,"enemies":"3 Sentries","floor":7,"turns":6},{"damage":10,"enemies":"Exordium Wildlife","floor":11,"turns":4},{"damage":18,"enemies":"Exordium Thugs","floor":12,"turns":4},{"damage":14,"enemies":"Hexaghost","floor":16,"turns":8},{"damage":55,"enemies":"2 Thieves","floor":18,"turns":5},{"damage":14,"enemies":"Spheric Guardian","floor":19,"turns":4},{"damage":10,"enemies":"Shelled Parasite and Fungi","floor":20,"turns":1}],"seed_played":"-6678376608730119701","potions_obtained":[{"floor":1,"key":"SteroidPotion"},{"floor":5,"key":"Ancient Potion"},{"floor":11,"key":"Explosive Potion"},{"floor":12,"key":"Energy Potion"},{"floor":18,"key":"Fire Potion"}],"is_trial":false,"path_per_floor":["M","M","?","$","M","R","E","$","T","R","M","M","R","?","R","B",null,"M","M","M"],"character_chosen":"DEFECT","items_purchased":["Defragment","Happy Flower"],"campfire_rested":3,"item_purchase_floors":[4,4],"current_hp_per_floor":[58,53,53,53,52,52,24,24,24,46,36,18,40,22,44,30,75,20,6,0],"gold":203,"neow_bonus":"ONE_RANDOM_RARE_CARD","is_prod":false,"is_daily":false,"chose_seed":false,"campfire_upgraded":1,"win_rate":0,"timestamp":1541972484,"path_taken":["M","M","?","$","M","R","E","$","T","R","M","M","R","?","R","BOSS","M","M","M"],"build_version":"2018-11-08","purchased_purges":1,"victory":false,"max_hp_per_floor":[75,75,75,75,75,75,75,75,75,75,75,75,75,75,75,75,75,75,75,75],"card_choices":[{"not_picked":["Blizzard","Barrage"],"picked":"Gash","floor":1},{"not_picked":["Turbo","Self Repair"],"picked":"Hello World","floor":2},{"not_picked":["Beam Cell","Cold Snap"],"picked":"Loop","floor":5},{"not_picked":["Gash","Loop"],"picked":"Go for the Eyes","floor":7},{"not_picked":["Melter","Force Field"],"picked":"Compile Driver","floor":11},{"not_picked":["Sweeping Beam","Hello World"],"picked":"Amplify","floor":12},{"not_picked":["Amplify","Multi-Cast"],"picked":"Creative AI","floor":16},{"not_picked":["Turbo","Rip and Tear"],"picked":"Darkness","floor":18},{"not_picked":["Compile Driver","Skim"],"picked":"Leap+1","floor":19}],"player_experience":99980,"relics_obtained":[{"floor":7,"key":"Dodecahedron"},{"floor":9,"key":"Shovel"}],"event_choices":[{"damage_healed":0,"gold_gain":175,"player_choice":"AGREE","damage_taken":0,"max_hp_gain":0,"max_hp_loss":0,"event_name":"Liars Game","floor":3,"gold_loss":0,"cards_obtained":["Doubt"]},{"damage_healed":0,"gold_gain":0,"player_choice":"Success","damage_taken":18,"relics_obtained":["Centennial Puzzle"],"max_hp_gain":0,"max_hp_loss":0,"event_name":"Scrap Ooze","floor":14,"gold_loss":0}],"is_beta":true,"boss_relics":[{"not_picked":["Astrolabe","White Beast Statue"],"picked":"Cursed Key"}],"items_purged_floors":[4],"is_endless":false,"potions_floor_spawned":[1,5,11,12,18],"killed_by":"Shelled Parasite and Fungi","ascension_level":1}