{"gold_per_floor":[368,381,556,556,574,608,608,18,70,100,100,115,145,160,160,255,255,274,291,231,242,260,260,290,290,290,32,44,74,74,74,74,172,172,188,88,105,116,135,164,164,0,27,27],"floor_reached":44,"playtime":3340,"items_purged":["Parasite","Pain"],"score":548,"play_id":"8e5e3158-efa8-4bb5-8b50-dd1e40e30caf","local_time":"20190903021430","is_ascension_mode":true,"campfire_choices":[{"floor":7.0,"key":"RECALL"},{"floor":11.0,"key":"REST"},{"floor":15.0,"key":"REST"},{"data":"Armaments","floor":23,"key":"SMITH"},{"data":"Demon Form","floor":25,"key":"SMITH"},{"floor":32,"key":"REST"},{"floor":41,"key":"REST"}],"neow_cost":"CURSE","seed_source_timestamp":0,"circlet_count":0,"master_deck":["Strike_R","Strike_R","Strike_R","Strike_R","Defend_R","Defend_R","Defend_R","Defend_R","Bash","Twin Strike","Armaments+1","Headbutt","Pommel Strike","Inflame","Whirlwind+1","Heavy Blade+1","Bludgeon+1","Dropkick+1","Demon Form+1","Seeing Red","Cleave+1","Intimidate+1","Thunderclap+1","Parasite","Clash+1","Shrug It Off","Double Tap","Clash+1","Inflame+1","Uppercut+1","Battle Trance+1","Writhe"],"special_seed":0,"relics":["Burning Blood","Strawberry","HandDrill","Molten Egg 2","Oddly Smooth Stone","Anchor","Blood Vial","Cursed Key","Meat on the Bone","Dodecahedron","Mummified Hand","Potion Belt","Mark of Pain","Pantograph","Red Mask","Regal Pillow"],"potions_floor_usage":[24,24,33,33,33,33,33,35,38],"damage_taken":[{"damage":0.0,"enemies":"Small Slimes","floor":1.0,"turns":3.0},{"damage":0.0,"enemies":"Cultist","floor":2.0,"turns":4.0},{"damage":11.0,"enemies":"Jaw Worm","floor":5.0,"turns":4.0},{"damage":26.0,"enemies":"Lagavulin","floor":6.0,"turns":5.0},{"damage":24.0,"enemies":"3 Sentries","floor":10.0,"turns":10.0},{"damage":10.0,"enemies":"Looter","floor":12.0,"turns":3.0},{"damage":21.0,"enemies":"Lagavulin","floor":13.0,"turns":5.0},{"damage":2.0,"enemies":"Large Slime","floor":14.0,"turns":2.0},{"damage":57.0,"enemies":"The Guardian","floor":16.0,"turns":10.0},{"damage":18.0,"enemies":"2 Thieves","floor":18.0,"turns":4.0},{"damage":0.0,"enemies":"3 Byrds","floor":19.0,"turns":4.0},{"damage":0,"enemies":"Snake Plant","floor":21,"turns":2},{"damage":22,"enemies":"Centurion and Healer","floor":22,"turns":4},{"damage":12,"enemies":"Gremlin Leader","floor":24,"turns":4},{"damage":6,"enemies":"3 Cultists","floor":28,"turns":3},{"damage":18,"enemies":"Book of Stabbing","floor":29,"turns":3},{"damage":15,"enemies":"Champ","floor":33,"turns":6},{"damage":0,"enemies":"Orb Walker","floor":35,"turns":1},{"damage":0,"enemies":"3 Shapes","floor":37,"turns":2},{"damage":43,"enemies":"Maw","floor":38,"turns":7},{"damage":16,"enemies":"Sphere and 2 Shapes","floor":39,"turns":5},{"damage":48,"enemies":"Nemesis","floor":40,"turns":5},{"damage":73,"enemies":"Reptomancer","floor":44,"turns":6}],"seed_played":"280573897314848760","potions_obtained":[{"floor":1.0,"key":"Strength Potion"},{"floor":6.0,"key":"Weak Potion"},{"floor":10.0,"key":"Dexterity Potion"},{"floor":16.0,"key":"SmokeBomb"},{"floor":18.0,"key":"Strength Potion"},{"floor":22,"key":"LiquidBronze"},{"floor":29,"key":"EntropicBrew"},{"floor":33,"key":"SteroidPotion"},{"floor":37,"key":"SpeedPotion"}],"is_trial":false,"path_per_floor":["M","M","?","?","M","E","R","$","T","E","R","M","E","M","R","B",null,"M","M","?","M","M","R","E","R","T","$","M","E","$","T","R","B",null,"M","$","M","M","M","E","R","?","T","E"],"character_chosen":"IRONCLAD","items_purchased":["HandDrill","Molten Egg 2","Inflame","Mummified Hand"],"campfire_rested":4,"item_purchase_floors":[8,8,8,27],"current_hp_per_floor":[80,80,80,73,68,55,55,55,55,37,62,58,43,49,74,25,84,72,80,80,84,68,68,64,64,64,64,66,56,56,56,81,74,84,84,84,84,59,51,23,48,48,48,0],"gold":27,"neow_bonus":"TWO_FIFTY_GOLD","is_prod":false,"is_daily":false,"chose_seed":false,"campfire_upgraded":2,"win_rate":0,"timestamp":1567448070,"path_taken":["M","M","?","?","M","E","R","$","T","E","R","M","E","M","R","BOSS","M","M","?","M","M","R","E","R","T","$","M","E","?","?","R","BOSS","M","$","M","M","M","E","R","?","T","E"],"build_version":"2019-07-17","purchased_purges":2,"victory":false,"max_hp_per_floor":[80,80,80,80,80,87,87,84,84,84,84,84,84,84,84,84,84,84,84,84,84,84,84,84,84,84,84,84,84,84,84,84,84,84,84,84,84,84,84,84,84,84,84,84],"card_choices":[{"not_picked":["Power Through","Flame Barrier"],"picked":"Twin Strike","floor":1.0},{"not_picked":["Body Slam","Whirlwind"],"picked":"Armaments","floor":2.0},{"not_picked":["Twin Strike","Sword Boomerang"],"picked":"Headbutt","floor":5.0},{"not_picked":["Rampage","Reckless Charge"],"picked":"Pommel Strike","floor":6.0},{"not_picked":["Iron Wave+1","Power Through"],"picked":"Whirlwind+1","floor":10.0},{"not_picked":["Searing Blow+1","Flex"],"picked":"Heavy Blade+1","floor":12.0},{"not_picked":["Intimidate","Power Through"],"picked":"Bludgeon+1","floor":13.0},{"not_picked":["Shrug It Off","Fire Breathing"],"picked":"Dropkick+1","floor":14.0},{"not_picked":["Barricade","Double Tap"],"picked":"Demon Form","floor":16.0},{"not_picked":["Warcry+1","Headbutt+1"],"picked":"Seeing Red","floor":18.0},{"not_picked":["Iron Wave+1","Body Slam+1"],"picked":"Cleave+1","floor":19.0},{"not_picked":["Perfected Strike+1","Body Slam+1","True Grit"],"picked":"SKIP","floor":21},{"not_picked":["Entrench+1","Perfected Strike+1"],"picked":"Intimidate+1","floor":22},{"not_picked":["Clothesline+1","Cleave+1"],"picked":"Thunderclap+1","floor":24},{"not_picked":["Twin Strike+1","Pommel Strike+1"],"picked":"Clash+1","floor":28},{"not_picked":["Iron Wave+1","Hemokinesis+1"],"picked":"Shrug It Off","floor":29},{"not_picked":["Juggernaut","Offering"],"picked":"Double Tap","floor":33},{"not_picked":["Iron Wave+1","Wild Strike+1"],"picked":"Clash+1","floor":35},{"not_picked":["Infernal Blade","Wild Strike+1"],"picked":"Inflame+1","floor":37},{"not_picked":["Spot Weakness","Cleave+1"],"picked":"Uppercut+1","floor":38},{"not_picked":["Shrug It Off+1","Twin Strike+1","Pommel Strike+1"],"picked":"SKIP","floor":39},{"not_picked":["Armaments","Pommel Strike+1"],"picked":"Battle Trance+1","floor":40}],"player_experience":35801,"relics_obtained":[{"floor":6.0,"key":"Strawberry"},{"floor":9.0,"key":"Oddly Smooth Stone"},{"floor":10.0,"key":"Anchor"},{"floor":13.0,"key":"Blood Vial"},{"floor":24,"key":"Meat on the Bone"},{"floor":26,"key":"Dodecahedron"},{"floor":29,"key":"Potion Belt"},{"floor":40,"key":"Pantograph"},{"floor":43,"key":"Regal Pillow"}],"event_choices":[{"damage_healed":0.0,"max_hp_gain":0.0,"max_hp_loss":0.0,"gold_gain":175.0,"event_name":"Liars Game","player_choice":"AGREE","floor":3.0,"gold_loss":0.0,"damage_taken":0.0,"cards_obtained":["Doubt"]},{"cards_removed":["Doubt"],"damage_healed":0.0,"max_hp_gain":0.0,"max_hp_loss":0.0,"gold_gain":0.0,"event_name":"Golden Wing","player_choice":"Card Removal","floor":4.0,"gold_loss":0.0,"damage_taken":7.0},{"cards_removed":["Strike_R"],"damage_healed":0.0,"max_hp_gain":0.0,"max_hp_loss":0.0,"gold_gain":0.0,"event_name":"Designer","player_choice":"Single Remove","floor":20.0,"gold_loss":60.0,"damage_taken":0.0},{"damage_healed":0,"gold_gain":0,"player_choice":"Paid","damage_taken":0,"relics_obtained":["Red Mask"],"max_hp_gain":0,"max_hp_loss":0,"event_name":"Tomb of Lord Red Mask","floor":42,"gold_loss":164}],"is_beta":false,"boss_relics":[{"not_picked":["Velvet Choker","Orrery"],"picked":"Cursed Key"},{"not_picked":["Lizard Tail","White Beast Statue"],"picked":"Mark of Pain"}],"items_purged_floors":[8,36],"is_endless":false,"potions_floor_spawned":[1,6,10,16,18,22,29,33,37],"killed_by":"Reptomancer","ascension_level":1}