{"gold_per_floor":[11,11,11,25,25,25,44,77,129,129,129,162,209,233,233,331,331,352,30,155,191,215,215],"floor_reached":23,"playtime":2385,"items_purged":["Defend_G"],"score":394,"play_id":"d7afd20a-c5b9-473a-ade1-841f98e8d5f4","local_time":"20190115045853","is_ascension_mode":true,"campfire_choices":[{"data":"A Thousand Cuts","floor":6.0,"key":"SMITH"},{"floor":11.0,"key":"REST"},{"data":"Tools of the Trade","floor":15.0,"key":"SMITH"}],"neow_cost":"NO_GOLD","seed_source_timestamp":6749648517972600,"circlet_count":0,"master_deck":["AscendersBane","Defend_G","Defend_G","Defend_G","Defend_G","Strike_G","Strike_G","Strike_G","Strike_G","Survivor","Neutralize","A Thousand Cuts+1","Flying Knee","Leg Sweep","Blur","Predator","Tools of the Trade+1","Endless Agony","After Image","PiercingWail","Cloak And Dagger","Backflip","Blur","Blade Dance+1","Finisher"],"special_seed":0,"relics":["Ring of the Snake","Golden Idol","Anchor","Smiling Mask","Kunai","Strawberry","Dream Catcher","Coffee Dripper","PreservedInsect","Unceasing Top","Mercury Hourglass","Red Mask"],"potions_floor_usage":[],"damage_taken":[{"damage":4.0,"enemies":"Jaw Worm","floor":1.0,"turns":7.0},{"damage":4.0,"enemies":"2 Louse","floor":4.0,"turns":4.0},{"damage":1.0,"enemies":"Cultist","floor":7.0,"turns":4.0},{"damage":24.0,"enemies":"3 Sentries","floor":8.0,"turns":8.0},{"damage":6.0,"enemies":"Lagavulin","floor":12.0,"turns":8.0},{"damage":10.0,"enemies":"Exordium Thugs","floor":14.0,"turns":5.0},{"damage":10.0,"enemies":"The Guardian","floor":16.0,"turns":13.0},{"damage":0.0,"enemies":"3 Byrds","floor":18.0,"turns":3.0},{"damage":0.0,"enemies":"Colosseum Slavers","floor":20.0,"turns":4.0},{"damage":35.0,"enemies":"Colosseum Nobs","floor":20.0,"turns":5.0},{"damage":16.0,"enemies":"Masked Bandits","floor":21.0,"turns":7.0},{"damage":0.0,"enemies":"Spheric Guardian","floor":22.0,"turns":5.0},{"damage":10,"enemies":"Book of Stabbing","floor":23,"turns":4}],"seed_played":"6015836812336550847","potions_obtained":[{"floor":4.0,"key":"Strength Potion"},{"floor":8.0,"key":"SpeedPotion"},{"floor":14.0,"key":"Strength Potion"},{"floor":16.0,"key":"Explosive Potion"},{"floor":18.0,"key":"GhostInAJar"},{"floor":20.0,"key":"Block Potion"}],"is_trial":false,"path_per_floor":["M","?","?","M","?","R","M","E","T","?","R","E","T","M","R","B",null,"M","$","?","?","M","E"],"character_chosen":"THE_SILENT","items_purchased":["Cloak And Dagger","PreservedInsect","Backflip"],"campfire_rested":1,"item_purchase_floors":[19,19,19],"current_hp_per_floor":[55,55,60,56,49,49,48,24,24,13,32,33,33,23,23,13,57,57,57,22,6,6,0],"gold":215,"neow_bonus":"THREE_RARE_CARDS","is_prod":false,"is_daily":false,"chose_seed":false,"campfire_upgraded":2,"win_rate":0,"timestamp":1547557133,"path_taken":["M","?","?","M","?","R","M","E","T","?","R","E","?","?","R","BOSS","M","$","?","?","?","E"],"build_version":"2019-01-14v2","purchased_purges":1,"victory":false,"max_hp_per_floor":[66,60,65,65,65,65,65,65,65,65,65,72,72,72,72,72,72,72,72,72,72,72,72],"card_choices":[{"not_picked":["Grand Finale","Tools of the Trade"],"picked":"A Thousand Cuts","floor":0.0},{"not_picked":["Bane","Dagger Spray"],"picked":"Flying Knee","floor":1.0},{"not_picked":["Eviscerate","Poisoned Stab"],"picked":"Leg Sweep","floor":4.0},{"not_picked":["Dodge and Roll","Dagger Throw"],"picked":"Blur","floor":7.0},{"not_picked":["Bane","Crippling Poison"],"picked":"Predator","floor":8.0},{"not_picked":["Prepared","Eviscerate"],"picked":"Tools of the Trade","floor":12.0},{"not_picked":["Dodge and Roll","Dagger Spray"],"picked":"Endless Agony","floor":14.0},{"not_picked":["Unload","Bullet Time"],"picked":"After Image","floor":16.0},{"not_picked":["Sucker Punch","Dagger Throw"],"picked":"PiercingWail","floor":18.0},{"not_picked":["Reflex","Endless Agony"],"picked":"Blur","floor":20.0},{"not_picked":["Quick Slash","Tactician"],"picked":"Blade Dance+1","floor":21.0},{"not_picked":["Outmaneuver","Deadly Poison"],"picked":"Finisher","floor":22.0}],"player_experience":3216963,"relics_obtained":[{"floor":8.0,"key":"Anchor"},{"floor":9.0,"key":"Smiling Mask"},{"floor":12.0,"key":"Strawberry"},{"floor":13.0,"key":"Dream Catcher"},{"floor":20.0,"key":"Unceasing Top"},{"floor":20.0,"key":"Mercury Hourglass"},{"floor":21.0,"key":"Red Mask"}],"event_choices":[{"damage_healed":0.0,"max_hp_gain":0.0,"max_hp_loss":6.0,"gold_gain":0.0,"event_name":"Golden Idol","player_choice":"Lose Max HP","floor":2.0,"gold_loss":0.0,"damage_taken":0.0,"relics_obtained":["Golden Idol"]},{"damage_healed":0.0,"max_hp_gain":5.0,"max_hp_loss":0.0,"gold_gain":0.0,"event_name":"Big Fish","player_choice":"Donut","floor":3.0,"gold_loss":0.0,"damage_taken":0.0},{"cards_removed":["Strike_G"],"damage_healed":0.0,"max_hp_gain":0.0,"max_hp_loss":0.0,"gold_gain":0.0,"event_name":"Golden Wing","player_choice":"Card Removal","floor":5.0,"gold_loss":0.0,"damage_taken":7.0},{"damage_healed":0.0,"max_hp_gain":0.0,"max_hp_loss":0.0,"gold_gain":0.0,"event_name":"Scrap Ooze","player_choice":"Success","floor":10.0,"gold_loss":0.0,"damage_taken":11.0,"relics_obtained":["Kunai"]},{"damage_healed":0.0,"max_hp_gain":0.0,"max_hp_loss":0.0,"gold_gain":0.0,"event_name":"Colosseum","player_choice":"Fight","floor":20.0,"gold_loss":0.0,"damage_taken":0.0},{"damage_healed":0.0,"max_hp_gain":0.0,"max_hp_loss":0.0,"gold_gain":0.0,"event_name":"Colosseum","player_choice":"Fought Nobs","floor":20.0,"gold_loss":0.0,"damage_taken":0.0},{"damage_healed":0.0,"max_hp_gain":0.0,"max_hp_loss":0.0,"gold_gain":0.0,"event_name":"Masked Bandits","player_choice":"Fought Bandits","floor":21.0,"gold_loss":0.0,"damage_taken":0.0}],"is_beta":true,"boss_relics":[{"not_picked":["HoveringKite","Calling Bell"],"picked":"Coffee Dripper"}],"items_purged_floors":[19],"is_endless":false,"potions_floor_spawned":[4,8,14,16,18,20,20],"killed_by":"Book of Stabbing","ascension_level":20}