{"gold_per_floor":[114,128,128,141,141,141,158,187,187,187,187,187],"floor_reached":12,"playtime":414,"items_purged":[],"score":156,"play_id":"4d27100f-e66c-46fc-85f5-30ca2996c58c","local_time":"20190728224847","is_ascension_mode":true,"campfire_choices":[{"data":"Neutralize","floor":6.0,"key":"SMITH"},{"data":"Sucker Punch","floor":10.0,"key":"SMITH"}],"neow_cost":"NONE","seed_source_timestamp":3017267996937100,"circlet_count":0,"master_deck":["AscendersBane","Strike_G","Strike_G","Strike_G","Strike_G","Defend_G","Defend_G","Defend_G","Defend_G","Defend_G","Survivor","Neutralize+1","Deadly Poison","Bane","Bane","Sucker Punch+1","Bane"],"special_seed":0,"relics":["Ring of the Snake","NeowsBlessing","Shuriken","Frozen Egg 2","Ornamental Fan"],"potions_floor_usage":[],"damage_taken":[{"damage":0.0,"enemies":"Small Slimes","floor":1.0,"turns":1.0},{"damage":0.0,"enemies":"Cultist","floor":2.0,"turns":1.0},{"damage":0.0,"enemies":"Jaw Worm","floor":4.0,"turns":1.0},{"damage":12.0,"enemies":"Gremlin Gang","floor":7.0,"turns":4.0},{"damage":29.0,"enemies":"Lagavulin","floor":8.0,"turns":6.0},{"damage":23,"enemies":"Exordium Wildlife","floor":12,"turns":3}],"seed_played":"-3679933709582809289","potions_obtained":[{"floor":4.0,"key":"SteroidPotion"}],"is_trial":false,"path_per_floor":["M","M","?","M","?","R","M","E","T","R","?","M"],"character_chosen":"THE_SILENT","items_purchased":[],"campfire_rested":0,"item_purchase_floors":[],"current_hp_per_floor":[59,59,54,54,59,59,47,18,18,18,18,0],"gold":187,"neow_bonus":"THREE_ENEMY_KILL","is_prod":false,"is_daily":false,"chose_seed":false,"campfire_upgraded":2,"win_rate":0,"timestamp":1564379327,"path_taken":["M","M","?","M","?","R","M","E","T","R","?","M"],"build_version":"2019-07-18","purchased_purges":0,"victory":false,"max_hp_per_floor":[66,66,66,66,71,71,71,71,71,71,71,71],"card_choices":[{"not_picked":["Deflect","Dodge and Roll"],"picked":"Deadly Poison","floor":1.0},{"not_picked":["Reflex","Expertise"],"picked":"Bane","floor":2.0},{"not_picked":["PiercingWail","Predator"],"picked":"Bane","floor":4.0},{"not_picked":["Tactician","Acrobatics"],"picked":"Sucker Punch","floor":7.0},{"not_picked":["Flying Knee","Setup"],"picked":"Bane","floor":8.0}],"player_experience":3504393,"relics_obtained":[{"floor":8.0,"key":"Frozen Egg 2"},{"floor":9.0,"key":"Ornamental Fan"}],"event_choices":[{"damage_healed":0.0,"max_hp_gain":0.0,"max_hp_loss":0.0,"gold_gain":0.0,"event_name":"Scrap Ooze","player_choice":"Success","floor":3.0,"gold_loss":0.0,"damage_taken":5.0,"relics_obtained":["Shuriken"]},{"damage_healed":0.0,"max_hp_gain":5.0,"max_hp_loss":0.0,"gold_gain":0.0,"event_name":"Big Fish","player_choice":"Donut","floor":5.0,"gold_loss":0.0,"damage_taken":0.0},{"cards_removed":["Strike_G"],"damage_healed":0.0,"max_hp_gain":0.0,"max_hp_loss":0.0,"gold_gain":0.0,"event_name":"Living Wall","player_choice":"Forget","floor":11.0,"gold_loss":0.0,"damage_taken":0.0}],"is_beta":true,"boss_relics":[],"items_purged_floors":[],"is_endless":false,"potions_floor_spawned":[4],"killed_by":"Exordium Wildlife","ascension_level":20}