{"gold_per_floor":[111,71,89,42,55,55,88,108,108,33,51,80,80,113,113,218,218,173,173,24,24,24,24,24,24,24,24,24,24,24,24,24,24,24,24,24,24,24,24,24,24,24,24,24,24,24,24,24,24,24],"floor_reached":50,"playtime":2427,"items_purged":["Strike_R","Strike_R"],"score":489,"play_id":"07e86959-c780-4abc-ae76-0f730f2fc058","local_time":"20190510222323","is_ascension_mode":false,"campfire_choices":[{"data":"Bash","floor":6,"key":"SMITH"},{"data":"Havoc","floor":13,"key":"SMITH"},{"data":"Anger","floor":15,"key":"SMITH"},{"data":"Havoc","floor":24,"key":"SMITH"},{"data":"Iron Wave","floor":30,"key":"SMITH"},{"data":"Clothesline","floor":32,"key":"SMITH"},{"data":"Heavy Blade","floor":40,"key":"SMITH"},{"data":"True Grit","floor":46,"key":"SMITH"},{"floor":49,"key":"REST"}],"neow_cost":"TEN_PERCENT_HP_LOSS","seed_source_timestamp":190362384203100,"circlet_count":0,"master_deck":["Strike_R+1","Strike_R+1","Defend_R+1","Defend_R+1","Defend_R+1","Bash+1","Shrug It Off","Clothesline+1","Havoc+1","Iron Wave+1","Anger+1","Iron Wave+1","Headbutt","True Grit+1","Warcry","Sword Boomerang+1","Heavy Blade+1","Body Slam+1","Thunderclap","Havoc+1","Pommel Strike+1","Parasite","Sword Boomerang+1"],"relics":["Burning Blood","Oddly Smooth Stone","Vajra","Sundial","Smiling Mask","Ectoplasm","Enchiridion","Letter Opener","Philosopher\u0027s Stone","Champion Belt","Ornamental Fan"],"potions_floor_usage":[7,7,7,7,12,12,12,33,33,47,50,50],"damage_taken":[{"damage":9,"enemies":"Small Slimes","floor":1,"turns":4},{"damage":1,"enemies":"Cultist","floor":3,"turns":3},{"damage":0,"enemies":"2 Louse","floor":5,"turns":3},{"damage":0,"enemies":"Gremlin Nob","floor":7,"turns":2},{"damage":2,"enemies":"Large Slime","floor":8,"turns":7},{"damage":7,"enemies":"Looter","floor":11,"turns":3},{"damage":13,"enemies":"3 Sentries","floor":12,"turns":8},{"damage":25,"enemies":"Gremlin Nob","floor":14,"turns":5},{"damage":25,"enemies":"Hexaghost","floor":16,"turns":9},{"damage":14,"enemies":"2 Thieves","floor":18,"turns":3},{"damage":2,"enemies":"Shell Parasite","floor":19,"turns":4},{"damage":6,"enemies":"Centurion and Healer","floor":22,"turns":5},{"damage":4,"enemies":"Cultist and Chosen","floor":25,"turns":5},{"damage":0,"enemies":"Chosen and Byrds","floor":28,"turns":3},{"damage":4,"enemies":"Snecko","floor":29,"turns":5},{"damage":19,"enemies":"Champ","floor":33,"turns":8},{"damage":0,"enemies":"Orb Walker","floor":35,"turns":3},{"damage":21,"enemies":"3 Darklings","floor":39,"turns":5},{"damage":10,"enemies":"Writhing Mass","floor":41,"turns":4},{"damage":14,"enemies":"Mind Bloom Boss Battle","floor":42,"turns":7},{"damage":21,"enemies":"Jaw Worm Horde","floor":45,"turns":3},{"damage":3,"enemies":"Transient","floor":47,"turns":5},{"damage":8,"enemies":"Writhing Mass","floor":48,"turns":6},{"damage":66,"enemies":"Donu and Deca","floor":50,"turns":5}],"seed_played":"-4638514180443430222","potions_obtained":[{"floor":2,"key":"EntropicBrew"},{"floor":2,"key":"AttackPotion"},{"floor":2,"key":"Strength Potion"},{"floor":7,"key":"Dexterity Potion"},{"floor":8,"key":"FearPotion"},{"floor":11,"key":"Strength Potion"},{"floor":19,"key":"SkillPotion"},{"floor":28,"key":"Explosive Potion"},{"floor":33,"key":"Regen Potion"},{"floor":35,"key":"Energy Potion"},{"floor":41,"key":"Block Potion"}],"is_trial":false,"path_per_floor":["M","?","M","$","M","R","E","M","T","$","M","E","R","E","R","B",null,"M","M","$","?","M","?","R","M","T","?","M","M","R","$","R","B",null,"M","$","?","?","M","R","M","?","T","$","M","R","M","M","R","B"],"character_chosen":"IRONCLAD","items_purchased":["Clothesline","Explosive Potion","Headbutt"],"campfire_rested":1,"item_purchase_floors":[4,20,20],"current_hp_per_floor":[69,69,72,72,72,72,72,72,72,72,71,64,64,45,45,26,72,64,68,68,52,52,52,52,54,54,54,60,62,62,62,62,49,72,72,72,72,68,53,53,49,41,41,41,26,26,44,42,62,0],"gold":24,"neow_bonus":"REMOVE_TWO","is_prod":false,"is_daily":false,"chose_seed":false,"campfire_upgraded":8,"win_rate":0,"timestamp":1557519803,"path_taken":["M","?","M","$","M","R","E","M","T","?","M","E","R","E","R","BOSS","M","M","$","?","M","?","R","M","T","?","M","M","R","$","R","BOSS","M","$","?","?","M","R","M","?","T","?","?","R","M","M","R","BOSS"],"build_version":"2019-05-07","purchased_purges":2,"victory":false,"max_hp_per_floor":[72,72,72,72,72,72,72,72,72,72,72,72,72,72,72,72,72,72,72,72,72,72,72,72,72,72,72,72,72,72,72,72,72,72,72,72,72,68,68,68,68,68,68,68,68,68,68,68,68,68],"card_choices":[{"not_picked":["Flex","Wild Strike"],"picked":"Havoc","floor":1},{"not_picked":["Twin Strike","Thunderclap"],"picked":"Shrug It Off","floor":3},{"not_picked":["Warcry","Barricade"],"picked":"Havoc","floor":5},{"not_picked":["Sever Soul","Power Through","Rupture"],"picked":"SKIP","floor":7},{"not_picked":["Heavy Blade","Searing Blow"],"picked":"Iron Wave","floor":8},{"not_picked":["Uppercut","Flex","Headbutt"],"picked":"SKIP","floor":11},{"not_picked":["Rage","Pummel","Dropkick"],"picked":"SKIP","floor":12},{"not_picked":["Uppercut","Flex"],"picked":"Anger","floor":14},{"not_picked":["Burning Pact","Sword Boomerang","Combust+1"],"picked":"SKIP","floor":18},{"not_picked":["Havoc+1","Warcry"],"picked":"Iron Wave+1","floor":19},{"not_picked":["Iron Wave","Pummel"],"picked":"True Grit","floor":22},{"not_picked":["Disarm","Ghostly Armor+1","Iron Wave"],"picked":"SKIP","floor":25},{"not_picked":["Clothesline","Dropkick"],"picked":"Warcry","floor":28},{"not_picked":["Reckless Charge","Warcry"],"picked":"Sword Boomerang+1","floor":29},{"not_picked":["Intimidate","Shrug It Off+1"],"picked":"Heavy Blade","floor":35},{"not_picked":["Twin Strike+1","Whirlwind"],"picked":"Body Slam+1","floor":39},{"not_picked":["Disarm+1","Clash"],"picked":"Thunderclap","floor":41},{"not_picked":["Power Through","Entrench+1"],"picked":"Havoc+1","floor":42},{"not_picked":["Searing Blow+1","Rupture+1","Anger+1"],"picked":"SKIP","floor":45},{"not_picked":["Intimidate","Anger"],"picked":"Pommel Strike+1","floor":47},{"not_picked":["Reckless Charge","Thunderclap+1"],"picked":"Sword Boomerang+1","floor":48}],"player_experience":567746,"relics_obtained":[{"floor":7,"key":"Oddly Smooth Stone"},{"floor":9,"key":"Vajra"},{"floor":12,"key":"Sundial"},{"floor":14,"key":"Smiling Mask"},{"floor":21,"key":"Enchiridion"},{"floor":26,"key":"Letter Opener"},{"floor":42,"key":"Champion Belt"},{"floor":43,"key":"Ornamental Fan"}],"event_choices":[{"damage_healed":0,"gold_gain":0,"player_choice":"Bought 3 Potions","damage_taken":0,"max_hp_gain":0,"max_hp_loss":0,"event_name":"The Woman in Blue","floor":2,"gold_loss":0},{"damage_healed":0,"gold_gain":0,"player_choice":"Obtained Book","damage_taken":16,"max_hp_gain":0,"max_hp_loss":0,"event_name":"Cursed Tome","floor":21,"gold_loss":0},{"damage_healed":0,"gold_gain":0,"player_choice":"Ignored","damage_taken":0,"max_hp_gain":0,"max_hp_loss":0,"event_name":"The Mausoleum","floor":23,"gold_loss":0},{"damage_healed":0,"gold_gain":0,"player_choice":"Simplicity","damage_taken":0,"max_hp_gain":0,"max_hp_loss":0,"event_name":"Back to Basics","floor":27,"gold_loss":0,"cards_upgraded":["Strike_R","Strike_R","Defend_R","Defend_R","Defend_R"]},{"cards_removed":["Havoc"],"damage_healed":0,"gold_gain":0,"player_choice":"Removed Skill","damage_taken":0,"max_hp_gain":0,"max_hp_loss":0,"event_name":"Falling","floor":37,"gold_loss":0},{"damage_healed":0,"gold_gain":0,"player_choice":"Max HP","damage_taken":0,"max_hp_gain":0,"max_hp_loss":4,"event_name":"Winding Halls","floor":38,"gold_loss":0},{"damage_healed":0,"gold_gain":0,"player_choice":"Fight","damage_taken":0,"max_hp_gain":0,"max_hp_loss":0,"event_name":"MindBloom","floor":42,"gold_loss":0}],"is_beta":true,"boss_relics":[{"not_picked":["Fusion Hammer","White Beast Statue"],"picked":"Ectoplasm"},{"not_picked":["Black Star","Cursed Key"],"picked":"Philosopher\u0027s Stone"}],"items_purged_floors":[10,20],"is_endless":false,"potions_floor_spawned":[7,8,11,19,28,33,35,41,42],"killed_by":"Donu and Deca","ascension_level":0}