{"gold_per_floor":[117,132,207,222,236,236,270,286,312,347,347],"floor_reached":11,"playtime":559,"items_purged":[],"score":85,"play_id":"786e85ba-8933-496a-a838-4995d324f75e","local_time":"20190609155326","is_ascension_mode":false,"campfire_choices":[{"data":"Zap","floor":6.0,"key":"SMITH"}],"neow_cost":"NONE","seed_source_timestamp":1005149150881500,"circlet_count":0,"master_deck":["Strike_B","Strike_B","Defend_B","Defend_B","Defend_B","Defend_B","Zap+1","Dualcast","Reinforced Body","Rip and Tear","Ball Lightning","Cold Snap","Coolheaded"],"special_seed":0,"relics":["Empty Cage"],"potions_floor_usage":[8,10,10,11],"damage_taken":[{"damage":0.0,"enemies":"Small Slimes","floor":1.0,"turns":8.0},{"damage":0.0,"enemies":"2 Louse","floor":2.0,"turns":3.0},{"damage":0.0,"enemies":"Jaw Worm","floor":4.0,"turns":4.0},{"damage":2.0,"enemies":"Blue Slaver","floor":5.0,"turns":4.0},{"damage":36.0,"enemies":"3 Sentries","floor":7.0,"turns":7.0},{"damage":12,"enemies":"Lots of Slimes","floor":8,"turns":3},{"damage":17,"enemies":"Gremlin Nob","floor":10,"turns":4},{"damage":3,"enemies":"Large Slime","floor":11,"turns":1}],"seed_played":"7147124723657000968","potions_obtained":[{"floor":2.0,"key":"Fruit Juice"},{"floor":5.0,"key":"Weak Potion"},{"floor":7,"key":"AttackPotion"},{"floor":8,"key":"SkillPotion"}],"is_trial":false,"path_per_floor":["M","M","?","M","M","R","E","M","T","E","M"],"character_chosen":"DEFECT","items_purchased":[],"campfire_rested":0,"item_purchase_floors":[],"current_hp_per_floor":[75,75,64,64,62,62,26,19,19,2,0],"gold":347,"neow_bonus":"BOSS_RELIC","is_prod":false,"is_daily":false,"chose_seed":false,"campfire_upgraded":1,"win_rate":0,"timestamp":1560120806,"path_taken":["M","M","?","M","M","R","E","M","T","E","M"],"build_version":"2019-01-23","purchased_purges":0,"victory":false,"max_hp_per_floor":[75,75,75,75,75,75,75,80,80,80,80],"card_choices":[{"not_picked":["Hologram","Redo","Go for the Eyes"],"picked":"SKIP","floor":1.0},{"not_picked":["Tempest","Hyperbeam"],"picked":"Reinforced Body","floor":2.0},{"not_picked":["Chaos","Redo"],"picked":"Rip and Tear","floor":4.0},{"not_picked":["Sweeping Beam","Tempest"],"picked":"Ball Lightning","floor":5.0},{"not_picked":["Streamline","Barrage"],"picked":"Cold Snap","floor":7},{"not_picked":["Stack","Steam Power"],"picked":"Coolheaded","floor":8},{"not_picked":["Tempest","Stack","Coolheaded"],"picked":"SKIP","floor":10}],"player_experience":1286407,"relics_obtained":[],"event_choices":[{"damage_healed":0.0,"max_hp_gain":0.0,"max_hp_loss":0.0,"gold_gain":75.0,"event_name":"World of Goop","player_choice":"Gather Gold","floor":3.0,"gold_loss":0.0,"damage_taken":11.0}],"is_beta":false,"boss_relics":[],"items_purged_floors":[],"is_endless":false,"potions_floor_spawned":[2,5,7,8],"killed_by":"Large Slime","ascension_level":0}