{"gold_per_floor":[368,142,155,170,245,245,276,289,315,165,165,165,199,220,220,349,349,372,56,0,21,21],"floor_reached":22,"playtime":989,"items_purged":["Strike_R","Defend_R"],"score":244,"play_id":"315960ec-c695-4773-b6da-ececd5123482","local_time":"20190510214054","is_ascension_mode":false,"campfire_choices":[{"data":"Bash","floor":6,"key":"SMITH"},{"floor":15,"key":"REST"}],"neow_cost":"PERCENT_DAMAGE","seed_source_timestamp":189248611768914,"circlet_count":0,"master_deck":["Strike_R","Strike_R","Strike_R","Strike_R","Defend_R","Defend_R","Defend_R","Bash+1","Clothesline","Perfected Strike","Twin Strike","Twin Strike","Thunderclap","Cleave+1","Twin Strike+1"],"relics":["Black Blood","Pen Nib","Dream Catcher","Golden Idol","Omamori","Molten Egg 2"],"potions_floor_usage":[4,7,14,16,22],"damage_taken":[{"damage":4,"enemies":"Small Slimes","floor":1,"turns":5},{"damage":0,"enemies":"Cultist","floor":3,"turns":3},{"damage":0,"enemies":"2 Louse","floor":4,"turns":1},{"damage":31,"enemies":"Lagavulin","floor":7,"turns":5},{"damage":7,"enemies":"Looter","floor":8,"turns":4},{"damage":29,"enemies":"3 Sentries","floor":13,"turns":8},{"damage":4,"enemies":"Blue Slaver","floor":14,"turns":3},{"damage":0,"enemies":"Slime Boss","floor":16,"turns":5},{"damage":35,"enemies":"Shell Parasite","floor":18,"turns":6},{"damage":24,"enemies":"3 Byrds","floor":21,"turns":5},{"damage":49,"enemies":"Shelled Parasite and Fungi","floor":22,"turns":4}],"seed_played":"2851971147232440124","potions_obtained":[{"floor":7,"key":"GamblersBrew"},{"floor":8,"key":"Dexterity Potion"},{"floor":16,"key":"BloodPotion"}],"is_trial":false,"path_per_floor":["M","$","M","M","?","R","E","M","T","$","?","?","E","M","R","B",null,"M","$","?","M","M"],"character_chosen":"IRONCLAD","items_purchased":["Fire Potion","Explosive Potion","Dexterity Potion","SteroidPotion","Molten Egg 2","Cleave+1","FearPotion"],"campfire_rested":1,"item_purchase_floors":[2,2,2,10,19,19,19],"current_hp_per_floor":[58,58,64,70,62,62,37,36,36,36,36,36,13,15,37,43,74,49,49,49,35,0],"gold":21,"neow_bonus":"TWO_FIFTY_GOLD","is_prod":false,"is_daily":false,"chose_seed":false,"campfire_upgraded":1,"win_rate":0,"timestamp":1557517254,"path_taken":["M","$","M","M","?","R","E","M","T","?","?","?","E","M","R","BOSS","M","$","?","M","M"],"build_version":"2019-05-07","purchased_purges":2,"victory":false,"max_hp_per_floor":[80,80,80,80,80,80,80,80,80,80,74,74,74,74,74,74,74,74,74,74,74,74],"card_choices":[{"not_picked":["Sever Soul","Thunderclap"],"picked":"Clothesline","floor":1},{"not_picked":["Searing Blow","Power Through","Seeing Red"],"picked":"SKIP","floor":3},{"not_picked":["True Grit","Entrench"],"picked":"Perfected Strike","floor":4},{"not_picked":["Power Through","Warcry","Entrench"],"picked":"SKIP","floor":7},{"not_picked":["Anger","Feel No Pain"],"picked":"Twin Strike","floor":8},{"not_picked":["Heavy Blade","Entrench"],"picked":"Twin Strike","floor":13},{"not_picked":["Pummel","Headbutt"],"picked":"Thunderclap","floor":14},{"not_picked":["True Grit","Rage","Searing Blow"],"picked":"SKIP","floor":18},{"not_picked":["Rampage+1","Sever Soul+1"],"picked":"Twin Strike+1","floor":21}],"player_experience":566757,"relics_obtained":[{"floor":7,"key":"Pen Nib"},{"floor":9,"key":"Dream Catcher"},{"floor":13,"key":"Omamori"}],"event_choices":[{"damage_healed":0,"gold_gain":75,"player_choice":"Touch","damage_taken":8,"max_hp_gain":0,"max_hp_loss":0,"event_name":"FaceTrader","floor":5,"gold_loss":0},{"damage_healed":0,"gold_gain":0,"player_choice":"Lose Max HP","damage_taken":0,"relics_obtained":["Golden Idol"],"max_hp_gain":0,"max_hp_loss":6,"event_name":"Golden Idol","floor":11,"gold_loss":0},{"damage_healed":0,"gold_gain":0,"player_choice":"Ignored","damage_taken":0,"max_hp_gain":0,"max_hp_loss":0,"event_name":"Shining Light","floor":12,"gold_loss":0},{"damage_healed":0,"gold_gain":0,"player_choice":"Paid Fearfully","damage_taken":0,"max_hp_gain":0,"max_hp_loss":0,"event_name":"Masked Bandits","floor":20,"gold_loss":56}],"is_beta":true,"boss_relics":[{"not_picked":["Eternal Feather","Runic Dome"],"picked":"Black Blood"}],"items_purged_floors":[2,10],"is_endless":false,"potions_floor_spawned":[7,8,16],"killed_by":"Shelled Parasite and Fungi","ascension_level":0}