{"gold_per_floor":[119,69,86,101,34,34,69,69,69,101,101,133,133,153,153,250,250,264,264,264,276,276,308,322,353,378,378,408,408,441,458,458,554,554,565,577,355,355,369,369,403,421,421,452,471,496,15,68,68,68],"floor_reached":51,"playtime":5611,"items_purged":["Defend_G+1","PiercingWail"],"score":1232,"play_id":"88a58b28-5231-4eae-9f0e-d61fe37fa6c1","local_time":"20181116140054","is_ascension_mode":true,"campfire_choices":[{"data":"Noxious Fumes","floor":6,"key":"SMITH"},{"data":"Noxious Fumes","floor":8,"key":"SMITH"},{"data":"Infinite Blades","floor":11,"key":"SMITH"},{"data":"Neutralize","floor":13,"key":"SMITH"},{"floor":15,"key":"REST"},{"data":"Ghostly","floor":27,"key":"SMITH"},{"data":"Ghostly","floor":29,"key":"SMITH"},{"data":"Ghostly","floor":32,"key":"SMITH"},{"data":"Ghostly","floor":40,"key":"SMITH"},{"data":"Crippling Poison","floor":49,"key":"SMITH"}],"neow_cost":"NONE","seed_source_timestamp":166371445674543,"circlet_count":0,"master_deck":["Defend_G+1","Defend_G+1","Defend_G+1","Defend_G+1","Strike_G+1","Survivor","Neutralize+1","Noxious Fumes+1","Noxious Fumes+1","Well Laid Plans","Infinite Blades+1","Crippling Poison+1","Backflip","Tools of the Trade","Bouncing Flask+1","Caltrops+1","Catalyst+1","Ghostly","Ghostly+1","Ghostly+1","Ghostly+1","Ghostly+1","Acrobatics+1","Heel Hook+1","Underhanded Strike+1","Prepared+1"],"relics":["Ring of the Serpent","Bronze Scales","The Courier","Gremlin Horn","Dream Catcher","Strawberry","Astrolabe","Orichalcum","Anchor","PreservedInsect","Unceasing Top","Happy Flower","PrismaticShard","Art of War","Question Card","Pear","Whetstone","Gambling Chip","Potion Belt","Nunchaku"],"potions_floor_usage":[16,33,48,50,50,50],"damage_taken":[{"damage":0,"enemies":"Small Slimes","floor":1,"turns":4},{"damage":0,"enemies":"Jaw Worm","floor":3,"turns":4},{"damage":0,"enemies":"2 Louse","floor":4,"turns":2},{"damage":14,"enemies":"Gremlin Nob","floor":7,"turns":4},{"damage":5,"enemies":"3 Sentries","floor":10,"turns":6},{"damage":21,"enemies":"Gremlin Nob","floor":12,"turns":4},{"damage":9,"enemies":"Gremlin Gang","floor":14,"turns":3},{"damage":25,"enemies":"Hexaghost","floor":16,"turns":8},{"damage":2,"enemies":"3 Byrds","floor":18,"turns":3},{"damage":6,"enemies":"2 Thieves","floor":21,"turns":4},{"damage":5,"enemies":"Gremlin Leader","floor":23,"turns":6},{"damage":0,"enemies":"Centurion and Healer","floor":24,"turns":7},{"damage":0,"enemies":"Book of Stabbing","floor":25,"turns":5},{"damage":0,"enemies":"Gremlin Leader","floor":28,"turns":5},{"damage":0,"enemies":"Slavers","floor":30,"turns":4},{"damage":5,"enemies":"Snecko","floor":31,"turns":6},{"damage":0,"enemies":"Automaton","floor":33,"turns":7},{"damage":4,"enemies":"3 Darklings","floor":35,"turns":5},{"damage":0,"enemies":"3 Shapes","floor":36,"turns":5},{"damage":0,"enemies":"Jaw Worm Horde","floor":39,"turns":5},{"damage":0,"enemies":"Giant Head","floor":41,"turns":7},{"damage":0,"enemies":"4 Shapes","floor":42,"turns":4},{"damage":0,"enemies":"Nemesis","floor":44,"turns":7},{"damage":0,"enemies":"3 Darklings","floor":45,"turns":4},{"damage":0,"enemies":"Reptomancer","floor":46,"turns":4},{"damage":0,"enemies":"2 Orb Walkers","floor":48,"turns":5},{"damage":38,"enemies":"Awakened One","floor":50,"turns":11}],"seed_played":"-1586773304461657733","potions_obtained":[{"floor":3,"key":"Regen Potion"},{"floor":4,"key":"EssenceOfSteel"},{"floor":10,"key":"Weak Potion"},{"floor":25,"key":"SkillPotion"},{"floor":30,"key":"PowerPotion"},{"floor":31,"key":"Energy Potion"},{"floor":36,"key":"Poison Potion"},{"floor":44,"key":"LiquidBronze"}],"is_trial":false,"path_per_floor":["M","?","M","M","$","R","E","R","T","E","R","E","R","M","R","B",null,"M","?","?","M","?","E","M","E","T","R","E","R","E","M","R","B",null,"M","M","$","?","M","R","E","M","T","E","M","E","$","?","R","B",null],"character_chosen":"THE_SILENT","items_purchased":["Noxious Fumes","PrismaticShard","Gambling Chip","Potion Belt","AttackPotion"],"campfire_rested":1,"item_purchase_floors":[5,37,47,47,47],"current_hp_per_floor":[70,70,70,70,70,70,56,56,56,51,51,37,37,28,51,41,77,75,38,38,32,38,33,33,33,33,33,33,33,33,28,28,28,38,34,34,34,34,34,34,34,34,34,44,44,44,44,44,44,6],"gold":68,"neow_bonus":"RANDOM_COMMON_RELIC","is_prod":false,"is_daily":false,"chose_seed":false,"campfire_upgraded":9,"win_rate":0,"timestamp":1542394854,"path_taken":["M","?","M","M","$","R","E","R","T","E","R","E","R","M","R","BOSS","M","?","?","M","?","E","M","E","T","R","E","R","E","M","R","BOSS","M","?","$","?","M","R","E","M","T","E","M","E","$","?","R","BOSS"],"build_version":"2018-11-15","purchased_purges":2,"victory":true,"max_hp_per_floor":[70,70,70,70,70,70,70,70,70,70,70,77,77,77,77,77,77,77,38,38,38,38,38,38,38,38,38,38,38,38,38,38,38,38,38,38,38,38,38,38,38,38,38,48,48,48,48,48,48,48],"card_choices":[{"not_picked":["Outmaneuver","Dagger Spray"],"picked":"PiercingWail","floor":1},{"not_picked":["Flechettes","Underhanded Strike"],"picked":"Bouncing Flask","floor":3},{"not_picked":["Catalyst","Outmaneuver"],"picked":"Noxious Fumes","floor":4},{"not_picked":["Sucker Punch","Cloak And Dagger"],"picked":"Well Laid Plans","floor":7},{"not_picked":["Blade Dance","Deadly Poison"],"picked":"Infinite Blades","floor":10},{"not_picked":["Setup","Quick Slash"],"picked":"Crippling Poison","floor":12},{"not_picked":["Backstab","Acrobatics"],"picked":"Backflip","floor":14},{"not_picked":["Envenom","Wraith Form v2"],"picked":"Tools of the Trade","floor":16},{"not_picked":["Flying Knee","Concentrate+1"],"picked":"Underhanded Strike+1","floor":18},{"not_picked":["Dagger Throw+1","Deflect","Predator+1"],"picked":"SKIP","floor":21},{"not_picked":["Outmaneuver","Dagger Throw","Sucker Punch+1"],"picked":"SKIP","floor":23},{"not_picked":["Dagger Spray+1","Blur"],"picked":"Acrobatics+1","floor":24},{"not_picked":["Skewer+1","Setup"],"picked":"Heel Hook+1","floor":25},{"not_picked":["Slice","Die Die Die"],"picked":"Underhanded Strike+1","floor":28},{"not_picked":["Finisher+1","Underhanded Strike","Blade Dance"],"picked":"SKIP","floor":30},{"not_picked":["Dagger Spray","PiercingWail","Deflect"],"picked":"SKIP","floor":31},{"not_picked":["Acrobatics+1","Expertise+1","Dagger Spray+1"],"picked":"SKIP","floor":35},{"not_picked":["Predator","Leg Sweep"],"picked":"Prepared+1","floor":36},{"not_picked":["Twin Strike+1","Backflip+1","Accuracy+1"],"picked":"SKIP","floor":39},{"not_picked":["Panache","Stack","Gash"],"picked":"SKIP","floor":41},{"not_picked":["Dagger Spray+1","Rebound","Deflect"],"picked":"SKIP","floor":42},{"not_picked":["Blur+1","Phantasmal Killer","Turbo+1","Flechettes"],"picked":"SKIP","floor":44},{"not_picked":["Sucker Punch+1","Wild Strike+1","Sword Boomerang+1","Dark Shackles"],"picked":"SKIP","floor":45},{"not_picked":["Endless Agony","Uppercut+1","Finesse","Sucker Punch+1"],"picked":"SKIP","floor":46}],"player_experience":118314,"relics_obtained":[{"floor":7,"key":"The Courier"},{"floor":9,"key":"Gremlin Horn"},{"floor":10,"key":"Dream Catcher"},{"floor":12,"key":"Strawberry"},{"floor":23,"key":"Orichalcum"},{"floor":25,"key":"Anchor"},{"floor":26,"key":"PreservedInsect"},{"floor":28,"key":"Unceasing Top"},{"floor":30,"key":"Happy Flower"},{"floor":41,"key":"Art of War"},{"floor":43,"key":"Question Card"},{"floor":44,"key":"Pear"},{"floor":46,"key":"Whetstone"},{"floor":48,"key":"Nunchaku"}],"event_choices":[{"cards_removed":["Strike_G"],"damage_healed":0,"gold_gain":0,"player_choice":"Card Removal","damage_taken":0,"max_hp_gain":0,"max_hp_loss":0,"event_name":"The Cleric","floor":2,"gold_loss":50},{"damage_healed":0,"gold_gain":0,"player_choice":"Became a Ghost","damage_taken":0,"max_hp_gain":0,"max_hp_loss":39,"event_name":"Ghosts","floor":19,"gold_loss":0,"cards_obtained":["Ghostly","Ghostly","Ghostly","Ghostly","Ghostly"]},{"damage_healed":0,"gold_gain":0,"player_choice":"Simplicity","damage_taken":0,"max_hp_gain":0,"max_hp_loss":0,"event_name":"Back to Basics","floor":20,"gold_loss":0,"cards_upgraded":["Defend_G","Defend_G","Defend_G","Defend_G","Defend_G","Strike_G"]},{"cards_removed":["Bouncing Flask"],"damage_healed":6,"gold_gain":0,"player_choice":"Offered Uncommon","damage_taken":0,"max_hp_gain":0,"max_hp_loss":0,"event_name":"Bonfire Elementals","floor":22,"gold_loss":0},{"cards_removed":["Underhanded Strike"],"damage_healed":0,"gold_gain":0,"player_choice":"Removed Attack","damage_taken":0,"max_hp_gain":0,"max_hp_loss":0,"event_name":"Falling","floor":38,"gold_loss":0},{"damage_healed":0,"gold_gain":0,"player_choice":"Fight","damage_taken":0,"max_hp_gain":0,"max_hp_loss":0,"event_name":"Mysterious Sphere","floor":48,"gold_loss":0}],"is_beta":false,"boss_relics":[{"not_picked":["Philosopher\u0027s Stone","Orrery"],"picked":"Astrolabe"},{"not_picked":["Black Star","HoveringKite"],"picked":"Ring of the Serpent"}],"items_purged_floors":[37,47],"is_endless":false,"potions_floor_spawned":[3,4,10,12,25,30,31,36,41,44,46],"ascension_level":4}