{"gold_per_floor":[116,66,27,44,58,58,84,84,84,84,113,124,142,162,162,263,263,277,292,309,309,309,309,344,364,364,364,189,189,189,204,204,305,305,319,338,27,127,139,174,174,192,240,240,272,272,272,306,306,306],"floor_reached":50,"playtime":3840,"items_purged":["Strike_B"],"score":784,"play_id":"72d035f7-8697-4ed0-a013-db5792cc6607","local_time":"20190403225849","is_ascension_mode":true,"campfire_choices":[{"data":"Ball Lightning","floor":6,"key":"SMITH"},{"floor":15,"key":"REST"},{"data":"Conserve Battery","floor":23,"key":"SMITH"},{"data":"Barrage","floor":27,"key":"SMITH"},{"data":"Biased Cognition","floor":29,"key":"SMITH"},{"floor":32,"key":"REST"},{"data":"Creative AI","floor":41,"key":"SMITH"},{"floor":44,"key":"REST"},{"floor":47,"key":"REST"},{"floor":49,"key":"REST"}],"neow_cost":"PERCENT_DAMAGE","seed_source_timestamp":80738518563327,"circlet_count":0,"master_deck":["Defend_B","Defend_B","Defend_B","Defend_B","Zap+1","Dualcast","Hologram","Static Discharge","Loop","Ball Lightning+1","Sweeping Beam","Capacitor","FTL","Barrage+1","Biased Cognition+1","Cold Snap+1","Conserve Battery+1","Defragment+1","Rebound+1","Compile Driver+1","Coolheaded","Skim","Double Energy+1","Creative AI+1","Redo+1","Dark Shackles","Capacitor","Cold Snap","Reprogram+1","Aggregate+1","Hello World+1"],"relics":["Cracked Core","Mercury Hourglass","Oddly Smooth Stone","Smiling Mask","Nuclear Battery","Happy Flower","Dodecahedron","Busted Crown","Lee\u0027s Waffle","Dead Branch","Toxic Egg 2","Blood Vial","Strawberry","Sundial"],"potions_floor_usage":[11,16,33,36,38,39,45,48,50],"damage_taken":[{"damage":0,"enemies":"Small Slimes","floor":1,"turns":3},{"damage":0,"enemies":"Cultist","floor":4,"turns":4},{"damage":6,"enemies":"2 Louse","floor":5,"turns":3},{"damage":24,"enemies":"Gremlin Nob","floor":7,"turns":4},{"damage":14,"enemies":"Lagavulin","floor":11,"turns":5},{"damage":8,"enemies":"Blue Slaver","floor":12,"turns":2},{"damage":0,"enemies":"Large Slime","floor":13,"turns":3},{"damage":7,"enemies":"Red Slaver","floor":14,"turns":3},{"damage":0,"enemies":"Slime Boss","floor":16,"turns":5},{"damage":6,"enemies":"Chosen","floor":18,"turns":3},{"damage":18,"enemies":"Spheric Guardian","floor":19,"turns":4},{"damage":7,"enemies":"Centurion and Healer","floor":20,"turns":6},{"damage":37,"enemies":"Slavers","floor":24,"turns":4},{"damage":8,"enemies":"Chosen and Byrds","floor":25,"turns":4},{"damage":0,"enemies":"Sentry and Sphere","floor":31,"turns":3},{"damage":0,"enemies":"Champ","floor":33,"turns":10},{"damage":13,"enemies":"Orb Walker","floor":35,"turns":3},{"damage":32,"enemies":"3 Darklings","floor":36,"turns":3},{"damage":23,"enemies":"Mind Bloom Boss Battle","floor":38,"turns":5},{"damage":0,"enemies":"Transient","floor":39,"turns":5},{"damage":30,"enemies":"Nemesis","floor":40,"turns":6},{"damage":22,"enemies":"4 Shapes","floor":42,"turns":3},{"damage":24,"enemies":"Reptomancer","floor":45,"turns":6},{"damage":10,"enemies":"Giant Head","floor":48,"turns":10},{"damage":80,"enemies":"Awakened One","floor":50,"turns":12}],"seed_played":"-7067635016320857924","potions_obtained":[{"floor":7,"key":"Block Potion"},{"floor":12,"key":"SpeedPotion"},{"floor":13,"key":"SteroidPotion"},{"floor":16,"key":"PowerPotion"},{"floor":25,"key":"Ancient Potion"},{"floor":35,"key":"Strength Potion"},{"floor":36,"key":"Swift Potion"},{"floor":39,"key":"Poison Potion"},{"floor":40,"key":"GamblersBrew"}],"is_trial":false,"path_per_floor":["M","?","$","M","M","R","E","?","T","?","E","M","M","M","R","B",null,"M","M","M","?","?","R","E","M","T","R","$","R","?","M","R","B",null,"M","M","$","?","M","E","R","M","T","R","E","?","R","E","R","B"],"character_chosen":"DEFECT","items_purchased":["Static Discharge","Coolheaded","Skim","Lee\u0027s Waffle","Dark Shackles","Capacitor"],"campfire_rested":5,"item_purchase_floors":[3,28,28,37,37,37],"current_hp_per_floor":[68,68,68,68,62,62,38,38,38,38,24,16,16,9,35,35,89,83,65,58,58,87,87,50,42,42,42,42,42,42,42,68,68,89,76,44,96,73,73,43,43,21,21,49,34,24,54,46,76,0],"gold":306,"neow_bonus":"TWENTY_PERCENT_HP_BONUS","is_prod":false,"is_daily":false,"chose_seed":false,"campfire_upgraded":5,"win_rate":0,"timestamp":1554325129,"path_taken":["M","?","$","M","M","R","E","?","T","?","E","?","M","M","R","BOSS","M","M","M","?","?","R","E","M","T","R","$","R","?","?","R","BOSS","M","M","$","?","M","E","R","M","T","R","E","?","R","E","R","BOSS"],"build_version":"2019-03-15","purchased_purges":1,"victory":false,"max_hp_per_floor":[89,89,89,89,89,89,89,89,89,89,89,89,89,89,89,89,89,89,89,89,89,89,89,89,89,89,89,89,89,89,89,89,89,89,89,89,96,96,96,96,96,96,96,96,103,103,103,103,103,103],"card_choices":[{"not_picked":["Barrage","Steam Power"],"picked":"Hologram","floor":1},{"not_picked":["Sweeping Beam","Barrage"],"picked":"Loop","floor":4},{"not_picked":["Gash","Stack"],"picked":"Ball Lightning","floor":5},{"not_picked":["Hologram","Thunder Strike"],"picked":"Sweeping Beam","floor":7},{"not_picked":["Coolheaded","Steam"],"picked":"Capacitor","floor":11},{"not_picked":["Compile Driver","Static Discharge"],"picked":"FTL","floor":12},{"not_picked":["Redo","Reboot"],"picked":"Barrage","floor":13},{"not_picked":["Rebound","Streamline","Sweeping Beam"],"picked":"SKIP","floor":14},{"not_picked":["Hyperbeam","All For One"],"picked":"Biased Cognition","floor":16},{"not_picked":["Coolheaded","Gash+1"],"picked":"Cold Snap+1","floor":18},{"not_picked":["Barrage","Lockon"],"picked":"Conserve Battery","floor":19},{"not_picked":["Aggregate","Loop"],"picked":"Defragment+1","floor":20},{"not_picked":["Chaos","Gash"],"picked":"Rebound+1","floor":24},{"not_picked":["Barrage","Sweeping Beam"],"picked":"Compile Driver+1","floor":25},{"not_picked":["Gash+1","Scrape"],"picked":"Double Energy+1","floor":31},{"not_picked":["Buffer","Biased Cognition"],"picked":"Creative AI","floor":33},{"not_picked":[],"picked":"Redo+1","floor":35},{"not_picked":["Turbo"],"picked":"SKIP","floor":36},{"not_picked":[],"picked":"Cold Snap","floor":38},{"not_picked":[],"picked":"Reprogram+1","floor":39},{"not_picked":[],"picked":"Aggregate+1","floor":40},{"not_picked":["Turbo+1"],"picked":"SKIP","floor":42},{"not_picked":[],"picked":"Hello World+1","floor":45},{"not_picked":["Barrage"],"picked":"SKIP","floor":48}],"player_experience":431755,"relics_obtained":[{"floor":7,"key":"Mercury Hourglass"},{"floor":9,"key":"Oddly Smooth Stone"},{"floor":11,"key":"Smiling Mask"},{"floor":24,"key":"Happy Flower"},{"floor":26,"key":"Dodecahedron"},{"floor":38,"key":"Dead Branch"},{"floor":40,"key":"Toxic Egg 2"},{"floor":43,"key":"Blood Vial"},{"floor":45,"key":"Strawberry"},{"floor":48,"key":"Sundial"}],"event_choices":[{"cards_removed":["Strike_B"],"damage_healed":0,"gold_gain":0,"player_choice":"Card Removal","damage_taken":0,"max_hp_gain":0,"max_hp_loss":0,"event_name":"The Cleric","floor":2,"gold_loss":50},{"damage_healed":0,"gold_gain":0,"player_choice":"Grow","damage_taken":0,"max_hp_gain":0,"max_hp_loss":0,"event_name":"Living Wall","floor":8,"gold_loss":0,"cards_upgraded":["Zap"]},{"cards_removed":["Strike_B"],"damage_healed":0,"gold_gain":0,"player_choice":"Card Removal","damage_taken":0,"max_hp_gain":0,"max_hp_loss":0,"event_name":"Wheel of Change","floor":10,"gold_loss":0},{"damage_healed":0,"gold_gain":0,"player_choice":"Ignored","damage_taken":0,"max_hp_gain":0,"max_hp_loss":0,"event_name":"Vampires","floor":21,"gold_loss":0},{"damage_healed":29,"gold_gain":0,"player_choice":"Heal","damage_taken":0,"max_hp_gain":0,"max_hp_loss":0,"event_name":"The Library","floor":22,"gold_loss":0},{"cards_removed":["Strike_B"],"damage_healed":0,"gold_gain":0,"player_choice":"Purged","damage_taken":0,"max_hp_gain":0,"max_hp_loss":0,"event_name":"Purifier","floor":30,"gold_loss":0},{"damage_healed":0,"gold_gain":0,"player_choice":"Fight","damage_taken":0,"max_hp_gain":0,"max_hp_loss":0,"event_name":"MindBloom","floor":38,"gold_loss":0},{"damage_healed":0,"gold_gain":0,"player_choice":"Damaged","damage_taken":10,"max_hp_gain":0,"max_hp_loss":0,"event_name":"Wheel of Change","floor":46,"gold_loss":0}],"is_beta":true,"boss_relics":[{"not_picked":["Ectoplasm","Runic Pyramid"],"picked":"Nuclear Battery"},{"not_picked":["Tiny House","Astrolabe"],"picked":"Busted Crown"}],"items_purged_floors":[28],"is_endless":false,"potions_floor_spawned":[7,12,13,16,25,31,35,36,39,40],"killed_by":"Awakened One","ascension_level":3}