{"gold_per_floor":[113,113,130,55,66,66,101,101,101,132,132,132,148,148,148,224,224,238,250,250],"floor_reached":20,"playtime":1349,"items_purged":["Regret"],"score":328,"play_id":"852d0d4a-8ddf-4eab-83d2-edaebed8a442","local_time":"20190312010830","is_ascension_mode":true,"campfire_choices":[{"data":"Bash","floor":6,"key":"SMITH"},{"floor":8,"key":"REST"},{"data":"Armaments","floor":15,"key":"SMITH"}],"neow_cost":"NONE","seed_source_timestamp":164980378283231,"circlet_count":0,"master_deck":["AscendersBane","Strike_R","Strike_R","Strike_R","Strike_R","Strike_R","Defend_R","Defend_R","Defend_R","Defend_R","Bash+1","True Grit","Reaper","Rage","Armaments+1","Parasite","Uppercut+1","Demon Form+1","Spot Weakness","Sword Boomerang+1"],"relics":["Burning Blood","Pen Nib","Frozen Egg 2","Question Card","Molten Egg 2","Pear","Pantograph","Sozu"],"potions_floor_usage":[5,7,13,18],"damage_taken":[{"damage":2,"enemies":"2 Louse","floor":1,"turns":2},{"damage":13,"enemies":"Small Slimes","floor":3,"turns":4},{"damage":3,"enemies":"Jaw Worm","floor":5,"turns":4},{"damage":48,"enemies":"Gremlin Nob","floor":7,"turns":5},{"damage":52,"enemies":"3 Sentries","floor":10,"turns":13},{"damage":9,"enemies":"Exordium Thugs","floor":13,"turns":5},{"damage":58,"enemies":"The Guardian","floor":16,"turns":17},{"damage":36,"enemies":"3 Byrds","floor":18,"turns":6},{"damage":25,"enemies":"Shell Parasite","floor":19,"turns":4},{"damage":44,"enemies":"3 Cultists","floor":20,"turns":4}],"seed_played":"-1084554951167200086","potions_obtained":[{"floor":3,"key":"Weak Potion"},{"floor":5,"key":"LiquidBronze"},{"floor":10,"key":"Block Potion"},{"floor":16,"key":"SkillPotion"}],"is_trial":false,"path_per_floor":["M","?","M","$","M","R","E","R","T","E","?","?","M","?","R","B",null,"M","M","M"],"character_chosen":"IRONCLAD","items_purchased":[],"campfire_rested":1,"item_purchase_floors":[],"current_hp_per_floor":[72,72,65,65,68,68,32,54,54,26,47,29,36,36,36,10,66,49,30,0],"gold":250,"neow_bonus":"RANDOM_COMMON_RELIC","is_prod":false,"is_daily":false,"chose_seed":false,"campfire_upgraded":2,"win_rate":0,"timestamp":1552349310,"path_taken":["M","?","M","$","M","R","E","R","T","E","?","?","M","?","R","BOSS","M","M","M"],"build_version":"2019-02-06","purchased_purges":1,"victory":false,"max_hp_per_floor":[75,75,75,75,75,75,75,75,75,85,85,85,85,85,85,85,85,85,85,85],"card_choices":[{"not_picked":["Cleave","Entrench","Heavy Blade"],"picked":"SKIP","floor":1},{"not_picked":["Searing Blow","Clash"],"picked":"True Grit","floor":3},{"not_picked":["Clash","Metallicize+1"],"picked":"Reaper","floor":5},{"not_picked":["Sword Boomerang","Blood for Blood"],"picked":"Rage","floor":7},{"not_picked":["Heavy Blade+1","Second Wind","Evolve+1"],"picked":"Armaments","floor":10},{"not_picked":["Dropkick+1","Headbutt+1","Twin Strike+1"],"picked":"Uppercut+1","floor":13},{"not_picked":["Feed+1","Dark Embrace+1","Brutality+1"],"picked":"Demon Form+1","floor":16},{"not_picked":["Thunderclap+1","Pommel Strike+1","Clash+1"],"picked":"Spot Weakness","floor":18},{"not_picked":["True Grit","Clash+1","Flex"],"picked":"Sword Boomerang+1","floor":19}],"player_experience":195937,"relics_obtained":[{"floor":7,"key":"Question Card"},{"floor":9,"key":"Molten Egg 2"},{"floor":10,"key":"Pear"}],"event_choices":[{"damage_healed":0,"gold_gain":0,"player_choice":"Box","damage_taken":0,"relics_obtained":["Frozen Egg 2"],"max_hp_gain":0,"max_hp_loss":0,"event_name":"Big Fish","floor":2,"gold_loss":0,"cards_obtained":["Regret"]},{"damage_healed":21,"gold_gain":0,"player_choice":"Healed and dodged fight","damage_taken":0,"max_hp_gain":0,"max_hp_loss":0,"event_name":"Mushrooms","floor":11,"gold_loss":0,"cards_obtained":["Parasite"]},{"damage_healed":0,"gold_gain":0,"player_choice":"Success","damage_taken":18,"relics_obtained":["Pantograph"],"max_hp_gain":0,"max_hp_loss":0,"event_name":"Scrap Ooze","floor":12,"gold_loss":0},{"damage_healed":0,"gold_gain":0,"player_choice":"Searched \u00270\u0027 times","damage_taken":0,"max_hp_gain":0,"max_hp_loss":0,"event_name":"Dead Adventurer","floor":14,"gold_loss":0}],"is_beta":true,"boss_relics":[{"not_picked":["Eternal Feather","Coffee Dripper"],"picked":"Sozu"}],"items_purged_floors":[4],"is_endless":false,"potions_floor_spawned":[3,5,10,16,19],"killed_by":"3 Cultists","ascension_level":16}