{"gold_per_floor":[211,229,239,239,83,83,116,126,126,106,119,150,150,168,168,246,246,264,284,301,226,76,76,93,93,119,132,132,152,152,78,78,155,155,171,34,34,52,69,69,98,98,98,175,175,193,193,228,228,228],"floor_reached":51,"playtime":3086,"items_purged":["Strike_G","Strike_G"],"score":1167,"play_id":"ec2d6a97-1383-4236-b9ab-efc4ff723b87","local_time":"20190404174449","is_ascension_mode":true,"campfire_choices":[{"data":"Crippling Poison","floor":6,"key":"SMITH"},{"data":"Footwork","floor":13,"key":"SMITH"},{"data":"Catalyst","floor":15,"key":"SMITH"},{"data":"Footwork","floor":23,"key":"SMITH"},{"data":"PiercingWail","floor":25,"key":"SMITH"},{"floor":30,"key":"REST"},{"floor":32,"key":"REST"},{"data":"Noxious Fumes","floor":40,"key":"SMITH"},{"floor":45,"key":"REST"},{"floor":49,"key":"REST"}],"neow_cost":"NONE","seed_source_timestamp":149043780791573,"circlet_count":0,"master_deck":["AscendersBane","Defend_G","Defend_G","Defend_G","Defend_G","Defend_G","Survivor","Neutralize","Crippling Poison+1","Cloak And Dagger","Poisoned Stab+1","Footwork+1","PiercingWail+1","Catalyst+1","Dash","Quick Slash","Die Die Die","Skewer+1","Night Terror+1","Blur","Crippling Poison+1","Bouncing Flask","Footwork+1","Corpse Explosion","Catalyst+1","Escape Plan","Noxious Fumes+1","Wraith Form v2","Noxious Fumes","Dodge and Roll","Well Laid Plans","Apotheosis","Backflip","Dodge and Roll+1"],"relics":["Ring of the Snake","Happy Flower","Bag of Marbles","Sundial","Astrolabe","Snake Skull","Ancient Tea Set","Snecko Eye","Juzu Bracelet","Dream Catcher","Blue Candle","Frozen Egg 2"],"potions_floor_usage":[7,12,16,16,24,24,48,48],"damage_taken":[{"damage":0,"enemies":"Small Slimes","floor":1,"turns":3},{"damage":0,"enemies":"Cultist","floor":2,"turns":4},{"damage":2,"enemies":"2 Louse","floor":3,"turns":3},{"damage":19,"enemies":"3 Sentries","floor":7,"turns":13},{"damage":3,"enemies":"Blue Slaver","floor":8,"turns":3},{"damage":0,"enemies":"Exordium Thugs","floor":11,"turns":4},{"damage":3,"enemies":"Lagavulin","floor":12,"turns":7},{"damage":0,"enemies":"2 Fungi Beasts","floor":14,"turns":4},{"damage":9,"enemies":"Hexaghost","floor":16,"turns":7},{"damage":0,"enemies":"Spheric Guardian","floor":18,"turns":2},{"damage":29,"enemies":"2 Thieves","floor":19,"turns":4},{"damage":1,"enemies":"Cultist and Chosen","floor":20,"turns":5},{"damage":6,"enemies":"Chosen and Byrds","floor":24,"turns":7},{"damage":4,"enemies":"Snake Plant","floor":27,"turns":6},{"damage":18,"enemies":"Shelled Parasite and Fungi","floor":29,"turns":5},{"damage":36,"enemies":"Automaton","floor":33,"turns":8},{"damage":3,"enemies":"Orb Walker","floor":35,"turns":3},{"damage":10,"enemies":"3 Darklings","floor":38,"turns":3},{"damage":4,"enemies":"Sphere and 2 Shapes","floor":39,"turns":4},{"damage":12,"enemies":"Nemesis","floor":41,"turns":5},{"damage":0,"enemies":"Transient","floor":46,"turns":5},{"damage":28,"enemies":"Giant Head","floor":48,"turns":7},{"damage":27,"enemies":"Time Eater","floor":50,"turns":12}],"seed_played":"-6378176447079066235","potions_obtained":[{"floor":1,"key":"Energy Potion"},{"floor":2,"key":"PowerPotion"},{"floor":10,"key":"Weak Potion"},{"floor":14,"key":"Energy Potion"},{"floor":16,"key":"SpeedPotion"},{"floor":19,"key":"SpeedPotion"},{"floor":20,"key":"Poison Potion"},{"floor":33,"key":"Swift Potion"},{"floor":35,"key":"Energy Potion"}],"is_trial":false,"path_per_floor":["M","M","M","?","$","R","E","M","T","?","M","E","R","M","R","B",null,"M","M","M","$","$","R","M","R","T","M","?","M","R","$","R","B",null,"M","$","?","M","M","R","E","?","T","T","R","M","?","E","R","B",null],"character_chosen":"THE_SILENT","items_purchased":["Footwork","Footwork","Snake Skull","Noxious Fumes","Noxious Fumes"],"campfire_rested":4,"item_purchase_floors":[5,21,22,31,36],"current_hp_per_floor":[63,63,61,61,61,61,42,39,39,39,39,36,36,36,36,27,59,59,30,29,29,29,29,23,23,23,19,19,1,22,22,43,7,54,51,51,51,41,37,37,25,25,25,25,46,46,46,18,37,10],"gold":228,"neow_bonus":"HUNDRED_GOLD","is_prod":false,"is_daily":false,"chose_seed":false,"campfire_upgraded":6,"win_rate":0,"timestamp":1554392689,"path_taken":["M","M","M","?","$","R","E","M","T","?","M","E","R","M","R","BOSS","M","?","M","?","$","R","M","R","T","M","?","?","R","$","R","BOSS","M","?","?","M","M","R","E","?","T","?","R","M","?","E","R","BOSS"],"build_version":"2019-03-15","purchased_purges":2,"victory":true,"max_hp_per_floor":[70,70,70,70,70,70,70,70,70,70,70,70,70,70,70,70,70,70,70,70,70,70,70,70,70,70,70,70,70,70,70,70,70,70,70,70,70,70,70,70,70,70,70,70,70,70,66,66,66,66],"card_choices":[{"not_picked":["Infinite Blades","Quick Slash"],"picked":"Crippling Poison","floor":1},{"not_picked":["PiercingWail","Deadly Poison"],"picked":"Cloak And Dagger","floor":2},{"not_picked":["Caltrops","Outmaneuver"],"picked":"Poisoned Stab","floor":3},{"not_picked":["Reflex","Backstab"],"picked":"PiercingWail","floor":7},{"not_picked":["Flechettes","Flying Knee"],"picked":"Catalyst","floor":8},{"not_picked":["PiercingWail","Deadly Poison"],"picked":"Dash","floor":11},{"not_picked":["A Thousand Cuts","Slice"],"picked":"Quick Slash","floor":12},{"not_picked":["Bane","Masterful Stab","Slice"],"picked":"SKIP","floor":14},{"not_picked":["Phantasmal Killer","Grand Finale"],"picked":"Die Die Die","floor":16},{"not_picked":["Outmaneuver","Dagger Spray"],"picked":"Blur","floor":18},{"not_picked":["Finisher+1","Bane"],"picked":"Crippling Poison+1","floor":19},{"not_picked":["Eviscerate+1","Flying Knee"],"picked":"Bouncing Flask","floor":20},{"not_picked":["PiercingWail","Acrobatics","Crippling Poison+1"],"picked":"SKIP","floor":24},{"not_picked":["All Out Attack","Prepared"],"picked":"Corpse Explosion","floor":27},{"not_picked":["Quick Slash","PiercingWail"],"picked":"Escape Plan","floor":29},{"not_picked":["Phantasmal Killer","Envenom"],"picked":"Wraith Form v2","floor":33},{"not_picked":["Acrobatics","Cloak And Dagger","Underhanded Strike+1"],"picked":"SKIP","floor":35},{"not_picked":["Poisoned Stab","All Out Attack+1"],"picked":"Dodge and Roll","floor":38},{"not_picked":["Bane","Dagger Spray","Cloak And Dagger"],"picked":"SKIP","floor":39},{"not_picked":["Quick Slash+1","Catalyst"],"picked":"Well Laid Plans","floor":41},{"not_picked":["Enlightenment","Thinking Ahead"],"picked":"Apotheosis","floor":42},{"not_picked":["Prepared","Acrobatics"],"picked":"Backflip","floor":45},{"not_picked":["Cloak And Dagger","Tactician"],"picked":"Dodge and Roll+1","floor":46},{"not_picked":["Distraction","Storm of Steel","Riddle With Holes"],"picked":"SKIP","floor":48}],"player_experience":435595,"relics_obtained":[{"floor":7,"key":"Happy Flower"},{"floor":9,"key":"Bag of Marbles"},{"floor":12,"key":"Sundial"},{"floor":26,"key":"Ancient Tea Set"},{"floor":41,"key":"Juzu Bracelet"},{"floor":43,"key":"Dream Catcher"},{"floor":44,"key":"Blue Candle"},{"floor":48,"key":"Frozen Egg 2"}],"event_choices":[{"damage_healed":0,"gold_gain":0,"player_choice":"Grow","damage_taken":0,"max_hp_gain":0,"max_hp_loss":0,"event_name":"Living Wall","floor":4,"gold_loss":0,"cards_upgraded":["Poisoned Stab"]},{"damage_healed":0,"gold_gain":0,"player_choice":"Bought 1 Potion","damage_taken":0,"max_hp_gain":0,"max_hp_loss":0,"event_name":"The Woman in Blue","floor":10,"gold_loss":0},{"damage_healed":0,"gold_gain":0,"player_choice":"Copied","damage_taken":0,"max_hp_gain":0,"max_hp_loss":0,"event_name":"Duplicator","floor":28,"gold_loss":0,"cards_obtained":["Catalyst"]},{"cards_removed":["Unload"],"damage_healed":0,"gold_gain":0,"player_choice":"Removed Attack","damage_taken":0,"max_hp_gain":0,"max_hp_loss":0,"event_name":"Falling","floor":37,"gold_loss":0},{"damage_healed":0,"gold_gain":0,"player_choice":"Memory 1","damage_taken":0,"max_hp_gain":0,"max_hp_loss":0,"event_name":"SensoryStone","floor":42,"gold_loss":0},{"damage_healed":0,"gold_gain":0,"player_choice":"Max HP","damage_taken":0,"max_hp_gain":0,"max_hp_loss":4,"event_name":"Winding Halls","floor":47,"gold_loss":0}],"is_beta":true,"boss_relics":[{"not_picked":["Busted Crown","White Beast Statue"],"picked":"Astrolabe"},{"not_picked":["Calling Bell","Fusion Hammer"],"picked":"Snecko Eye"}],"items_purged_floors":[5,36],"is_endless":false,"potions_floor_spawned":[1,2,3,14,16,19,20,33,35,38,46],"ascension_level":13}