{"gold_per_floor":[115,390,401,421,434,434,469,487,543,555,555,607,607,39,39,138,138,138,38,38,38,15,15,15,15,15,15,15,15,15,15,15,15,15,15,15,15,0,0,0,0,0,0,0,0,0,0,0,0,0],"floor_reached":51,"playtime":1942,"items_purged":["Regret"],"score":738,"play_id":"d134e31f-bc58-4766-9010-7c37eb2330b8","local_time":"20190510000610","is_ascension_mode":false,"campfire_choices":[{"data":"Bash","floor":6,"key":"SMITH"},{"data":"Perfected Strike","floor":11,"key":"SMITH"},{"data":"True Grit","floor":13,"key":"SMITH"},{"data":"Armaments","floor":15,"key":"SMITH"},{"data":"Body Slam","floor":23,"key":"SMITH"},{"data":"Perfected Strike","floor":27,"key":"SMITH"},{"data":"Pommel Strike","floor":30,"key":"SMITH"},{"data":"Shrug It Off","floor":32,"key":"SMITH"},{"data":"Wild Strike","floor":40,"key":"SMITH"},{"data":"Flex","floor":45,"key":"SMITH"},{"data":"Madness","floor":47,"key":"SMITH"},{"data":"Madness","floor":49,"key":"SMITH"}],"neow_cost":"TEN_PERCENT_HP_LOSS","seed_source_timestamp":110608983570394,"circlet_count":0,"master_deck":["Strike_R","Strike_R","Strike_R","Strike_R","Strike_R","Defend_R","Defend_R+1","Defend_R","Defend_R+1","Bash+1","Body Slam+1","Armaments+1","Shrug It Off+1","Perfected Strike+1","Wild Strike+1","True Grit+1","Armaments+1","Pommel Strike+1","Shrug It Off+1","Perfected Strike+1","Flex+1","Thunderclap+1","Iron Wave+1","Madness+1","Madness+1"],"relics":["Burning Blood","FossilizedHelix","Dream Catcher","Tiny Chest","Regal Pillow","Mercury Hourglass","Lee\u0027s Waffle","Ectoplasm","Pen Nib","War Paint","The Courier","Sozu","Red Mask","Bottled Flame"],"potions_floor_usage":[5,7,16,16,18,28,50],"damage_taken":[{"damage":6,"enemies":"2 Louse","floor":1,"turns":2},{"damage":13,"enemies":"Cultist","floor":3,"turns":4},{"damage":8,"enemies":"Jaw Worm","floor":4,"turns":5},{"damage":8,"enemies":"2 Fungi Beasts","floor":5,"turns":3},{"damage":16,"enemies":"3 Sentries","floor":7,"turns":8},{"damage":11,"enemies":"Large Slime","floor":8,"turns":8},{"damage":7,"enemies":"Blue Slaver","floor":10,"turns":3},{"damage":27,"enemies":"The Guardian","floor":16,"turns":9},{"damage":9,"enemies":"3 Byrds","floor":18,"turns":3},{"damage":11,"enemies":"Shell Parasite","floor":21,"turns":5},{"damage":22,"enemies":"Slavers","floor":25,"turns":7},{"damage":0,"enemies":"Chosen and Byrds","floor":28,"turns":4},{"damage":0,"enemies":"Snecko","floor":31,"turns":2},{"damage":73,"enemies":"Automaton","floor":33,"turns":9},{"damage":16,"enemies":"3 Darklings","floor":35,"turns":4},{"damage":0,"enemies":"3 Shapes","floor":41,"turns":3},{"damage":0,"enemies":"Transient","floor":42,"turns":5},{"damage":0,"enemies":"4 Shapes","floor":44,"turns":4},{"damage":63,"enemies":"Awakened One","floor":50,"turns":15}],"seed_played":"-7780134030017134717","potions_obtained":[{"floor":3,"key":"Energy Potion"},{"floor":5,"key":"PowerPotion"},{"floor":10,"key":"SkillPotion"},{"floor":16,"key":"AttackPotion"},{"floor":21,"key":"SpeedPotion"},{"floor":25,"key":"Energy Potion"},{"floor":33,"key":"Regen Potion"}],"is_trial":false,"path_per_floor":["M","?","M","M","M","R","E","M","T","M","R","T","R","$","R","B",null,"M","$","?","M","$","R","?","E","T","R","M","T","R","M","R","B",null,"M","$","?","?","?","R","M","M","T","M","R","?","R","?","R","B",null],"character_chosen":"IRONCLAD","items_purchased":["Mercury Hourglass","Lee\u0027s Waffle","AttackPotion","FairyPotion","Shrug It Off"],"campfire_rested":0,"item_purchase_floors":[14,14,14,19,22],"current_hp_per_floor":[72,72,65,63,61,61,51,46,46,45,45,45,45,79,79,58,79,76,76,76,71,71,71,71,55,55,55,61,61,61,67,67,13,79,69,69,69,69,69,69,75,79,79,79,79,69,69,69,69,27],"gold":0,"neow_bonus":"ONE_RARE_RELIC","is_prod":false,"is_daily":false,"chose_seed":false,"campfire_upgraded":12,"win_rate":0,"timestamp":1557439570,"path_taken":["M","?","?","M","M","R","E","M","T","M","R","?","R","$","R","BOSS","M","$","?","M","$","R","?","E","T","R","M","?","R","?","R","BOSS","M","$","?","?","?","R","M","M","T","?","R","?","R","?","R","BOSS"],"build_version":"2019-05-07","purchased_purges":1,"victory":true,"max_hp_per_floor":[72,72,72,72,72,72,72,72,72,72,72,72,72,79,79,79,79,79,79,79,79,79,79,79,79,79,79,79,79,79,79,79,79,79,79,79,79,79,79,79,79,79,79,79,79,79,79,79,79,79],"card_choices":[{"not_picked":["Heavy Blade","Havoc"],"picked":"Body Slam","floor":1},{"not_picked":["Hemokinesis","Anger"],"picked":"Armaments","floor":3},{"not_picked":["Warcry","Anger"],"picked":"Shrug It Off","floor":4},{"not_picked":["Thunderclap","Rupture"],"picked":"Perfected Strike","floor":5},{"not_picked":["Inflame","Rage"],"picked":"Wild Strike","floor":7},{"not_picked":["Dual Wield","Armaments","Fiend Fire"],"picked":"SKIP","floor":8},{"not_picked":["Shrug It Off","Thunderclap"],"picked":"True Grit","floor":10},{"not_picked":["Dual Wield","True Grit"],"picked":"Armaments+1","floor":18},{"not_picked":["Sword Boomerang","Rampage"],"picked":"Pommel Strike","floor":21},{"not_picked":["Heavy Blade","Anger"],"picked":"Flex","floor":25},{"not_picked":["Headbutt+1","Immolate"],"picked":"Thunderclap+1","floor":28},{"not_picked":["Anger+1","Uppercut","Armaments"],"picked":"SKIP","floor":31},{"not_picked":["Corruption","Rampage","Thunderclap"],"picked":"SKIP","floor":35},{"not_picked":["Anger","Armaments+1"],"picked":"Iron Wave+1","floor":41},{"not_picked":["Searing Blow","Intimidate+1","Anger+1"],"picked":"SKIP","floor":42},{"not_picked":["Thunderclap","Disarm+1","Armaments"],"picked":"SKIP","floor":44}],"player_experience":564815,"relics_obtained":[{"floor":7,"key":"Dream Catcher"},{"floor":9,"key":"Tiny Chest"},{"floor":12,"key":"Regal Pillow"},{"floor":25,"key":"Pen Nib"},{"floor":26,"key":"War Paint"},{"floor":29,"key":"The Courier"},{"floor":43,"key":"Bottled Flame"}],"event_choices":[{"damage_healed":0,"gold_gain":275,"player_choice":"Desecrate","damage_taken":0,"max_hp_gain":0,"max_hp_loss":0,"event_name":"Golden Shrine","floor":2,"gold_loss":0,"cards_obtained":["Regret"]},{"damage_healed":0,"gold_gain":0,"player_choice":"Read","damage_taken":0,"max_hp_gain":0,"max_hp_loss":0,"event_name":"The Library","floor":24,"gold_loss":0,"cards_obtained":["Perfected Strike"]},{"damage_healed":0,"gold_gain":0,"player_choice":"Ignored","damage_taken":0,"max_hp_gain":0,"max_hp_loss":0,"event_name":"Mysterious Sphere","floor":37,"gold_loss":0},{"damage_healed":0,"gold_gain":0,"player_choice":"Paid","damage_taken":0,"relics_obtained":["Red Mask"],"max_hp_gain":0,"max_hp_loss":0,"event_name":"Tomb of Lord Red Mask","floor":38,"gold_loss":15},{"damage_healed":0,"gold_gain":0,"player_choice":"Forge","damage_taken":0,"max_hp_gain":0,"max_hp_loss":0,"event_name":"Accursed Blacksmith","floor":39,"gold_loss":0,"cards_upgraded":["Shrug It Off"]},{"damage_healed":0,"gold_gain":0,"player_choice":"Embrace Madness","damage_taken":10,"max_hp_gain":0,"max_hp_loss":0,"event_name":"Winding Halls","floor":46,"gold_loss":0,"cards_obtained":["Madness","Madness"]},{"damage_healed":0,"gold_gain":0,"player_choice":"Memory 1","damage_taken":0,"max_hp_gain":0,"max_hp_loss":0,"event_name":"SensoryStone","floor":48,"gold_loss":0}],"is_beta":true,"boss_relics":[{"not_picked":["Orrery","Lizard Tail"],"picked":"Ectoplasm"},{"not_picked":["Black Blood","Tiny House"],"picked":"Sozu"}],"items_purged_floors":[14],"is_endless":false,"potions_floor_spawned":[3,5,10,16,21,25,33,35,41,44],"ascension_level":0}