{"gold_per_floor":[112,132,143,162,175,192,192,227,277,242,275,295,321,48,48,122,122,142,67,85,98,13,13,13,13,13,13,13,26,26,45,45,117,117,132,180,180,130,130,130,164,164,189,189,44,72,84,116,116,116],"floor_reached":51,"playtime":2907,"items_purged":["Strike_B","Strike_B"],"score":1255,"play_id":"3562fc41-84e0-4921-8457-8f165df19fab","local_time":"20180806182043","is_ascension_mode":true,"campfire_choices":[{"data":"Darkness","floor":7.0,"key":"SMITH"},{"data":"Defragment","floor":15.0,"key":"SMITH"},{"data":"Seek","floor":23.0,"key":"SMITH"},{"data":"Hologram","floor":25.0,"key":"SMITH"},{"data":"Biased Cognition","floor":30,"key":"SMITH"},{"data":"Dualcast","floor":32,"key":"SMITH"},{"floor":40,"key":"REST"},{"floor":42,"key":"REST"},{"floor":44,"key":"REST"},{"floor":49,"key":"REST"}],"neow_cost":"NONE","seed_source_timestamp":0,"circlet_count":0,"master_deck":["Strike_B+1","Defend_B","Defend_B","Defend_B","Defend_B","Zap","Dualcast+1","AscendersBane","Darkness+1","FTL","Leap","Ball Lightning","Ball Lightning+1","Seek+1","Machine Learning","Cold Snap","Defragment+1","Self Repair","Glacier","Biased Cognition+1","Hologram+1","Conserve Battery","Seek+1","Creative AI","Capacitor","Echo Form"],"special_seed":0,"relics":["Cracked Core","Oddly Smooth Stone","Whetstone","Torii","Bottled Tornado","OrangePellets","Sozu","Vajra","Smiling Mask","Fusion Hammer","Bronze Scales","Dream Catcher","Orichalcum","Strawberry","Potion Belt"],"potions_floor_usage":[50],"damage_taken":[{"damage":4.0,"enemies":"2 Louse","floor":1.0,"turns":2.0},{"damage":2.0,"enemies":"Jaw Worm","floor":2.0,"turns":5.0},{"damage":0.0,"enemies":"Cultist","floor":3.0,"turns":4.0},{"damage":11.0,"enemies":"Large Slime","floor":4.0,"turns":8.0},{"damage":10.0,"enemies":"Gremlin Gang","floor":5.0,"turns":5.0},{"damage":3.0,"enemies":"Looter","floor":6.0,"turns":3.0},{"damage":4.0,"enemies":"Gremlin Nob","floor":8.0,"turns":3.0},{"damage":4.0,"enemies":"Lagavulin","floor":11.0,"turns":5.0},{"damage":1.0,"enemies":"Blue Slaver","floor":12.0,"turns":3.0},{"damage":8.0,"enemies":"3 Sentries","floor":13.0,"turns":4.0},{"damage":28.0,"enemies":"Slime Boss","floor":16.0,"turns":6.0},{"damage":0.0,"enemies":"Spheric Guardian","floor":18.0,"turns":3.0},{"damage":13.0,"enemies":"2 Thieves","floor":20.0,"turns":4.0},{"damage":11.0,"enemies":"Centurion and Healer","floor":21.0,"turns":6.0},{"damage":15,"enemies":"Slaver and Parasite","floor":29,"turns":5},{"damage":0,"enemies":"Snecko","floor":31,"turns":4},{"damage":6,"enemies":"Collector","floor":33,"turns":12},{"damage":0,"enemies":"3 Shapes","floor":35,"turns":5},{"damage":22,"floor":36,"turns":5},{"damage":31,"enemies":"Giant Head","floor":41,"turns":9},{"damage":2,"enemies":"2 Orb Walkers","floor":46,"turns":6},{"damage":0,"enemies":"Orb Walker","floor":47,"turns":3},{"damage":1,"enemies":"Nemesis","floor":48,"turns":7},{"damage":10,"enemies":"Time Eater","floor":50,"turns":9}],"seed_played":"-4602771984112050893","potions_obtained":[{"floor":1.0,"key":"FearPotion"},{"floor":3.0,"key":"EntropicBrew"},{"floor":12.0,"key":"GamblersBrew"}],"is_trial":false,"path_per_floor":["M","M","M","M","M","M","R","E","T","?","E","M","E","$","R","B",null,"M","$","M","M","?","R","?","R","T","?","$","M","R","M","R","B",null,"M","?","?","$","?","R","E","R","T","R","$","E","M","E","R","B"],"character_chosen":"DEFECT","items_purchased":["OrangePellets","Glacier","Orichalcum"],"campfire_rested":4,"item_purchase_floors":[14,14,45],"current_hp_per_floor":[67,65,65,54,44,41,41,37,37,56,52,51,43,43,43,22,64,71,71,65,61,61,61,61,61,61,61,61,53,53,60,60,61,74,78,63,63,63,53,76,52,75,75,78,78,85,85,85,85,82],"gold":116,"neow_bonus":"TEN_PERCENT_HP_BONUS","is_prod":false,"is_daily":false,"chose_seed":false,"campfire_upgraded":6,"win_rate":0,"timestamp":1533604843,"path_taken":["M","M","M","M","M","M","R","E","T","?","E","M","E","$","R","BOSS","M","$","M","M","?","R","?","R","T","?","$","M","R","M","R","BOSS","M","?","?","?","?","R","E","R","T","R","$","E","M","E","R","BOSS"],"build_version":"2018-08-01","purchased_purges":2,"victory":true,"max_hp_per_floor":[78,78,78,78,78,78,78,78,78,78,78,78,78,78,78,78,78,78,78,78,78,78,78,78,78,78,78,78,78,78,78,78,78,78,78,78,78,78,78,78,78,78,78,78,78,85,85,85,85,85],"card_choices":[{"not_picked":["Aggregate","Stack"],"picked":"Darkness","floor":1.0},{"not_picked":["Sweeping Beam","Auto Shields"],"picked":"FTL","floor":2.0},{"not_picked":["Turbo","Darkness"],"picked":"Leap","floor":3.0},{"not_picked":["Gash","Redo"],"picked":"Ball Lightning","floor":4.0},{"not_picked":["Heatsinks","Tempest"],"picked":"Ball Lightning","floor":5.0},{"not_picked":["Reprogram","Double Energy"],"picked":"Seek","floor":6.0},{"not_picked":["Loop","Ball Lightning"],"picked":"Machine Learning","floor":8.0},{"not_picked":["Redo","Static Discharge"],"picked":"Cold Snap","floor":11.0},{"not_picked":["Conserve Battery","Rip and Tear"],"picked":"Defragment","floor":12.0},{"not_picked":["Turbo","Melter"],"picked":"Self Repair","floor":13.0},{"not_picked":["All For One","Rainbow"],"picked":"Biased Cognition","floor":16.0},{"not_picked":["Force Field","Beam Cell","Sweeping Beam"],"picked":"SKIP","floor":18.0},{"not_picked":["Barrage","Melter"],"picked":"Hologram","floor":20.0},{"not_picked":["Self Repair","Fusion"],"picked":"Conserve Battery","floor":21.0},{"not_picked":["Hologram","Leap","Steam+1"],"picked":"SKIP","floor":29},{"not_picked":["Conserve Battery+1","Barrage","Beam Cell"],"picked":"SKIP","floor":31},{"not_picked":["Multi-Cast","Reboot"],"picked":"Creative AI","floor":33},{"not_picked":["Rebound","Capacitor","Coolheaded"],"picked":"SKIP","floor":35},{"not_picked":["Rebound","Capacitor","Coolheaded"],"picked":"SKIP","floor":35},{"not_picked":["Rebound","Coolheaded"],"picked":"Capacitor","floor":35},{"not_picked":["Double Energy","Stack+1","Rip and Tear"],"picked":"SKIP","floor":41},{"not_picked":["Sweeping Beam","Leap","Conserve Battery"],"picked":"SKIP","floor":46},{"not_picked":["FTL","Ball Lightning"],"picked":"Echo Form","floor":47},{"not_picked":["Melter","Lockon","Gash"],"picked":"SKIP","floor":48}],"player_experience":899974,"relics_obtained":[{"floor":8.0,"key":"Oddly Smooth Stone"},{"floor":9.0,"key":"Whetstone"},{"floor":11.0,"key":"Torii"},{"floor":13.0,"key":"Bottled Tornado"},{"floor":26.0,"key":"Smiling Mask"},{"floor":41,"key":"Bronze Scales"},{"floor":43,"key":"Dream Catcher"},{"floor":46,"key":"Strawberry"},{"floor":48,"key":"Potion Belt"}],"event_choices":[{"event_name":"The Cleric","player_choice":"Healed","floor":10.0,"damage_taken":0.0},{"event_name":"Addict","player_choice":"Obtained Relic","floor":22.0,"damage_taken":0.0},{"event_name":"The Lab","player_choice":"Got Potions","floor":24.0,"damage_taken":0.0},{"event_name":"Duplicator","player_choice":"One dupe","floor":27.0,"damage_taken":0.0},{"event_name":"Mysterious Sphere","player_choice":"Fight","floor":36,"damage_taken":0},{"event_name":"Falling","player_choice":"Removed Attack","floor":37,"damage_taken":0},{"event_name":"SensoryStone","player_choice":"Memory 3","floor":39,"damage_taken":0}],"is_beta":true,"boss_relics":[{"not_picked":["Tiny House","Eternal Feather"],"picked":"Sozu"},{"not_picked":["Lizard Tail","Philosopher\u0027s Stone"],"picked":"Fusion Hammer"}],"items_purged_floors":[19,38],"is_endless":false,"potions_floor_spawned":[1,3,4,5,12,13,18,21,33,35,41],"ascension_level":15}