{"gold_per_floor":[109,120,133,145,145,145,175,175,175,175,202,202,53,71,71,149,149,169,169,185,4,14,14,30,30,54,67,67,93,112,36,36,114,114,126,1,17,29,45,45,72,85,133,133,133,166,166,166],"floor_reached":48,"playtime":3541,"items_purged":["Strike_G","Decay","Strike_G"],"score":961,"play_id":"999908ed-e50e-468a-888a-48e2df8dd9d0","local_time":"20181022002718","is_ascension_mode":true,"campfire_choices":[{"data":"Neutralize","floor":6,"key":"SMITH"},{"data":"Noxious Fumes","floor":10,"key":"SMITH"},{"data":"Footwork","floor":15,"key":"SMITH"},{"data":"Wraith Form v2","floor":23,"key":"SMITH"},{"data":"Deadly Poison","floor":25,"key":"SMITH"},{"floor":28,"key":"REST"},{"floor":32,"key":"REST"},{"floor":40,"key":"REST"},{"floor":44,"key":"REST"}],"neow_cost":"NONE","seed_source_timestamp":2665881663376572,"circlet_count":0,"master_deck":["Defend_G","Defend_G","Defend_G","Defend_G","Defend_G+1","Strike_G","Strike_G","Strike_G","Survivor+1","Neutralize+1","AscendersBane","Dodge and Roll","PiercingWail","Finisher","Noxious Fumes+1","Backstab","Deadly Poison+1","Footwork+1","Terror","Wraith Form v2+1","Dodge and Roll+1","Corpse Explosion","Deflect","Cloak And Dagger+1","Tools of the Trade","Venomology+1"],"relics":["Ring of the Snake","War Paint","Pantograph","Mercury Hourglass","Busted Crown","Snake Skull","Toxic Egg 2","Fusion Hammer","Orichalcum","Potion Belt","Bottled Lightning"],"potions_floor_usage":[7,29,33,38,41,46,46,47],"damage_taken":[{"damage":6,"enemies":"Jaw Worm","floor":1,"turns":6},{"damage":2,"enemies":"Small Slimes","floor":2,"turns":5},{"damage":0,"enemies":"2 Louse","floor":3,"turns":3},{"damage":0,"enemies":"Blue Slaver","floor":4,"turns":6},{"damage":17,"enemies":"3 Sentries","floor":7,"turns":8},{"damage":30,"enemies":"Gremlin Nob","floor":11,"turns":5},{"damage":0,"enemies":"3 Louse","floor":14,"turns":2},{"damage":27,"enemies":"Slime Boss","floor":16,"turns":12},{"damage":13,"enemies":"Shell Parasite","floor":18,"turns":5},{"damage":3,"enemies":"Chosen","floor":20,"turns":6},{"damage":0,"enemies":"3 Cultists","floor":22,"turns":3},{"damage":6,"enemies":"Shelled Parasite and Fungi","floor":24,"turns":7},{"damage":3,"enemies":"Centurion and Healer","floor":27,"turns":4},{"damage":0,"enemies":"Gremlin Leader","floor":29,"turns":9},{"damage":25,"enemies":"Snake Plant","floor":30,"turns":5},{"damage":41,"enemies":"Champ","floor":33,"turns":15},{"damage":18,"enemies":"3 Darklings","floor":35,"turns":5},{"damage":6,"enemies":"Orb Walker","floor":37,"turns":4},{"damage":12,"enemies":"Writhing Mass","floor":38,"turns":7},{"damage":2,"enemies":"4 Shapes","floor":39,"turns":4},{"damage":41,"enemies":"Giant Head","floor":41,"turns":10},{"damage":0,"enemies":"Maw","floor":42,"turns":9},{"damage":18,"enemies":"Nemesis","floor":46,"turns":9},{"damage":0,"enemies":"Spire Growth","floor":47,"turns":1},{"damage":10,"enemies":"Giant Head","floor":48,"turns":6}],"seed_played":"2347122477418621735","potions_obtained":[{"floor":4,"key":"Explosive Potion"},{"floor":16,"key":"SpeedPotion"},{"floor":22,"key":"PowerPotion"},{"floor":27,"key":"GhostInAJar"},{"floor":38,"key":"FearPotion"},{"floor":39,"key":"Poison Potion"},{"floor":42,"key":"LiquidBronze"},{"floor":46,"key":"Fire Potion"}],"is_trial":false,"path_per_floor":["M","M","M","M","?","R","E","?","T","R","E","?","$","M","R","B",null,"M","?","M","$","M","R","M","R","T","M","R","E","M","$","R","B",null,"M","$","M","M","M","R","E","M","T","R","?","E","M"],"character_chosen":"THE_SILENT","items_purchased":["Footwork","Corpse Explosion","GhostInAJar"],"campfire_rested":4,"item_purchase_floors":[13,21,31],"current_hp_per_floor":[59,57,57,57,57,57,40,40,40,40,10,10,10,10,10,8,56,43,43,40,40,40,40,34,34,34,31,52,52,27,27,48,31,62,44,44,38,26,24,45,4,4,4,25,25,7,7,0],"gold":166,"neow_bonus":"TEN_PERCENT_HP_BONUS","is_prod":false,"is_daily":false,"chose_seed":false,"campfire_upgraded":5,"win_rate":0,"timestamp":1540193238,"path_taken":["M","M","M","M","?","R","E","?","T","R","E","?","?","?","R","BOSS","M","?","?","?","M","R","M","R","T","M","R","E","M","$","R","BOSS","M","$","M","M","M","R","E","M","T","R","?","E","M","E"],"build_version":"2018-10-19","purchased_purges":3,"victory":false,"max_hp_per_floor":[72,72,72,72,72,72,72,72,72,72,72,72,72,72,72,72,72,72,72,72,72,72,72,72,72,72,72,72,72,72,72,72,72,72,72,72,72,72,72,72,72,72,72,72,72,72,72,72],"card_choices":[{"not_picked":["Prepared","Escape Plan"],"picked":"Dodge and Roll","floor":1},{"not_picked":["Crippling Poison","Setup"],"picked":"PiercingWail","floor":2},{"not_picked":["Prepared","Outmaneuver"],"picked":"Finisher","floor":3},{"not_picked":["Setup","PiercingWail"],"picked":"Noxious Fumes","floor":4},{"not_picked":["Doppelganger","Crippling Poison"],"picked":"Backstab","floor":7},{"not_picked":["Deflect","Sucker Punch"],"picked":"Deadly Poison","floor":11},{"not_picked":["Poisoned Stab","Backflip"],"picked":"Terror","floor":14},{"not_picked":["Doppelganger","Bullet Time"],"picked":"Wraith Form v2","floor":16},{"not_picked":["Blade Dance"],"picked":"SKIP","floor":18},{"not_picked":[],"picked":"Dodge and Roll+1","floor":20},{"not_picked":["Slice"],"picked":"SKIP","floor":22},{"not_picked":[],"picked":"Deflect","floor":24},{"not_picked":["Outmaneuver"],"picked":"SKIP","floor":27},{"not_picked":[],"picked":"Cloak And Dagger","floor":29},{"not_picked":["Sucker Punch"],"picked":"SKIP","floor":30},{"not_picked":[],"picked":"Tools of the Trade","floor":33},{"not_picked":["Deflect+1"],"picked":"SKIP","floor":35},{"not_picked":["Dagger Throw"],"picked":"SKIP","floor":37},{"not_picked":["Blade Dance+1"],"picked":"SKIP","floor":38},{"not_picked":["Poisoned Stab+1"],"picked":"SKIP","floor":39},{"not_picked":[],"picked":"Venomology+1","floor":41},{"not_picked":["Outmaneuver+1"],"picked":"SKIP","floor":42},{"not_picked":["Deadly Poison+1"],"picked":"SKIP","floor":46}],"player_experience":937832,"relics_obtained":[{"floor":7,"key":"War Paint"},{"floor":9,"key":"Pantograph"},{"floor":11,"key":"Mercury Hourglass"},{"floor":26,"key":"Snake Skull"},{"floor":29,"key":"Toxic Egg 2"},{"floor":41,"key":"Orichalcum"},{"floor":43,"key":"Potion Belt"},{"floor":46,"key":"Bottled Lightning"}],"event_choices":[{"damage_healed":0,"gold_gain":0,"player_choice":"Ignored","damage_taken":0,"max_hp_gain":0,"max_hp_loss":0,"event_name":"Liars Game","floor":5,"gold_loss":0},{"damage_healed":0,"gold_gain":0,"player_choice":"Searched \u00271\u0027 times","damage_taken":0,"max_hp_gain":0,"max_hp_loss":0,"event_name":"Dead Adventurer","floor":8,"gold_loss":0},{"damage_healed":0,"gold_gain":0,"player_choice":"Fled","damage_taken":0,"max_hp_gain":0,"max_hp_loss":0,"event_name":"Scrap Ooze","floor":12,"gold_loss":0},{"damage_healed":0,"gold_gain":0,"player_choice":"Smashed Altar","damage_taken":0,"max_hp_gain":0,"max_hp_loss":0,"event_name":"Forgotten Altar","floor":19,"gold_loss":0,"cards_obtained":["Decay"]},{"damage_healed":0,"gold_gain":0,"player_choice":"0 cards matched","damage_taken":0,"max_hp_gain":0,"max_hp_loss":0,"event_name":"Match and Keep!","floor":45,"gold_loss":0,"cards_obtained":[]}],"is_beta":true,"boss_relics":[{"not_picked":["Orrery","HoveringKite"],"picked":"Busted Crown"},{"not_picked":["Astrolabe","Cursed Key"],"picked":"Fusion Hammer"}],"items_purged_floors":[13,21,36],"is_endless":false,"potions_floor_spawned":[4,16,22,24,27,38,39,42,46,47],"killed_by":"Giant Head","ascension_level":15}