{"gold_per_floor":[366,380,400,419,131,131,144,174,474,490,490,522,532,532],"floor_reached":14,"playtime":653,"items_purged":["Strike_R"],"score":208,"play_id":"5c0c0e73-4a23-4244-bcc4-12cf4559c65d","local_time":"20181113230650","is_ascension_mode":true,"campfire_choices":[{"data":"Armaments","floor":6.0,"key":"SMITH"},{"floor":11.0,"key":"REST"}],"neow_cost":"PERCENT_DAMAGE","seed_source_timestamp":0,"circlet_count":0,"master_deck":["AscendersBane","Strike_R","Strike_R","Strike_R","Strike_R","Defend_R","Defend_R","Defend_R","Defend_R","Bash","Clothesline","Spot Weakness","Cleave","Sword Boomerang","Armaments+1","Pommel Strike","Inflame","Headbutt","Fiend Fire","True Grit"],"special_seed":0,"relics":["Burning Blood","Anchor","Dodecahedron","Old Coin","Paper Frog"],"potions_floor_usage":[14],"damage_taken":[{"damage":1.0,"enemies":"Cultist","floor":1.0,"turns":3.0},{"damage":9.0,"enemies":"Jaw Worm","floor":2.0,"turns":3.0},{"damage":6.0,"enemies":"Small Slimes","floor":3.0,"turns":5.0},{"damage":12.0,"enemies":"Exordium Wildlife","floor":4.0,"turns":2.0},{"damage":7.0,"enemies":"3 Louse","floor":7.0,"turns":3.0},{"damage":21.0,"enemies":"Lagavulin","floor":8.0,"turns":9.0},{"damage":9.0,"enemies":"2 Fungi Beasts","floor":10.0,"turns":3.0},{"damage":27.0,"enemies":"Gremlin Nob","floor":12.0,"turns":4.0},{"damage":5.0,"enemies":"Gremlin Gang","floor":13.0,"turns":5.0},{"damage":30,"enemies":"Lagavulin","floor":14,"turns":4}],"seed_played":"7442276119608179004","potions_obtained":[{"floor":1.0,"key":"GamblersBrew"},{"floor":2.0,"key":"EssenceOfSteel"},{"floor":7.0,"key":"FearPotion"},{"floor":10.0,"key":"Swift Potion"},{"floor":13.0,"key":"Poison Potion"}],"is_trial":false,"path_per_floor":["M","M","M","M","$","R","M","E","T","M","R","E","M","E"],"character_chosen":"IRONCLAD","items_purchased":["Anchor","Armaments"],"campfire_rested":1,"item_purchase_floors":[5,5],"current_hp_per_floor":[55,52,52,46,46,46,45,30,30,27,49,28,29,0],"gold":532,"neow_bonus":"TWO_FIFTY_GOLD","is_prod":false,"is_daily":false,"chose_seed":false,"campfire_upgraded":1,"win_rate":0,"timestamp":1542179210,"path_taken":["M","M","M","M","$","R","M","E","T","M","R","E","M","E"],"build_version":"2018-11-13","purchased_purges":1,"victory":false,"max_hp_per_floor":[75,75,75,75,75,75,75,75,75,75,75,75,75,75],"card_choices":[{"not_picked":["Heavy Blade","Second Wind"],"picked":"Clothesline","floor":1.0},{"not_picked":["Pommel Strike","Perfected Strike"],"picked":"Spot Weakness","floor":2.0},{"not_picked":["Rampage","Carnage"],"picked":"Cleave","floor":3.0},{"not_picked":["Flex","Corruption"],"picked":"Sword Boomerang","floor":4.0},{"not_picked":["Pummel","Clash"],"picked":"Pommel Strike","floor":7.0},{"not_picked":["Armaments","True Grit"],"picked":"Inflame","floor":8.0},{"not_picked":["Infernal Blade","Iron Wave"],"picked":"Headbutt","floor":10.0},{"not_picked":["Headbutt","Perfected Strike"],"picked":"Fiend Fire","floor":12.0},{"not_picked":["Rupture","Burning Pact"],"picked":"True Grit","floor":13.0}],"player_experience":1081895,"relics_obtained":[{"floor":8.0,"key":"Dodecahedron"},{"floor":9.0,"key":"Old Coin"},{"floor":12.0,"key":"Paper Frog"}],"event_choices":[],"is_beta":true,"boss_relics":[],"items_purged_floors":[5],"is_endless":false,"potions_floor_spawned":[1,2,7,10,13],"killed_by":"Lagavulin","ascension_level":20}