{"gold_per_floor":[115,115,190,208,208,240,255,58,138,138,138,32,32,45,45,118,118,132,24,24,24,24,24,24,24,71,105,119,119,119,134,134,134],"floor_reached":33,"playtime":1977,"items_purged":["Strike_G"],"score":505,"play_id":"3e782fd9-79a1-4467-aedd-9754932f34c2","local_time":"20190514013617","is_ascension_mode":true,"campfire_choices":[{"data":"Dash","floor":10,"key":"SMITH"},{"data":"Neutralize","floor":13,"key":"SMITH"},{"data":"Footwork","floor":15,"key":"SMITH"},{"data":"Bouncing Flask","floor":23,"key":"SMITH"},{"data":"Unload","floor":32,"key":"SMITH"}],"neow_cost":"NONE","seed_source_timestamp":123427772884074,"circlet_count":0,"master_deck":["AscendersBane","Defend_G","Defend_G","Defend_G","Defend_G","Defend_G","Strike_G","Strike_G","Strike_G","Strike_G","Survivor","Neutralize+1","Slice","Poisoned Stab+1","Dagger Spray","Cloak And Dagger","Dash+1","Footwork+1","PiercingWail","Adrenaline","Unload+1","Bouncing Flask+1","Well Laid Plans","Ghostly","Ghostly","Ghostly","Skewer","Dash","Quick Slash+1"],"relics":["Ring of the Serpent","Regal Pillow","The Courier","Meat on the Bone","Bronze Scales","Question Card","Pantograph"],"potions_floor_usage":[0,6,16,16,27,33],"damage_taken":[{"damage":1,"enemies":"2 Louse","floor":1,"turns":3},{"damage":0,"enemies":"Small Slimes","floor":4,"turns":3},{"damage":31,"enemies":"Gremlin Nob","floor":6,"turns":4},{"damage":4,"enemies":"Jaw Worm","floor":7,"turns":3},{"damage":1,"enemies":"3 Louse","floor":14,"turns":3},{"damage":46,"enemies":"Slime Boss","floor":16,"turns":18},{"damage":22,"enemies":"Shell Parasite","floor":18,"turns":7},{"damage":19,"enemies":"Slavers","floor":27,"turns":5},{"damage":0,"enemies":"Chosen","floor":28,"turns":4},{"damage":11,"enemies":"Snecko","floor":31,"turns":6},{"damage":49,"enemies":"Champ","floor":33,"turns":13}],"seed_played":"-7307133809206605254","potions_obtained":[{"floor":0,"key":"FairyPotion"},{"floor":0,"key":"Fruit Juice"},{"floor":0,"key":"Regen Potion"},{"floor":6,"key":"Block Potion"},{"floor":16,"key":"SpeedPotion"},{"floor":27,"key":"GamblersBrew"}],"is_trial":false,"path_per_floor":["M","?","?","M","?","E","M","$","T","R","?","$","R","M","R","B",null,"M","$","?","$","?","R","?","$","T","E","M","?","T","M","R","B"],"character_chosen":"THE_SILENT","items_purchased":["Dash","GhostInAJar","Footwork","PiercingWail","Well Laid Plans","PowerPotion"],"campfire_rested":0,"item_purchase_floors":[8,8,12,12,19,19],"current_hp_per_floor":[63,45,34,34,34,17,13,13,13,13,36,36,36,47,47,13,57,47,47,47,47,35,35,35,35,35,28,28,21,21,22,22,0],"gold":134,"neow_bonus":"THREE_SMALL_POTIONS","is_prod":false,"is_daily":false,"chose_seed":false,"campfire_upgraded":5,"win_rate":0,"timestamp":1557790577,"path_taken":["M","?","?","M","?","E","M","$","T","R","?","$","R","M","R","BOSS","M","$","?","$","?","R","?","?","T","E","?","?","?","?","R","BOSS"],"build_version":"2019-05-07","purchased_purges":1,"victory":false,"max_hp_per_floor":[71,71,71,71,71,71,71,71,71,71,71,71,71,71,71,71,71,71,71,71,71,35,35,35,35,35,35,35,40,40,40,40,40],"card_choices":[{"not_picked":["Acrobatics","Flying Knee"],"picked":"Slice","floor":1},{"not_picked":["Sucker Punch","Cloak And Dagger"],"picked":"Poisoned Stab","floor":4},{"not_picked":["Envenom","Prepared"],"picked":"Dagger Spray","floor":6},{"not_picked":["Dagger Spray","Quick Slash"],"picked":"Cloak And Dagger","floor":7},{"not_picked":["PiercingWail","Backflip"],"picked":"Adrenaline","floor":14},{"not_picked":["Envenom","Phantasmal Killer"],"picked":"Unload","floor":16},{"not_picked":["Accuracy","Blur"],"picked":"Bouncing Flask","floor":18},{"not_picked":["Concentrate","Expertise"],"picked":"Skewer","floor":27},{"not_picked":["Dagger Spray","Choke","Eviscerate"],"picked":"Dash","floor":28},{"not_picked":["Deflect","Slice+1","PiercingWail"],"picked":"Quick Slash+1","floor":31}],"player_experience":580212,"relics_obtained":[{"floor":6,"key":"The Courier"},{"floor":9,"key":"Meat on the Bone"},{"floor":26,"key":"Bronze Scales"},{"floor":27,"key":"Question Card"},{"floor":30,"key":"Pantograph"}],"event_choices":[{"damage_healed":0,"gold_gain":0,"player_choice":"Success","damage_taken":18,"relics_obtained":["Regal Pillow"],"max_hp_gain":0,"max_hp_loss":0,"event_name":"Scrap Ooze","floor":2,"gold_loss":0},{"damage_healed":0,"gold_gain":75,"player_choice":"Gather Gold","damage_taken":11,"max_hp_gain":0,"max_hp_loss":0,"event_name":"World of Goop","floor":3,"gold_loss":0},{"damage_healed":0,"gold_gain":0,"player_choice":"Grow","damage_taken":0,"max_hp_gain":0,"max_hp_loss":0,"event_name":"Living Wall","floor":5,"gold_loss":0,"cards_upgraded":["Poisoned Stab"]},{"damage_healed":23,"gold_gain":0,"player_choice":"Banana","damage_taken":0,"max_hp_gain":0,"max_hp_loss":0,"event_name":"Big Fish","floor":11,"gold_loss":0},{"damage_healed":0,"gold_gain":0,"player_choice":"Ignored","damage_taken":0,"max_hp_gain":0,"max_hp_loss":0,"event_name":"The Mausoleum","floor":20,"gold_loss":0},{"damage_healed":0,"gold_gain":0,"player_choice":"Became a Ghost","damage_taken":0,"max_hp_gain":0,"max_hp_loss":36,"event_name":"Ghosts","floor":22,"gold_loss":0,"cards_obtained":["Ghostly","Ghostly","Ghostly"]},{"damage_healed":0,"gold_gain":0,"player_choice":"Ignored","damage_taken":0,"max_hp_gain":0,"max_hp_loss":0,"event_name":"Cursed Tome","floor":24,"gold_loss":0},{"damage_healed":0,"gold_gain":0,"player_choice":"Shed Blood","damage_taken":12,"max_hp_gain":5,"max_hp_loss":0,"event_name":"Forgotten Altar","floor":29,"gold_loss":0}],"is_beta":true,"boss_relics":[{"not_picked":["WristBlade","Ectoplasm"],"picked":"Ring of the Serpent"}],"items_purged_floors":[8],"is_endless":false,"potions_floor_spawned":[6,7,16,27,28],"killed_by":"Champ","ascension_level":19}