{"gold_per_floor":[114,114,124,138,19,52,71,71,143,143,163,163,179,179,179,272,272,291,291,311,311,23,23,23],"floor_reached":24,"playtime":2626,"items_purged":[],"score":392,"play_id":"3574a1c0-2b2c-41f9-b290-ada153442b81","local_time":"20190830154357","is_ascension_mode":true,"campfire_choices":[{"floor":8.0,"key":"REST"},{"data":"A Thousand Cuts","floor":12.0,"key":"SMITH"},{"data":"Well Laid Plans","floor":15.0,"key":"SMITH"},{"data":"Footwork","floor":23,"key":"SMITH"}],"neow_cost":"NONE","seed_source_timestamp":353839749772100,"circlet_count":0,"master_deck":["AscendersBane","Strike_G","Strike_G","Defend_G","Defend_G","Defend_G","Defend_G","Defend_G","Survivor","Neutralize+1","Cloak And Dagger","PiercingWail","A Thousand Cuts+1","Well Laid Plans+1","Slice","Dash","Footwork+1","Dodge and Roll","Storm of Steel","Blade Dance","Cloak And Dagger"],"special_seed":0,"relics":["Ring of the Snake","Torii","Singing Bowl","Bloody Idol","Empty Cage","Mummified Hand"],"potions_floor_usage":[24,24],"damage_taken":[{"damage":0.0,"enemies":"Jaw Worm","floor":1.0,"turns":5.0},{"damage":0.0,"enemies":"Cultist","floor":3.0,"turns":4.0},{"damage":0.0,"enemies":"2 Louse","floor":4.0,"turns":2.0},{"damage":43.0,"enemies":"3 Sentries","floor":6.0,"turns":15.0},{"damage":1.0,"enemies":"Red Slaver","floor":7.0,"turns":5.0},{"damage":3.0,"enemies":"Lots of Slimes","floor":11.0,"turns":5.0},{"damage":1.0,"enemies":"Exordium Wildlife","floor":13.0,"turns":7.0},{"damage":22.0,"enemies":"Slime Boss","floor":16.0,"turns":13.0},{"damage":1,"enemies":"Chosen","floor":18,"turns":7},{"damage":13,"enemies":"2 Thieves","floor":20,"turns":4},{"damage":43,"enemies":"Book of Stabbing","floor":24,"turns":7}],"seed_played":"-5346718123167464489","potions_obtained":[{"floor":11.0,"key":"SteroidPotion"},{"floor":13.0,"key":"Weak Potion"},{"floor":20,"key":"GamblersBrew"}],"is_trial":false,"path_per_floor":["M","?","M","M","$","E","M","R","T","?","M","R","M","?","R","B",null,"M","?","M","?","$","R","E"],"character_chosen":"THE_SILENT","items_purchased":["Well Laid Plans","Ancient Potion","Mummified Hand"],"campfire_rested":1,"item_purchase_floors":[5,5,22],"current_hp_per_floor":[59,59,59,59,59,16,15,34,34,34,31,31,30,30,30,8,47,46,46,43,43,43,43,0],"gold":23,"neow_bonus":"UPGRADE_CARD","is_prod":false,"is_daily":false,"chose_seed":false,"campfire_upgraded":3,"win_rate":0,"timestamp":1567194237,"path_taken":["M","?","M","?","?","E","M","R","T","?","M","R","M","?","R","BOSS","M","?","M","?","?","R","E"],"build_version":"2019-07-17","purchased_purges":0,"victory":false,"max_hp_per_floor":[66,66,66,66,66,66,66,66,66,66,66,66,66,60,60,60,60,60,60,60,60,60,60,60],"card_choices":[{"not_picked":["Acrobatics","Bane"],"picked":"Cloak And Dagger","floor":1.0},{"not_picked":["Backflip","Acrobatics"],"picked":"PiercingWail","floor":3.0},{"not_picked":["Deadly Poison","All Out Attack"],"picked":"A Thousand Cuts","floor":4.0},{"not_picked":["Reflex","Deadly Poison"],"picked":"Slice","floor":6.0},{"not_picked":["Underhanded Strike","Outmaneuver"],"picked":"Dash","floor":7.0},{"not_picked":["Caltrops","Slice"],"picked":"Footwork","floor":11.0},{"not_picked":["Distraction","Deadly Poison"],"picked":"Dodge and Roll","floor":13.0},{"not_picked":["Tools of the Trade","Glass Knife"],"picked":"Storm of Steel","floor":16.0},{"not_picked":["Poisoned Stab+1","Predator"],"picked":"Blade Dance","floor":18},{"not_picked":["Prepared","Blade Dance"],"picked":"Cloak And Dagger","floor":20}],"player_experience":754793,"relics_obtained":[{"floor":6.0,"key":"Torii"},{"floor":9.0,"key":"Singing Bowl"}],"event_choices":[{"cards_removed":["Strike_G"],"damage_healed":0.0,"max_hp_gain":0.0,"max_hp_loss":0.0,"gold_gain":0.0,"event_name":"Bonfire Elementals","player_choice":"Offered Basic","floor":2.0,"gold_loss":0.0,"damage_taken":0.0},{"damage_healed":0.0,"max_hp_gain":0.0,"max_hp_loss":0.0,"gold_gain":0.0,"event_name":"Liars Game","player_choice":"Ignored","floor":10.0,"gold_loss":0.0,"damage_taken":0.0},{"damage_healed":0.0,"max_hp_gain":0.0,"max_hp_loss":6.0,"gold_gain":0.0,"event_name":"Golden Idol","player_choice":"Lose Max HP","floor":14.0,"gold_loss":0.0,"damage_taken":0.0,"relics_obtained":["Golden Idol"]},{"damage_healed":0,"gold_gain":0,"player_choice":"Gave Idol","damage_taken":0,"relics_obtained":["Bloody Idol"],"max_hp_gain":0,"max_hp_loss":0,"event_name":"Forgotten Altar","floor":19,"relics_lost":["Golden Idol"],"gold_loss":0},{"damage_healed":0,"gold_gain":0,"player_choice":"Ignored","damage_taken":0,"max_hp_gain":0,"max_hp_loss":0,"event_name":"Vampires","floor":21,"gold_loss":0}],"is_beta":false,"boss_relics":[{"not_picked":["Runic Dome","HoveringKite"],"picked":"Empty Cage"}],"items_purged_floors":[],"is_endless":false,"potions_floor_spawned":[11,13,16,20],"killed_by":"Book of Stabbing","ascension_level":20}