{"gold_per_floor":[119,130,10,30,45,45,72,91,91,91,110,137,212,60,60,132,132,143,43,43,44,58,58,93,93,93,104,136,154,171,189,189,265,265,277,277,289,307,31,31,65,79,79,112,112,131,131,186,186,186],"floor_reached":51,"playtime":6028,"items_purged":["Strike_R","Strike_R","Strike_R"],"score":1357,"play_id":"f5c6cb7c-7fd4-4506-9fb5-ddc9b66c1c47","local_time":"20190808173104","is_ascension_mode":true,"campfire_choices":[{"data":"Armaments","floor":6.0,"key":"SMITH"},{"floor":10.0,"key":"DIG"},{"floor":15.0,"key":"REST"},{"floor":23.0,"key":"DIG"},{"floor":25.0,"key":"DIG"},{"floor":32.0,"key":"REST"},{"floor":40.0,"key":"DIG"},{"data":"Uppercut","floor":45.0,"key":"SMITH"},{"floor":49,"key":"REST"}],"neow_cost":"NONE","seed_source_timestamp":0,"circlet_count":0,"master_deck":["AscendersBane","Strike_R+1","Defend_R","Defend_R","Defend_R","Defend_R","Bash","Uppercut+1","Pommel Strike+1","Armaments+1","Cleave","Flame Barrier","Spot Weakness","Seeing Red","Heavy Blade","True Grit","Limit Break","Intimidate","Shrug It Off","Shrug It Off+1","Battle Trance","Reaper","Immolate","Shrug It Off+1","Body Slam+1","Cleave+1"],"special_seed":0,"relics":["Burning Blood","Lantern","Shovel","Singing Bowl","Orichalcum","Nunchaku","Vajra","Velvet Choker","Gremlin Horn","Shuriken","PreservedInsect","Paper Frog","Bottled Flame","Runic Pyramid","NlothsMask","Whetstone","Ginger","Unceasing Top","Gambling Chip","Mango"],"potions_floor_usage":[],"damage_taken":[{"damage":1.0,"enemies":"Cultist","floor":1.0,"turns":3.0},{"damage":7.0,"enemies":"Jaw Worm","floor":2.0,"turns":4.0},{"damage":0.0,"enemies":"Small Slimes","floor":4.0,"turns":3.0},{"damage":1.0,"enemies":"2 Fungi Beasts","floor":5.0,"turns":3.0},{"damage":32.0,"enemies":"Gremlin Nob","floor":7.0,"turns":4.0},{"damage":15.0,"enemies":"Exordium Thugs","floor":8.0,"turns":5.0},{"damage":0.0,"enemies":"Looter","floor":11.0,"turns":3.0},{"damage":22.0,"enemies":"3 Sentries","floor":12.0,"turns":7.0},{"damage":53.0,"enemies":"Slime Boss","floor":16.0,"turns":13.0},{"damage":19.0,"enemies":"Spheric Guardian","floor":18.0,"turns":4.0},{"damage":6.0,"enemies":"2 Thieves","floor":21.0,"turns":4.0},{"damage":10.0,"enemies":"Centurion and Healer","floor":22.0,"turns":5.0},{"damage":25.0,"enemies":"Slavers","floor":24.0,"turns":6.0},{"damage":26.0,"enemies":"Snake Plant","floor":27.0,"turns":5.0},{"damage":9.0,"enemies":"Book of Stabbing","floor":28.0,"turns":4.0},{"damage":5.0,"enemies":"Shelled Parasite and Fungi","floor":29.0,"turns":5.0},{"damage":4.0,"enemies":"Sentry and Sphere","floor":30.0,"turns":5.0},{"damage":13.0,"enemies":"Snake Plant","floor":31.0,"turns":4.0},{"damage":34.0,"enemies":"Champ","floor":33.0,"turns":13.0},{"damage":1.0,"enemies":"3 Darklings","floor":35.0,"turns":5.0},{"damage":5.0,"enemies":"3 Shapes","floor":37.0,"turns":4.0},{"damage":14.0,"enemies":"Transient","floor":38.0,"turns":5.0},{"damage":0.0,"enemies":"Reptomancer","floor":41.0,"turns":4.0},{"damage":2.0,"enemies":"3 Darklings","floor":42.0,"turns":4.0},{"damage":28.0,"enemies":"Nemesis","floor":44.0,"turns":5.0},{"damage":10.0,"enemies":"Jaw Worm Horde","floor":46.0,"turns":4.0},{"damage":37,"enemies":"2 Orb Walkers","floor":48,"turns":6},{"damage":107,"enemies":"Donu and Deca","floor":50,"turns":9}],"seed_played":"4054526581594504866","potions_obtained":[{"floor":1.0,"key":"SkillPotion"},{"floor":2.0,"key":"LiquidBronze"},{"floor":12.0,"key":"Regen Potion"},{"floor":16.0,"key":"BloodPotion"},{"floor":24.0,"key":"Fire Potion"},{"floor":28.0,"key":"SteroidPotion"},{"floor":42.0,"key":"Weak Potion"}],"is_trial":false,"path_per_floor":["M","M","$","M","M","R","E","M","T","R","M","E","?","$","R","B",null,"M","$","?","M","M","R","E","R","T","M","E","M","M","M","R","B",null,"M","?","M","M","$","R","E","M","T","E","R","M","?","?","R","B",null],"character_chosen":"IRONCLAD","items_purchased":["Armaments","Vajra","Whetstone"],"campfire_rested":3,"item_purchase_floors":[3,14,39],"current_hp_per_floor":[73,72,72,75,75,75,49,40,40,40,46,30,19,19,41,9,59,48,48,48,48,44,44,46,46,46,28,25,28,30,25,50,53,77,87,87,89,81,81,81,87,89,89,91,91,93,88,73,104,41],"gold":186,"neow_bonus":"RANDOM_COMMON_RELIC","is_prod":false,"is_daily":false,"chose_seed":false,"campfire_upgraded":2,"win_rate":0,"timestamp":1565299864,"path_taken":["M","M","$","M","M","R","E","M","T","R","?","E","?","$","R","BOSS","M","$","?","M","M","R","E","R","T","M","E","M","?","M","R","BOSS","M","?","M","?","$","R","E","M","T","E","R","M","?","?","R","BOSS"],"build_version":"2019-07-17","purchased_purges":3,"victory":true,"max_hp_per_floor":[75,75,75,75,75,75,75,75,75,75,75,75,75,75,75,75,75,77,77,77,77,77,77,79,79,79,81,81,83,83,85,85,85,85,87,87,89,89,89,89,89,89,89,91,91,93,88,104,104,104],"card_choices":[{"not_picked":["Hemokinesis","Thunderclap"],"picked":"Uppercut","floor":1.0},{"not_picked":["Shrug It Off","True Grit"],"picked":"Pommel Strike","floor":2.0},{"not_picked":["True Grit","Uppercut"],"picked":"Cleave","floor":4.0},{"not_picked":["Exhume","Flex"],"picked":"Flame Barrier","floor":5.0},{"not_picked":["Flex","Sword Boomerang"],"picked":"Spot Weakness","floor":7.0},{"not_picked":["Dual Wield","Entrench"],"picked":"Seeing Red","floor":8.0},{"not_picked":["Thunderclap","Iron Wave"],"picked":"Heavy Blade","floor":11.0},{"not_picked":["Power Through","Metallicize"],"picked":"True Grit","floor":12.0},{"not_picked":["Offering","Juggernaut"],"picked":"Limit Break","floor":16.0},{"not_picked":["Flex","Power Through","Cleave"],"picked":"Singing Bowl","floor":18.0},{"not_picked":["Iron Wave","Havoc"],"picked":"Shrug It Off","floor":21.0},{"not_picked":["Havoc","Iron Wave"],"picked":"Shrug It Off+1","floor":22.0},{"not_picked":["Anger","Warcry","Body Slam"],"picked":"Singing Bowl","floor":24.0},{"not_picked":["Havoc","Anger","Evolve"],"picked":"Singing Bowl","floor":27.0},{"not_picked":["Heavy Blade","Rupture"],"picked":"Battle Trance","floor":28.0},{"not_picked":["Evolve","Clash","Carnage"],"picked":"Singing Bowl","floor":29.0},{"not_picked":["Clothesline","Rupture"],"picked":"Reaper","floor":30.0},{"not_picked":["Twin Strike","Combust+1","Havoc"],"picked":"Singing Bowl","floor":31.0},{"not_picked":["Barricade","Berserk"],"picked":"Immolate","floor":33.0},{"not_picked":["Sever Soul","Ghostly Armor","Shrug It Off+1"],"picked":"Singing Bowl","floor":35.0},{"not_picked":["Perfected Strike","Heavy Blade","Bloodletting"],"picked":"Singing Bowl","floor":37.0},{"not_picked":["Feel No Pain","Sword Boomerang"],"picked":"Shrug It Off+1","floor":38.0},{"not_picked":["Bludgeon","Clash+1"],"picked":"Body Slam+1","floor":41.0},{"not_picked":["Infernal Blade","Metallicize"],"picked":"Cleave+1","floor":42.0},{"not_picked":["Whirlwind","Havoc","Flex"],"picked":"Singing Bowl","floor":44.0},{"not_picked":["Clash+1","Dropkick","Anger"],"picked":"Singing Bowl","floor":46.0},{"not_picked":["Clothesline","Power Through","Headbutt"],"picked":"Singing Bowl","floor":48}],"player_experience":707537,"relics_obtained":[{"floor":7.0,"key":"Shovel"},{"floor":9.0,"key":"Singing Bowl"},{"floor":10.0,"key":"Orichalcum"},{"floor":12.0,"key":"Nunchaku"},{"floor":23.0,"key":"Gremlin Horn"},{"floor":24.0,"key":"Shuriken"},{"floor":25.0,"key":"PreservedInsect"},{"floor":26.0,"key":"Paper Frog"},{"floor":28.0,"key":"Bottled Flame"},{"floor":40.0,"key":"Ginger"},{"floor":41.0,"key":"Unceasing Top"},{"floor":44.0,"key":"Gambling Chip"},{"floor":48,"key":"Mango"}],"event_choices":[{"damage_healed":0.0,"max_hp_gain":0.0,"max_hp_loss":0.0,"gold_gain":75.0,"event_name":"World of Goop","player_choice":"Gather Gold","floor":13.0,"gold_loss":0.0,"damage_taken":11.0},{"damage_healed":0.0,"max_hp_gain":0.0,"max_hp_loss":0.0,"gold_gain":0.0,"cards_transformed":["Strike_R"],"event_name":"Transmorgrifier","player_choice":"Transformed","floor":20.0,"gold_loss":0.0,"damage_taken":0.0,"cards_obtained":["Intimidate"]},{"damage_healed":0.0,"max_hp_gain":0.0,"max_hp_loss":0.0,"gold_gain":0.0,"event_name":"FaceTrader","player_choice":"Trade","floor":36.0,"gold_loss":0.0,"damage_taken":0.0,"relics_obtained":["NlothsMask"]},{"damage_healed":0.0,"max_hp_gain":0.0,"max_hp_loss":5.0,"gold_gain":0.0,"event_name":"Winding Halls","player_choice":"Max HP","floor":47.0,"gold_loss":0.0,"damage_taken":0.0},{"damage_healed":0,"gold_gain":0,"player_choice":"Fight","damage_taken":0,"max_hp_gain":0,"max_hp_loss":0,"event_name":"Mysterious Sphere","floor":48,"gold_loss":0}],"is_beta":false,"boss_relics":[{"not_picked":["White Beast Statue","Sozu"],"picked":"Velvet Choker"},{"not_picked":["Calling Bell","Pandora\u0027s Box"],"picked":"Runic Pyramid"}],"items_purged_floors":[3,19,39],"is_endless":false,"potions_floor_spawned":[1,2,12,16,18,24,28,30,31,35,42,44,48],"ascension_level":15}