{"gold_per_floor":[15,40,64,76,102,143,155,195,207,219,248,276,21,32,32,107,107,122,122,122,141,141,141,167,167,193,30,30,30,64,83,83,162,162,181,195,195,195,45,45,59,59,84,84,132,22,50,63,63,63],"floor_reached":50,"playtime":3302,"items_purged":[],"score":1032,"play_id":"05951507-c6a1-4afe-af45-2d8e981143c3","local_time":"20190814220543","is_ascension_mode":true,"campfire_choices":[{"data":"Body Slam","floor":7.0,"key":"SMITH"},{"data":"Bludgeon","floor":10.0,"key":"SMITH"},{"data":"Perfected Strike","floor":15.0,"key":"SMITH"},{"data":"Bludgeon","floor":23.0,"key":"SMITH"},{"data":"True Grit","floor":29.0,"key":"SMITH"},{"data":"True Grit","floor":32,"key":"SMITH"},{"data":"Madness","floor":40,"key":"SMITH"},{"data":"Madness","floor":42,"key":"SMITH"},{"data":"Perfected Strike","floor":44,"key":"SMITH"},{"data":"Bash","floor":49,"key":"SMITH"}],"neow_cost":"NO_GOLD","seed_source_timestamp":4480480210328200,"circlet_count":0,"master_deck":["AscendersBane","Strike_R+1","Strike_R+1","Strike_R+1","Strike_R+1","Strike_R+1","Defend_R+1","Defend_R+1","Defend_R+1","Bash+1","Perfected Strike+1","Warcry","Body Slam+1","Bludgeon+1","Perfected Strike+1","Shrug It Off","Perfected Strike+1","True Grit+1","Bludgeon+1","Flame Barrier","Writhe","True Grit+1","Shrug It Off","Wild Strike+1","Pommel Strike","Whirlwind+1","Madness+1","Madness+1","Metallicize","Disarm"],"special_seed":0,"relics":["Burning Blood","Incense Burner","MawBank","PreservedInsect","Thread and Needle","Singing Bowl","Membership Card","Busted Crown","Red Skull","MutagenicStrength","Smiling Mask","Blood Vial","Happy Flower","Whetstone","Peace Pipe","Eternal Feather","OrangePellets","Dream Catcher","Magic Flower","Toolbox","Juzu Bracelet"],"potions_floor_usage":[31,33,48],"damage_taken":[{"damage":6.0,"enemies":"Cultist","floor":1.0,"turns":3.0},{"damage":2.0,"enemies":"Jaw Worm","floor":3.0,"turns":4.0},{"damage":3.0,"enemies":"2 Louse","floor":5.0,"turns":3.0},{"damage":35.0,"enemies":"Lagavulin","floor":6.0,"turns":6.0},{"damage":30.0,"enemies":"3 Sentries","floor":8.0,"turns":7.0},{"damage":0.0,"enemies":"Large Slime","floor":11.0,"turns":2.0},{"damage":0.0,"enemies":"2 Fungi Beasts","floor":12.0,"turns":2.0},{"damage":2.0,"enemies":"Looter","floor":14.0,"turns":3.0},{"damage":16.0,"enemies":"The Guardian","floor":16.0,"turns":12.0},{"damage":11.0,"enemies":"Shell Parasite","floor":18.0,"turns":3.0},{"damage":0.0,"enemies":"Chosen","floor":21.0,"turns":3.0},{"damage":11.0,"enemies":"Slavers","floor":24.0,"turns":4.0},{"damage":10.0,"enemies":"Book of Stabbing","floor":30.0,"turns":3.0},{"damage":2,"enemies":"Snake Plant","floor":31,"turns":3},{"damage":57,"enemies":"Automaton","floor":33,"turns":10},{"damage":0,"enemies":"Orb Walker","floor":35,"turns":2},{"damage":1,"enemies":"3 Shapes","floor":36,"turns":4},{"damage":6,"enemies":"3 Darklings","floor":41,"turns":5},{"damage":23,"enemies":"2 Orb Walkers","floor":45,"turns":4},{"damage":22,"enemies":"Giant Head","floor":47,"turns":6},{"damage":23,"enemies":"4 Shapes","floor":48,"turns":7},{"damage":97,"enemies":"Time Eater","floor":50,"turns":11}],"seed_played":"4883659525910274058","potions_obtained":[{"floor":3.0,"key":"Energy Potion"},{"floor":5.0,"key":"Swift Potion"},{"floor":11.0,"key":"AttackPotion"},{"floor":24.0,"key":"LiquidBronze"},{"floor":30.0,"key":"SpeedPotion"},{"floor":31,"key":"GamblersBrew"},{"floor":36,"key":"BloodPotion"}],"is_trial":false,"path_per_floor":["M","T","M","?","M","E","R","E","T","R","M","M","$","M","R","B",null,"M","?","?","M","?","R","E","?","T","$","?","R","E","M","R","B",null,"M","M","?","?","$","R","M","R","T","R","?","$","E","M","R","B"],"character_chosen":"IRONCLAD","items_purchased":["Membership Card","Perfected Strike","True Grit","Happy Flower","Whetstone","Metallicize","OrangePellets","Toolbox"],"campfire_rested":0,"item_purchase_floors":[13,13,13,27,27,39,39,46],"current_hp_per_floor":[68,68,72,72,75,46,46,22,22,22,28,34,34,40,40,30,65,60,60,60,66,66,66,61,61,61,61,61,61,61,67,67,20,66,76,83,68,68,68,83,85,85,85,85,70,70,60,83,89,0],"gold":63,"neow_bonus":"ONE_RARE_RELIC","is_prod":false,"is_daily":false,"chose_seed":false,"campfire_upgraded":10,"win_rate":0,"timestamp":1565845543,"path_taken":["M","?","M","?","M","E","R","E","T","R","M","M","$","?","R","BOSS","M","?","?","M","?","R","E","?","T","$","?","R","E","M","R","BOSS","M","M","?","?","$","R","M","R","T","R","?","$","E","M","R","BOSS"],"build_version":"2019-07-18","purchased_purges":0,"victory":false,"max_hp_per_floor":[75,75,75,75,75,75,75,75,75,75,75,75,75,77,77,77,77,77,77,77,77,77,77,77,77,77,77,77,77,79,79,79,81,81,83,83,83,83,83,83,85,85,85,85,87,87,87,89,89,89],"card_choices":[{"not_picked":["Body Slam","Disarm"],"picked":"Perfected Strike","floor":1.0},{"not_picked":["Thunderclap","Shockwave"],"picked":"Warcry","floor":3.0},{"not_picked":["Carnage","Thunderclap"],"picked":"Flex","floor":5.0},{"not_picked":["Clash","Warcry"],"picked":"Body Slam","floor":6.0},{"not_picked":["True Grit","Spot Weakness"],"picked":"Bludgeon","floor":8.0},{"not_picked":["Pummel","Metallicize"],"picked":"Perfected Strike","floor":11.0},{"not_picked":["Anger","Warcry"],"picked":"Shrug It Off","floor":12.0},{"not_picked":["Havoc","Reckless Charge","Body Slam"],"picked":"Singing Bowl","floor":14.0},{"not_picked":["Reaper","Limit Break"],"picked":"Bludgeon","floor":16.0},{"not_picked":[],"picked":"Flame Barrier","floor":18.0},{"not_picked":[],"picked":"True Grit","floor":21.0},{"not_picked":[],"picked":"Wild Strike","floor":24.0},{"not_picked":["Sever Soul"],"picked":"Singing Bowl","floor":30.0},{"not_picked":[],"picked":"Pommel Strike","floor":31},{"not_picked":["Fiend Fire"],"picked":"Singing Bowl","floor":33},{"not_picked":["Searing Blow+1"],"picked":"Singing Bowl","floor":35},{"not_picked":[],"picked":"Whirlwind+1","floor":36},{"not_picked":["Thunderclap"],"picked":"Singing Bowl","floor":41},{"not_picked":["Wild Strike"],"picked":"Singing Bowl","floor":45},{"not_picked":[],"picked":"Disarm","floor":47},{"not_picked":["Warcry"],"picked":"Singing Bowl","floor":48}],"player_experience":3521591,"relics_obtained":[{"floor":2.0,"key":"MawBank"},{"floor":6.0,"key":"PreservedInsect"},{"floor":8.0,"key":"Thread and Needle"},{"floor":9.0,"key":"Singing Bowl"},{"floor":24.0,"key":"Smiling Mask"},{"floor":26.0,"key":"Blood Vial"},{"floor":30.0,"key":"Peace Pipe"},{"floor":43,"key":"Dream Catcher"},{"floor":45,"key":"Magic Flower"},{"floor":47,"key":"Juzu Bracelet"}],"event_choices":[{"cards_removed":["Defend_R"],"damage_healed":0.0,"max_hp_gain":0.0,"max_hp_loss":0.0,"gold_gain":0.0,"event_name":"Bonfire Elementals","player_choice":"Offered Basic","floor":4.0,"gold_loss":0.0,"damage_taken":0.0},{"damage_healed":0.0,"max_hp_gain":0.0,"max_hp_loss":0.0,"gold_gain":0.0,"event_name":"The Mausoleum","player_choice":"Opened","floor":19.0,"gold_loss":0.0,"damage_taken":0.0,"relics_obtained":["Red Skull"],"cards_obtained":["Writhe"]},{"damage_healed":0.0,"max_hp_gain":0.0,"max_hp_loss":0.0,"gold_gain":0.0,"event_name":"Drug Dealer","player_choice":"Inject Mutagens","floor":20.0,"gold_loss":0.0,"damage_taken":0.0,"relics_obtained":["MutagenicStrength"]},{"damage_healed":0.0,"max_hp_gain":0.0,"max_hp_loss":0.0,"gold_gain":0.0,"event_name":"The Library","player_choice":"Read","floor":22.0,"gold_loss":0.0,"damage_taken":0.0,"cards_obtained":["Shrug It Off"]},{"damage_healed":0.0,"max_hp_gain":0.0,"max_hp_loss":0.0,"gold_gain":0.0,"event_name":"Back to Basics","player_choice":"Simplicity","floor":25.0,"gold_loss":0.0,"damage_taken":0.0,"cards_upgraded":["Strike_R","Strike_R","Strike_R","Strike_R","Strike_R","Defend_R","Defend_R","Defend_R"]},{"damage_healed":0.0,"max_hp_gain":0.0,"max_hp_loss":0.0,"gold_gain":0.0,"event_name":"Vampires","player_choice":"Ignored","floor":28.0,"gold_loss":0.0,"damage_taken":0.0},{"damage_healed":0,"gold_gain":0,"player_choice":"Embrace Madness","damage_taken":15,"max_hp_gain":0,"max_hp_loss":0,"event_name":"Winding Halls","floor":37,"gold_loss":0,"cards_obtained":["Madness","Madness"]},{"cards_removed":["Flex"],"damage_healed":0,"gold_gain":0,"player_choice":"Removed Skill","damage_taken":0,"max_hp_gain":0,"max_hp_loss":0,"event_name":"Falling","floor":38,"gold_loss":0},{"damage_healed":0,"gold_gain":0,"player_choice":"Fight","damage_taken":0,"max_hp_gain":0,"max_hp_loss":0,"event_name":"Mysterious Sphere","floor":45,"gold_loss":0}],"is_beta":true,"boss_relics":[{"not_picked":["White Beast Statue","Empty Cage"],"picked":"Busted Crown"},{"not_picked":["Runic Cube","Tiny House"],"picked":"Eternal Feather"}],"items_purged_floors":[],"is_endless":false,"potions_floor_spawned":[3,5,11,24,30,31,36],"killed_by":"Time Eater","ascension_level":20}