{"gold_per_floor":[114,39,39,50,60,60,60,60,106,106,172,185,203,203],"floor_reached":14,"playtime":391,"items_purged":["Strike_R"],"score":180,"play_id":"942825b6-7b22-4174-8783-c9b841250026","local_time":"20181114220857","is_ascension_mode":true,"campfire_choices":[{"data":"Uppercut","floor":6,"key":"SMITH"},{"data":"Bash","floor":8,"key":"SMITH"},{"data":"Clothesline","floor":10,"key":"SMITH"}],"neow_cost":"NONE","seed_source_timestamp":4737931691550398,"circlet_count":0,"master_deck":["AscendersBane","Strike_R","Strike_R","Strike_R","Defend_R","Defend_R","Defend_R","Defend_R","Bash+1","Twin Strike","Uppercut+1","Clothesline+1","Twin Strike","Shrug It Off"],"relics":["Burning Blood","Bag of Marbles","Golden Idol","Oddly Smooth Stone","Tiny Chest"],"potions_floor_usage":[11,13,14],"damage_taken":[{"damage":1,"enemies":"Cultist","floor":1,"turns":4},{"damage":4,"enemies":"Jaw Worm","floor":4,"turns":4},{"damage":7,"enemies":"Small Slimes","floor":5,"turns":3},{"damage":35,"enemies":"3 Sentries","floor":11,"turns":7},{"damage":6,"enemies":"Blue Slaver","floor":12,"turns":2},{"damage":0,"enemies":"Gremlin Gang","floor":13,"turns":3},{"damage":33,"enemies":"Lagavulin","floor":14,"turns":6}],"seed_played":"8439890905270466394","potions_obtained":[{"floor":4,"key":"AttackPotion"},{"floor":11,"key":"Explosive Potion"},{"floor":13,"key":"Regen Potion"}],"is_trial":false,"path_per_floor":["M","$","?","M","M","R","?","R","T","R","E","M","M","E"],"character_chosen":"IRONCLAD","items_purchased":[],"campfire_rested":0,"item_purchase_floors":[],"current_hp_per_floor":[73,73,66,68,67,67,41,41,41,41,12,12,18,0],"gold":203,"neow_bonus":"RANDOM_COMMON_RELIC","is_prod":false,"is_daily":false,"chose_seed":false,"campfire_upgraded":3,"win_rate":0,"timestamp":1542262137,"path_taken":["M","$","?","M","M","R","?","R","T","R","E","M","M","E"],"build_version":"2018-11-13","purchased_purges":1,"victory":false,"max_hp_per_floor":[75,75,75,75,75,75,75,75,75,75,75,75,75,75],"card_choices":[{"not_picked":["Shockwave","Carnage"],"picked":"Twin Strike","floor":1},{"not_picked":["Hemokinesis","Sword Boomerang"],"picked":"Uppercut","floor":4},{"not_picked":["Flex","Shockwave"],"picked":"Clothesline","floor":5},{"not_picked":["Flex","Clothesline","Pommel Strike"],"picked":"SKIP","floor":11},{"not_picked":["Clash","Second Wind"],"picked":"Twin Strike","floor":12},{"not_picked":["Havoc","Evolve"],"picked":"Shrug It Off","floor":13}],"player_experience":1090514,"relics_obtained":[{"floor":9,"key":"Oddly Smooth Stone"},{"floor":11,"key":"Tiny Chest"}],"event_choices":[{"cards_removed":["Strike_R"],"damage_healed":0,"gold_gain":0,"player_choice":"Card Removal","damage_taken":7,"max_hp_gain":0,"max_hp_loss":0,"event_name":"Golden Wing","floor":3,"gold_loss":0},{"damage_healed":0,"gold_gain":0,"player_choice":"Take Damage","damage_taken":26,"relics_obtained":["Golden Idol"],"max_hp_gain":0,"max_hp_loss":0,"event_name":"Golden Idol","floor":7,"gold_loss":0}],"is_beta":true,"boss_relics":[],"items_purged_floors":[2],"is_endless":false,"potions_floor_spawned":[4,11,13],"killed_by":"Lagavulin","ascension_level":20}