{"gold_per_floor":[112,126,137,152,167,167,182,182,208,227,192,206,224,224,224,302,302,313,332,366,366,10,10,10],"floor_reached":24,"playtime":1335,"items_purged":[],"score":336,"play_id":"875a830a-f11f-4d8a-aef5-caa09af4c034","local_time":"20180714025555","is_ascension_mode":true,"campfire_choices":[{"floor":6,"key":"REST"},{"data":"Consume","floor":8,"key":"SMITH"},{"data":"Capacitor","floor":15,"key":"SMITH"},{"floor":23,"key":"REST"}],"neow_cost":"NONE","seed_source_timestamp":451239458146265,"circlet_count":0,"master_deck":["Strike_B+1","Strike_B+1","Strike_B+1","Strike_B+1","Defend_B+1","Defend_B+1","Defend_B+1","Defend_B+1","Zap","Dualcast+1","AscendersBane","Meteor Strike","Consume+1","Self Repair","Tempest","Capacitor+1","Hologram","Cold Snap+1","Glacier+1","Self Repair","Biased Cognition","Hologram+1"],"relics":["Cracked Core","Whetstone","Snecko Eye","Red Mask","ClockworkSouvenir","War Paint"],"potions_floor_usage":[4,5,16,20,20],"damage_taken":[{"damage":7,"enemies":"Small Slimes","floor":1,"turns":3},{"damage":2,"enemies":"2 Louse","floor":2,"turns":3},{"damage":15,"enemies":"Jaw Worm","floor":3,"turns":6},{"damage":17,"enemies":"Exordium Thugs","floor":4,"turns":5},{"damage":31,"enemies":"Lots of Slimes","floor":5,"turns":5},{"damage":19,"enemies":"Blue Slaver","floor":7,"turns":5},{"damage":12,"enemies":"2 Fungi Beasts","floor":10,"turns":5},{"damage":9,"enemies":"Large Slime","floor":12,"turns":7},{"damage":5,"enemies":"Exordium Wildlife","floor":13,"turns":4},{"damage":10,"enemies":"Hexaghost","floor":16,"turns":13},{"damage":34,"enemies":"2 Thieves","floor":18,"turns":3},{"damage":0,"enemies":"Shell Parasite","floor":19,"turns":5},{"damage":46,"floor":20,"turns":7},{"damage":53,"enemies":"Slavers","floor":24,"turns":3}],"seed_played":"5028101945322974132","potions_obtained":[{"floor":1,"key":"SpeedPotion"},{"floor":3,"key":"Fire Potion"},{"floor":4,"key":"Weak Potion"},{"floor":10,"key":"Energy Potion"},{"floor":18,"key":"Explosive Potion"}],"is_trial":false,"path_per_floor":["M","M","M","M","M","R","M","R","T","M","?","M","M","?","R","B",null,"M","M","?","?","$","R"],"character_chosen":"DEFECT","items_purchased":["ClockworkSouvenir","War Paint"],"campfire_rested":2,"item_purchase_floors":[22,22],"current_hp_per_floor":[57,55,47,37,13,34,22,22,22,17,34,25,27,71,71,71,71,44,58,26,26,26,47,0],"gold":10,"neow_bonus":"ONE_RANDOM_RARE_CARD","is_prod":false,"is_daily":false,"chose_seed":false,"campfire_upgraded":2,"win_rate":0,"timestamp":1531562155,"path_taken":["M","M","M","M","M","R","M","R","T","M","?","M","M","?","R","BOSS","M","M","?","?","$","R","E"],"build_version":"2018-07-13","purchased_purges":0,"victory":false,"max_hp_per_floor":[71,71,71,71,71,71,71,71,71,71,71,71,71,71,71,71,71,71,71,71,71,71,71,71],"card_choices":[{"not_picked":["Steam","Redo"],"picked":"Consume","floor":1},{"not_picked":["Doom and Gloom","Beam Cell"],"picked":"Self Repair","floor":2},{"not_picked":["Darkness","BootSequence"],"picked":"Tempest","floor":3},{"not_picked":["Chaos","Hello World"],"picked":"Capacitor","floor":4},{"not_picked":["Barrage","Redo"],"picked":"Hologram","floor":5},{"not_picked":["Barrage","Hologram"],"picked":"Cold Snap","floor":7},{"not_picked":["Go for the Eyes","Turbo","Lockon"],"picked":"SKIP","floor":10},{"not_picked":["Streamline","Amplify"],"picked":"Glacier","floor":12},{"not_picked":["Reprogram","Gash"],"picked":"Self Repair","floor":13},{"not_picked":["Machine Learning","All For One"],"picked":"Biased Cognition","floor":16},{"not_picked":["Compile Driver","Beam Cell"],"picked":"Hologram+1","floor":18},{"not_picked":["Conserve Battery","Lockon+1","Barrage+1"],"picked":"SKIP","floor":19}],"player_experience":835906,"relics_obtained":[{"floor":9,"key":"Whetstone"},{"floor":20,"key":"Red Mask"}],"event_choices":[{"event_name":"The Cleric","player_choice":"Healed","floor":11,"damage_taken":0},{"event_name":"Wheel of Change","player_choice":"Full Heal","floor":14,"damage_taken":0},{"event_name":"Masked Bandits","player_choice":"Fought over 332 gold","floor":20,"damage_taken":0},{"event_name":"Back to Basics","player_choice":"Simplicity","floor":21,"damage_taken":0}],"boss_relics":[{"not_picked":["Ectoplasm","Eternal Feather"],"picked":"Snecko Eye"}],"items_purged_floors":[],"is_endless":false,"potions_floor_spawned":[1,3,4,10,13,18],"killed_by":"Slavers","ascension_level":15}