{"gold_per_floor":[114,114,132,144,16,16,47,47,47,47,47,322,322,342,342,342],"floor_reached":16,"playtime":779,"items_purged":[],"score":196,"play_id":"ad029b5f-fc5b-4d3e-b834-4e36cdf73225","local_time":"20190725023002","is_ascension_mode":true,"campfire_choices":[{"data":"All Out Attack","floor":6.0,"key":"SMITH"},{"data":"Concentrate","floor":8.0,"key":"SMITH"},{"data":"Prepared","floor":11.0,"key":"SMITH"},{"data":"Neutralize","floor":13.0,"key":"SMITH"},{"data":"Regret","floor":15.0,"key":"PURGE"}],"neow_cost":"NONE","seed_source_timestamp":2684411845435400,"circlet_count":0,"master_deck":["AscendersBane","Strike_G","Strike_G","Strike_G","Strike_G","Defend_G","Defend_G","Defend_G","Defend_G","Defend_G","Survivor","Neutralize+1","Tactician","Riddle With Holes","Backflip","All Out Attack+1","Prepared+1","Concentrate+1","Dagger Throw"],"special_seed":0,"relics":["Ring of the Snake","Lantern","Peace Pipe","Matryoshka"],"potions_floor_usage":[16,16],"damage_taken":[{"damage":4.0,"enemies":"Cultist","floor":1.0,"turns":5.0},{"damage":4.0,"enemies":"Small Slimes","floor":3.0,"turns":5.0},{"damage":0.0,"enemies":"2 Louse","floor":4.0,"turns":2.0},{"damage":22.0,"enemies":"3 Sentries","floor":7.0,"turns":7.0},{"damage":0.0,"enemies":"Looter","floor":14.0,"turns":3.0},{"damage":40,"enemies":"Hexaghost","floor":16,"turns":14}],"seed_played":"4463073484892102555","potions_obtained":[{"floor":4.0,"key":"Dexterity Potion"},{"floor":7.0,"key":"SkillPotion"}],"is_trial":false,"path_per_floor":["M","?","M","M","$","R","E","R","T","$","R","?","R","M","R","B"],"character_chosen":"THE_SILENT","items_purchased":["All Out Attack","Prepared"],"campfire_rested":0,"item_purchase_floors":[5,5],"current_hp_per_floor":[55,55,51,51,51,51,29,29,29,29,29,29,29,29,29,0],"gold":342,"neow_bonus":"RANDOM_COMMON_RELIC","is_prod":false,"is_daily":false,"chose_seed":false,"campfire_upgraded":4,"win_rate":0,"timestamp":1564047002,"path_taken":["M","?","M","M","?","R","E","R","T","$","R","?","R","?","R","BOSS"],"build_version":"2019-07-18","purchased_purges":0,"victory":false,"max_hp_per_floor":[66,66,66,66,66,66,66,66,66,66,66,66,66,66,66,66],"card_choices":[{"not_picked":["Underhanded Strike","Accuracy"],"picked":"Tactician","floor":1.0},{"not_picked":["Setup","PiercingWail"],"picked":"Riddle With Holes","floor":3.0},{"not_picked":["Deflect","Terror"],"picked":"Backflip","floor":4.0},{"not_picked":["Cloak And Dagger","Dodge and Roll"],"picked":"Concentrate","floor":7.0},{"not_picked":["Predator","Dash"],"picked":"Dagger Throw","floor":14.0}],"player_experience":3484289,"relics_obtained":[{"floor":7.0,"key":"Peace Pipe"},{"floor":9.0,"key":"Matryoshka"}],"event_choices":[{"cards_removed":["Strike_G"],"damage_healed":0.0,"max_hp_gain":0.0,"max_hp_loss":0.0,"gold_gain":0.0,"event_name":"Purifier","player_choice":"Purged","floor":2.0,"gold_loss":0.0,"damage_taken":0.0},{"damage_healed":0.0,"max_hp_gain":0.0,"max_hp_loss":0.0,"gold_gain":275.0,"event_name":"Golden Shrine","player_choice":"Desecrate","floor":12.0,"gold_loss":0.0,"damage_taken":0.0,"cards_obtained":["Regret"]}],"is_beta":true,"boss_relics":[],"items_purged_floors":[],"is_endless":false,"potions_floor_spawned":[4,7,14],"killed_by":"Hexaghost","ascension_level":20}