{"gold_per_floor":[112,130,142,155,170,180,180,180,203,82,99,117,79,90,90,186,186,205,222,238,12,87,87,99,112,112,112,0,0,16,16],"floor_reached":31,"playtime":1926,"items_purged":["Strike_R","Defend_R"],"score":285,"play_id":"9259a44a-4a28-418a-a7ee-fa70b4e85606","local_time":"20190413161020","is_ascension_mode":false,"campfire_choices":[{"data":"Whirlwind","floor":8.0,"key":"SMITH"},{"data":"True Grit","floor":15.0,"key":"SMITH"},{"data":"Limit Break","floor":23.0,"key":"SMITH"},{"data":"Body Slam","floor":29,"key":"SMITH"}],"neow_cost":"NONE","seed_source_timestamp":3067190718527900,"circlet_count":0,"master_deck":["Strike_R","Strike_R","Strike_R","Strike_R","Defend_R","Defend_R","Defend_R","Bash","Inflame","Spot Weakness","Shrug It Off","Clash","Whirlwind+1","True Grit+1","Inflame","Seeing Red","Ghostly Armor","Exhume","Limit Break+1","Twin Strike","Iron Wave","Corruption","Good Instincts","True Grit+1","Body Slam+1","Intimidate"],"special_seed":0,"relics":["Eternal Feather"],"potions_floor_usage":[24,25],"damage_taken":[{"damage":1.0,"enemies":"2 Louse","floor":1.0,"turns":3.0},{"damage":2.0,"enemies":"Small Slimes","floor":2.0,"turns":3.0},{"damage":6.0,"enemies":"Cultist","floor":3.0,"turns":3.0},{"damage":23.0,"enemies":"Exordium Thugs","floor":4.0,"turns":5.0},{"damage":4.0,"enemies":"2 Fungi Beasts","floor":5.0,"turns":4.0},{"damage":0.0,"enemies":"Blue Slaver","floor":6.0,"turns":3.0},{"damage":17.0,"enemies":"Exordium Thugs","floor":11.0,"turns":4.0},{"damage":4.0,"enemies":"Red Slaver","floor":12.0,"turns":5.0},{"damage":4.0,"enemies":"Blue Slaver","floor":14.0,"turns":3.0},{"damage":0.0,"enemies":"Slime Boss","floor":16.0,"turns":7.0},{"damage":10.0,"enemies":"Chosen","floor":18.0,"turns":4.0},{"damage":0.0,"enemies":"3 Byrds","floor":19.0,"turns":3.0},{"damage":28.0,"enemies":"Snake Plant","floor":20.0,"turns":6.0},{"damage":17,"enemies":"Cultist and Chosen","floor":24,"turns":8},{"damage":8,"enemies":"Centurion and Healer","floor":25,"turns":5},{"damage":35,"enemies":"Snecko","floor":30,"turns":7},{"damage":3,"enemies":"Shelled Parasite and Fungi","floor":31,"turns":1}],"seed_played":"50635804541800661","potions_obtained":[{"floor":1.0,"key":"FearPotion"},{"floor":2.0,"key":"PowerPotion"},{"floor":3.0,"key":"Energy Potion"},{"floor":4.0,"key":"Ancient Potion"},{"floor":14.0,"key":"FearPotion"},{"floor":16.0,"key":"FearPotion"},{"floor":18.0,"key":"Strength Potion"},{"floor":19.0,"key":"SteroidPotion"}],"is_trial":false,"path_per_floor":["M","M","M","M","M","M","?","R","T","$","M","M","$","M","R","B",null,"M","M","M","$","?","R","M","M","T","?","?","R","M","M"],"character_chosen":"IRONCLAD","items_purchased":["True Grit","Ghostly Armor","Corruption","Good Instincts"],"campfire_rested":0,"item_purchase_floors":[10,13,21,21],"current_hp_per_floor":[79,77,71,48,44,44,44,53,53,53,36,32,32,28,37,37,80,70,70,42,42,34,46,29,21,21,21,21,36,1,0],"gold":16,"neow_bonus":"BOSS_RELIC","is_prod":false,"is_daily":false,"chose_seed":false,"campfire_upgraded":4,"win_rate":0,"timestamp":1555197020,"path_taken":["M","M","M","M","M","M","?","R","T","$","M","M","$","M","R","BOSS","M","M","M","$","?","R","?","M","T","?","?","R","M","M"],"build_version":"2019-04-04","purchased_purges":2,"victory":false,"max_hp_per_floor":[80,80,80,80,80,80,80,80,80,80,80,80,80,80,80,80,80,80,80,80,80,80,80,80,80,80,80,80,80,80,80],"card_choices":[{"not_picked":["Disarm","Headbutt","Twin Strike"],"picked":"SKIP","floor":1.0},{"not_picked":["Flex","Barricade"],"picked":"Inflame","floor":2.0},{"not_picked":["Inflame","Twin Strike"],"picked":"Spot Weakness","floor":3.0},{"not_picked":["Pommel Strike","Entrench"],"picked":"Shrug It Off","floor":4.0},{"not_picked":["Uppercut","Feel No Pain"],"picked":"Clash","floor":5.0},{"not_picked":["Dual Wield","Perfected Strike"],"picked":"Whirlwind","floor":6.0},{"not_picked":["Warcry","Dropkick"],"picked":"Inflame","floor":11.0},{"not_picked":["Clash","Wild Strike"],"picked":"Seeing Red","floor":12.0},{"not_picked":["Sword Boomerang","Ghostly Armor"],"picked":"Exhume","floor":14.0},{"not_picked":["Barricade","Exhume"],"picked":"Limit Break","floor":16.0},{"not_picked":["Bloodletting","Flame Barrier"],"picked":"Twin Strike","floor":18.0},{"not_picked":["Pommel Strike","Warcry"],"picked":"Iron Wave","floor":19.0},{"not_picked":["Iron Wave","Rampage","Sword Boomerang"],"picked":"SKIP","floor":20.0},{"not_picked":["Perfected Strike+1","Pommel Strike"],"picked":"True Grit+1","floor":24},{"not_picked":["Inflame","Uppercut"],"picked":"Body Slam","floor":25},{"not_picked":["Ghostly Armor","Sentinel"],"picked":"Intimidate","floor":30}],"player_experience":3402853,"relics_obtained":[],"event_choices":[{"damage_healed":0.0,"max_hp_gain":0.0,"max_hp_loss":0.0,"gold_gain":0.0,"event_name":"Dead Adventurer","player_choice":"Searched \u00270\u0027 times","floor":7.0,"gold_loss":0.0,"damage_taken":0.0},{"damage_healed":0.0,"max_hp_gain":0.0,"max_hp_loss":0.0,"gold_gain":75.0,"event_name":"FaceTrader","player_choice":"Touch","floor":22.0,"gold_loss":0.0,"damage_taken":8.0},{"damage_healed":0,"gold_gain":0,"player_choice":"Paid Fearfully","damage_taken":0,"max_hp_gain":0,"max_hp_loss":0,"event_name":"Masked Bandits","floor":28,"gold_loss":112}],"is_beta":true,"boss_relics":[{"not_picked":["Tiny House","Astrolabe","Cursed Key"]}],"items_purged_floors":[10,21],"is_endless":false,"potions_floor_spawned":[1,2,3,4,14,16,18,19],"killed_by":"Shelled Parasite and Fungi","ascension_level":0}