{"gold_per_floor":[112,131,146,146,161,197,197,272,295,295,314,383,49,65,65,191,191,211,54,179,179,179,179,215,236,261,261,261,261,27,47,47,47],"floor_reached":33,"playtime":1660,"items_purged":[],"score":263,"play_id":"8dba13f7-8328-4c1d-b1e9-1179a1da51d3","local_time":"20190421201426","is_ascension_mode":false,"campfire_choices":[{"data":"Body Slam","floor":7,"key":"SMITH"},{"data":"Wild Strike","floor":10,"key":"SMITH"},{"data":"Bash","floor":15,"key":"SMITH"},{"data":"Cleave","floor":23,"key":"SMITH"},{"data":"Shrug It Off","floor":27,"key":"SMITH"},{"data":"True Grit","floor":32,"key":"SMITH"}],"neow_cost":"NONE","seed_source_timestamp":3773385597836300,"circlet_count":0,"master_deck":["Strike_R+1","Strike_R+1","Strike_R+1","Strike_R+1","Defend_R+1","Defend_R+1","Defend_R+1","Defend_R+1","Bash+1","Cleave+1","Shrug It Off+1","Wild Strike+1","Body Slam+1","Shrug It Off","Iron Wave","Pommel Strike+1","Headbutt","True Grit+1","Wild Strike"],"relics":["Burning Blood","Juzu Bracelet","Golden Idol","PreservedInsect","Potion Belt","Boot","Meat on the Bone","Sozu","Bag of Preparation","WingedGreaves","Dodecahedron","Smiling Mask","Bag of Marbles","MutagenicStrength","HandDrill"],"potions_floor_usage":[12,16],"damage_taken":[{"damage":7,"enemies":"2 Louse","floor":1,"turns":3},{"damage":0,"enemies":"Small Slimes","floor":2,"turns":3},{"damage":15,"enemies":"Jaw Worm","floor":3,"turns":4},{"damage":7,"enemies":"Looter","floor":5,"turns":3},{"damage":27,"enemies":"Gremlin Nob","floor":6,"turns":4},{"damage":8,"enemies":"Lots of Slimes","floor":11,"turns":2},{"damage":11,"enemies":"Lagavulin Event","floor":12,"turns":3},{"damage":5,"enemies":"Large Slime","floor":14,"turns":5},{"damage":36,"enemies":"The Guardian","floor":16,"turns":11},{"damage":16,"enemies":"Spheric Guardian","floor":18,"turns":4},{"damage":12,"enemies":"Colosseum Slavers","floor":20,"turns":5},{"damage":4,"enemies":"Colosseum Nobs","floor":20,"turns":4},{"damage":3,"enemies":"Gremlin Leader","floor":24,"turns":4},{"damage":0,"enemies":"Chosen","floor":25,"turns":3},{"damage":0,"enemies":"Snecko","floor":31,"turns":3},{"damage":77,"enemies":"Collector","floor":33,"turns":7}],"seed_played":"2723409318838319186","potions_obtained":[{"floor":11,"key":"Fire Potion"},{"floor":14,"key":"Strength Potion"},{"floor":16,"key":"BloodPotion"}],"is_trial":false,"path_per_floor":["M","M","M","?","M","E","R","?","T","R","M","?","$","M","R","B",null,"M","$","?","?","?","R","E","M","T","R","?","?","$","M","R","B"],"character_chosen":"IRONCLAD","items_purchased":["Meat on the Bone","Shrug It Off","Iron Wave","Bag of Preparation","HandDrill","True Grit"],"campfire_rested":0,"item_purchase_floors":[13,13,13,19,30,30],"current_hp_per_floor":[79,80,71,71,70,49,49,38,38,38,36,31,31,44,44,26,74,64,64,60,60,60,60,63,69,69,69,69,69,69,74,74,0],"gold":47,"neow_bonus":"RANDOM_COMMON_RELIC","is_prod":false,"is_daily":false,"chose_seed":false,"campfire_upgraded":6,"win_rate":0,"timestamp":1555902866,"path_taken":["M","M","M","?","M","E","R","?","T","R","M","?","?","M","R","BOSS","M","$","?","?","?","R","E","M","T","R","?","?","$","M","R","BOSS"],"build_version":"2019-04-21","purchased_purges":0,"victory":false,"max_hp_per_floor":[80,80,80,74,74,74,74,74,74,74,74,74,74,74,74,74,74,74,74,74,74,74,74,74,74,74,74,74,74,74,74,74,74],"card_choices":[{"not_picked":["Havoc","Clash"],"picked":"Cleave","floor":1},{"not_picked":["Uppercut","Hemokinesis"],"picked":"Shrug It Off","floor":2},{"not_picked":["Entrench","Reckless Charge"],"picked":"Wild Strike","floor":3},{"not_picked":["Evolve","Second Wind"],"picked":"Body Slam","floor":5},{"not_picked":["Blood for Blood","Seeing Red","Flex"],"picked":"SKIP","floor":6},{"not_picked":["Blood for Blood","Heavy Blade","Havoc"],"picked":"SKIP","floor":11},{"not_picked":["Combust","Barricade"],"picked":"Pommel Strike","floor":14},{"not_picked":["Inflame","Havoc","Corruption"],"picked":"SKIP","floor":18},{"not_picked":["Iron Wave","Rupture+1","Sword Boomerang+1"],"picked":"SKIP","floor":24},{"not_picked":["Searing Blow","Havoc"],"picked":"Headbutt","floor":25},{"not_picked":["Disarm","True Grit"],"picked":"Wild Strike","floor":31}],"player_experience":3419893,"relics_obtained":[{"floor":6,"key":"PreservedInsect"},{"floor":9,"key":"Potion Belt"},{"floor":20,"key":"WingedGreaves"},{"floor":20,"key":"Dodecahedron"},{"floor":24,"key":"Smiling Mask"},{"floor":26,"key":"Bag of Marbles"}],"event_choices":[{"damage_healed":0,"gold_gain":0,"player_choice":"Lose Max HP","damage_taken":0,"relics_obtained":["Golden Idol"],"max_hp_gain":0,"max_hp_loss":6,"event_name":"Golden Idol","floor":4,"gold_loss":0},{"damage_healed":0,"gold_gain":75,"player_choice":"Gather Gold","damage_taken":11,"max_hp_gain":0,"max_hp_loss":0,"event_name":"World of Goop","floor":8,"gold_loss":0},{"damage_healed":0,"gold_gain":0,"player_choice":"Searched \u00273\u0027 times","damage_taken":0,"relics_obtained":["Boot"],"max_hp_gain":0,"max_hp_loss":0,"event_name":"Dead Adventurer","floor":12,"gold_loss":0},{"damage_healed":0,"gold_gain":0,"player_choice":"Fight","damage_taken":0,"max_hp_gain":0,"max_hp_loss":0,"event_name":"Colosseum","floor":20,"gold_loss":0},{"damage_healed":0,"gold_gain":0,"player_choice":"Fought Nobs","damage_taken":0,"max_hp_gain":0,"max_hp_loss":0,"event_name":"Colosseum","floor":20,"gold_loss":0},{"damage_healed":0,"gold_gain":0,"player_choice":"Simplicity","damage_taken":0,"max_hp_gain":0,"max_hp_loss":0,"event_name":"Back to Basics","floor":21,"gold_loss":0,"cards_upgraded":["Strike_R","Strike_R","Strike_R","Strike_R","Strike_R","Defend_R","Defend_R","Defend_R","Defend_R"]},{"damage_healed":0,"gold_gain":0,"player_choice":"Upgraded","damage_taken":0,"max_hp_gain":0,"max_hp_loss":0,"event_name":"Upgrade Shrine","floor":22,"gold_loss":0,"cards_upgraded":["Pommel Strike"]},{"damage_healed":0,"gold_gain":0,"player_choice":"Inject Mutagens","damage_taken":0,"relics_obtained":["MutagenicStrength"],"max_hp_gain":0,"max_hp_loss":0,"event_name":"Drug Dealer","floor":28,"gold_loss":0},{"cards_removed":["Strike_R"],"damage_healed":0,"gold_gain":0,"player_choice":"Purged","damage_taken":0,"max_hp_gain":0,"max_hp_loss":0,"event_name":"Purifier","floor":29,"gold_loss":0}],"is_beta":true,"boss_relics":[{"not_picked":["Calling Bell","Pandora\u0027s Box"],"picked":"Sozu"}],"items_purged_floors":[],"is_endless":false,"potions_floor_spawned":[11,14,16,20,31],"killed_by":"Collector","ascension_level":0}