{"gold_per_floor":[115,134,134,2,15,40,40,70,124,124,141,10,29,29],"floor_reached":14,"playtime":694,"items_purged":["Strike_R"],"score":200,"play_id":"14f9bc2a-07a4-4660-af49-547ee985e62d","local_time":"20190424000404","is_ascension_mode":true,"campfire_choices":[{"data":"Iron Wave","floor":7,"key":"SMITH"}],"neow_cost":"NONE","seed_source_timestamp":285763824326508,"circlet_count":0,"master_deck":["AscendersBane","Strike_R","Strike_R","Strike_R","Strike_R","Defend_R","Defend_R","Defend_R","Defend_R","Bash+1","Inflame","Iron Wave+1","Corruption","Twin Strike","Sword Boomerang+1","Disarm","Iron Wave+1","Clothesline+1"],"relics":["Burning Blood","Molten Egg 2","Happy Flower","Oddly Smooth Stone"],"potions_floor_usage":[6,6,14],"damage_taken":[{"damage":11,"enemies":"Jaw Worm","floor":1,"turns":6},{"damage":9,"enemies":"Small Slimes","floor":2,"turns":4},{"damage":1,"enemies":"Cultist","floor":5,"turns":3},{"damage":25,"enemies":"Gremlin Nob","floor":6,"turns":4},{"damage":50,"enemies":"3 Sentries","floor":8,"turns":10},{"damage":3,"enemies":"Looter","floor":11,"turns":3},{"damage":16,"enemies":"3 Louse","floor":13,"turns":3},{"damage":8,"enemies":"Lots of Slimes","floor":14,"turns":2}],"seed_played":"-2087454880751606772","potions_obtained":[{"floor":1,"key":"Ancient Potion"},{"floor":2,"key":"EssenceOfSteel"},{"floor":8,"key":"Ancient Potion"}],"is_trial":false,"path_per_floor":["M","M","?","$","M","E","R","E","T","?","M","$","M","M"],"character_chosen":"IRONCLAD","items_purchased":["Corruption","Fire Potion","SteroidPotion"],"campfire_rested":0,"item_purchase_floors":[4,4,12],"current_hp_per_floor":[70,67,72,72,77,58,58,14,14,14,17,17,7,0],"gold":29,"neow_bonus":"TEN_PERCENT_HP_BONUS","is_prod":false,"is_daily":false,"chose_seed":false,"campfire_upgraded":1,"win_rate":0,"timestamp":1556057044,"path_taken":["M","M","?","?","M","E","R","E","T","?","M","$","M","?"],"build_version":"2019-04-21","purchased_purges":1,"victory":false,"max_hp_per_floor":[82,82,87,87,87,87,87,87,87,87,87,87,87,87],"card_choices":[{"not_picked":["Intimidate","Rage"],"picked":"Inflame","floor":1},{"not_picked":["Havoc","Inflame"],"picked":"Iron Wave","floor":2},{"not_picked":["Carnage","Perfected Strike"],"picked":"Twin Strike","floor":5},{"not_picked":["Infernal Blade","Double Tap"],"picked":"Sword Boomerang","floor":6},{"not_picked":["Headbutt+1","Fiend Fire+1"],"picked":"Disarm","floor":8},{"not_picked":["Sword Boomerang+1","Twin Strike+1"],"picked":"Iron Wave+1","floor":11},{"not_picked":["Pommel Strike+1","Second Wind"],"picked":"Clothesline+1","floor":13}],"player_experience":488275,"relics_obtained":[{"floor":6,"key":"Molten Egg 2"},{"floor":8,"key":"Happy Flower"},{"floor":9,"key":"Oddly Smooth Stone"}],"event_choices":[{"damage_healed":0,"gold_gain":0,"player_choice":"Donut","damage_taken":0,"max_hp_gain":5,"max_hp_loss":0,"event_name":"Big Fish","floor":3,"gold_loss":0},{"damage_healed":0,"gold_gain":0,"player_choice":"Grow","damage_taken":0,"max_hp_gain":0,"max_hp_loss":0,"event_name":"Living Wall","floor":10,"gold_loss":0,"cards_upgraded":["Bash"]}],"is_beta":true,"boss_relics":[],"items_purged_floors":[12],"is_endless":false,"potions_floor_spawned":[1,2,8],"killed_by":"Lots of Slimes","ascension_level":20}