{"gold_per_floor":[361,361,436,454,68,78,78,107,183,183,199,212,212,212,212,311,311,327,344,26,45,225,225,242,242,268,303,333,345,376,416,428,539,551,581,504,1503,1178,1196,1196,1196,1196,1196,1196],"floor_reached":44,"playtime":2171,"items_purged":["Strike_B","Strike_B","Normality"],"score":608,"play_id":"3f4f0b19-4d1a-4212-b8f4-e237823a1d6d","local_time":"20190405052254","is_ascension_mode":true,"campfire_choices":[{"data":"Zap","floor":7,"key":"SMITH"},{"floor":10,"key":"REST"},{"data":"Darkness","floor":13,"key":"SMITH"},{"data":"Conserve Battery","floor":15,"key":"SMITH"},{"floor":23,"key":"REST"},{"floor":25,"key":"REST"},{"floor":29,"key":"REST"},{"floor":32,"key":"REST"},{"floor":40,"key":"DIG"},{"floor":42,"key":"DIG"}],"neow_cost":"PERCENT_DAMAGE","seed_source_timestamp":191852834694258,"circlet_count":0,"master_deck":["Strike_B+1","Strike_B+1","Defend_B","Defend_B","Defend_B","Defend_B","Zap+1","Dualcast","Beam Cell","Darkness+1","Core Surge","Electrodynamics","Ball Lightning","Hologram","Conserve Battery+1","Streamline","Creative AI","Hologram+1","Leap","Cold Snap","Chill","Doom and Gloom","Storm","Buffer","Loop","Normality","Core Surge","Self Repair","Chaos+1","Pain"],"relics":["Cracked Core","Art of War","Pear","Fusion Hammer","Membership Card","Oddly Smooth Stone","Regal Pillow","Red Mask","MawBank","Shovel","Inserter","Runic Capacitor","Blue Candle","WarpedTongs","Vajra","Meat on the Bone"],"potions_floor_usage":[27,28,31,39,44],"damage_taken":[{"damage":2,"enemies":"Jaw Worm","floor":1,"turns":3},{"damage":0,"enemies":"2 Louse","floor":4,"turns":2},{"damage":1,"enemies":"Cultist","floor":6,"turns":3},{"damage":24,"enemies":"Gremlin Nob","floor":8,"turns":4},{"damage":0,"enemies":"3 Louse","floor":11,"turns":1},{"damage":11,"enemies":"Looter","floor":12,"turns":2},{"damage":25,"enemies":"Hexaghost","floor":16,"turns":8},{"damage":15,"enemies":"Shell Parasite","floor":18,"turns":4},{"damage":7,"enemies":"Chosen","floor":19,"turns":4},{"damage":13,"enemies":"Centurion and Healer","floor":21,"turns":6},{"damage":30,"enemies":"Snake Plant","floor":24,"turns":4},{"damage":26,"enemies":"Masked Bandits","floor":27,"turns":3},{"damage":12,"enemies":"Gremlin Leader","floor":28,"turns":4},{"damage":0,"enemies":"Cultist and Chosen","floor":30,"turns":4},{"damage":25,"enemies":"Book of Stabbing","floor":31,"turns":7},{"damage":1,"enemies":"Automaton","floor":33,"turns":9},{"damage":0,"enemies":"Orb Walker","floor":35,"turns":3},{"damage":24,"enemies":"3 Darklings","floor":39,"turns":6},{"damage":90,"enemies":"Giant Head","floor":44,"turns":8}],"seed_played":"-7268465083264718611","potions_obtained":[{"floor":6,"key":"EssenceOfSteel"},{"floor":12,"key":"AttackPotion"},{"floor":19,"key":"Dexterity Potion"},{"floor":27,"key":"LiquidBronze"},{"floor":30,"key":"EssenceOfSteel"},{"floor":35,"key":"SpeedPotion"},{"floor":39,"key":"PowerPotion"}],"is_trial":false,"path_per_floor":["M","?","?","M","$","M","R","E","T","R","M","M","R","?","R","B",null,"M","M","$","M","?","R","M","R","T","?","E","R","M","E","R","B",null,"M","$","?","$","M","R","?","R","T","E"],"character_chosen":"DEFECT","items_purchased":["Core Surge","Electrodynamics","SmokeBomb","Membership Card","Oddly Smooth Stone","Loop","Runic Capacitor","Fruit Juice","Core Surge","Self Repair"],"campfire_rested":5,"item_purchase_floors":[5,5,5,20,20,36,38,38,38,38],"current_hp_per_floor":[52,37,26,26,26,25,25,1,11,36,36,25,25,53,53,28,85,70,63,63,50,26,51,21,46,46,20,8,48,48,23,63,62,85,85,85,85,85,73,73,73,73,73,0],"gold":1196,"neow_bonus":"TWO_FIFTY_GOLD","is_prod":false,"is_daily":false,"chose_seed":false,"campfire_upgraded":3,"win_rate":0,"timestamp":1554434574,"path_taken":["M","?","?","M","?","?","R","E","T","R","?","M","R","?","R","BOSS","M","M","$","M","?","R","?","R","T","?","E","R","M","E","R","BOSS","M","$","?","$","M","R","?","R","T","E"],"build_version":"2019-03-15","purchased_purges":3,"victory":false,"max_hp_per_floor":[75,75,75,75,75,75,75,75,85,85,85,85,85,85,85,85,85,85,85,85,85,85,85,85,85,85,85,85,85,85,85,85,85,85,85,85,85,85,90,90,90,90,90,90],"card_choices":[{"not_picked":["Stack","Go for the Eyes"],"picked":"Beam Cell","floor":1},{"not_picked":["Rip and Tear","Recycle"],"picked":"Darkness","floor":4},{"not_picked":["Coolheaded","FTL"],"picked":"Ball Lightning","floor":6},{"not_picked":["Force Field","Stack"],"picked":"Hologram","floor":8},{"not_picked":["Hologram","Rip and Tear"],"picked":"Conserve Battery","floor":11},{"not_picked":["Compile Driver","Amplify"],"picked":"Streamline","floor":12},{"not_picked":["Machine Learning","Thunder Strike"],"picked":"Creative AI","floor":16},{"not_picked":["Ball Lightning","Redo"],"picked":"Hologram+1","floor":18},{"not_picked":["Tempest","Sweeping Beam","Double Energy"],"picked":"SKIP","floor":19},{"not_picked":["Force Field","Hologram+1"],"picked":"Leap","floor":21},{"not_picked":["Stack","Leap"],"picked":"Cold Snap","floor":24},{"not_picked":["Sunder","Reprogram"],"picked":"Chill","floor":28},{"not_picked":["Blizzard","Darkness+1"],"picked":"Doom and Gloom","floor":30},{"not_picked":["Sweeping Beam","Blizzard+1"],"picked":"Storm","floor":31},{"not_picked":["Seek","Hyperbeam"],"picked":"Buffer","floor":33},{"not_picked":["Beam Cell","Rebound","Rip and Tear"],"picked":"SKIP","floor":35},{"not_picked":["Capacitor","Hologram"],"picked":"Chaos+1","floor":39}],"player_experience":450656,"relics_obtained":[{"floor":8,"key":"Art of War"},{"floor":9,"key":"Pear"},{"floor":26,"key":"Regal Pillow"},{"floor":27,"key":"Red Mask"},{"floor":28,"key":"MawBank"},{"floor":31,"key":"Shovel"},{"floor":40,"key":"Blue Candle"},{"floor":42,"key":"Vajra"},{"floor":43,"key":"Meat on the Bone"}],"event_choices":[{"damage_healed":0,"gold_gain":0,"player_choice":"Entered Light","damage_taken":15,"max_hp_gain":0,"max_hp_loss":0,"event_name":"Shining Light","floor":2,"gold_loss":0,"cards_upgraded":["Strike_B","Strike_B"]},{"damage_healed":0,"gold_gain":75,"player_choice":"Gather Gold","damage_taken":11,"max_hp_gain":0,"max_hp_loss":0,"event_name":"World of Goop","floor":3,"gold_loss":0},{"damage_healed":28,"gold_gain":0,"player_choice":"Banana","damage_taken":0,"max_hp_gain":0,"max_hp_loss":0,"event_name":"Big Fish","floor":14,"gold_loss":0},{"damage_healed":0,"gold_gain":180,"player_choice":"GOLD GOLD ","damage_taken":24,"max_hp_gain":0,"max_hp_loss":0,"event_name":"Knowing Skull","floor":22,"potions_obtained":[],"gold_loss":0,"cards_obtained":[]},{"damage_healed":0,"gold_gain":0,"player_choice":"Fought Bandits","damage_taken":0,"max_hp_gain":0,"max_hp_loss":0,"event_name":"Masked Bandits","floor":27,"gold_loss":0},{"damage_healed":0,"gold_gain":999,"player_choice":"Gold","damage_taken":0,"max_hp_gain":0,"max_hp_loss":0,"event_name":"MindBloom","floor":37,"gold_loss":0,"cards_obtained":["Normality","Normality"]},{"damage_healed":0,"gold_gain":0,"player_choice":"Rummage","damage_taken":0,"relics_obtained":["WarpedTongs"],"max_hp_gain":0,"max_hp_loss":0,"event_name":"Accursed Blacksmith","floor":41,"gold_loss":0,"cards_obtained":["Pain"]}],"is_beta":true,"boss_relics":[{"not_picked":["Runic Pyramid","Coffee Dripper"],"picked":"Fusion Hammer"},{"not_picked":["Black Star","Astrolabe"],"picked":"Inserter"}],"items_purged_floors":[20,36,38],"is_endless":false,"potions_floor_spawned":[6,12,19,24,27,30,35,39],"killed_by":"Giant Head","ascension_level":4}