{"gold_per_floor":[118,118,128,146,157,157,186,203,203,203,203,222,222,1,1,104,104],"floor_reached":17,"playtime":528,"items_purged":["Strike_G"],"score":207,"play_id":"a2f69faf-0753-4427-8e9e-64e6963b0195","local_time":"20190621131557","is_ascension_mode":false,"campfire_choices":[{"data":"Neutralize","floor":6.0,"key":"SMITH"},{"data":"Deadly Poison","floor":10.0,"key":"SMITH"},{"data":"Noxious Fumes","floor":15.0,"key":"SMITH"}],"neow_cost":"NONE","seed_source_timestamp":0,"circlet_count":0,"master_deck":["Defend_G","Defend_G","Defend_G","Defend_G","Defend_G","Strike_G","Strike_G","Strike_G","Survivor","Neutralize+1","Iron Wave","Noxious Fumes+1","Poisoned Stab","Deadly Poison","Deadly Poison+1","Skewer","Malaise","Doppelganger"],"special_seed":0,"relics":["Runic Dome","Strawberry","Snecko Eye"],"potions_floor_usage":[],"damage_taken":[{"damage":2.0,"enemies":"Jaw Worm","floor":1.0,"turns":4.0},{"damage":0.0,"enemies":"Cultist","floor":3.0,"turns":4.0},{"damage":0.0,"enemies":"2 Louse","floor":4.0,"turns":2.0},{"damage":9.0,"enemies":"Large Slime","floor":5.0,"turns":5.0},{"damage":15.0,"enemies":"Gremlin Nob","floor":7.0,"turns":4.0},{"damage":4.0,"enemies":"3 Louse","floor":8.0,"turns":4.0},{"damage":6.0,"enemies":"Lots of Slimes","floor":12.0,"turns":4.0},{"damage":0.0,"enemies":"The Guardian","floor":16.0,"turns":8.0}],"seed_played":"-5283629860019638666","potions_obtained":[{"floor":3.0,"key":"Energy Potion"},{"floor":5.0,"key":"Strength Potion"},{"floor":12.0,"key":"Weak Potion"}],"is_trial":false,"path_per_floor":["M","?","M","M","M","R","E","M","T","R","?","M","?","$","R","B",null],"character_chosen":"THE_SILENT","items_purchased":["Strawberry"],"campfire_rested":0,"item_purchase_floors":[14],"current_hp_per_floor":[68,68,68,68,59,59,44,40,40,40,33,27,27,34,34,34,77],"gold":104,"neow_bonus":"BOSS_RELIC","is_prod":false,"is_daily":false,"chose_seed":false,"campfire_upgraded":3,"win_rate":0,"timestamp":1561137357,"path_taken":["M","?","?","M","M","R","E","M","T","R","?","M","?","$","R","BOSS"],"build_version":"2019-01-23","purchased_purges":1,"victory":false,"max_hp_per_floor":[70,70,70,70,70,70,70,70,70,70,70,70,70,77,77,77,77],"card_choices":[{"not_picked":["Flying Knee","Cloak And Dagger"],"picked":"Dagger Spray","floor":1.0},{"not_picked":["Flechettes","Acrobatics"],"picked":"Noxious Fumes","floor":3.0},{"not_picked":["Blade Dance","Quick Slash"],"picked":"Poisoned Stab","floor":4.0},{"not_picked":["Venomology","Deflect"],"picked":"Deadly Poison","floor":5.0},{"not_picked":["Setup","Calculated Gamble"],"picked":"Deadly Poison","floor":7.0},{"not_picked":["Acrobatics","Deadly Poison"],"picked":"Skewer","floor":8.0},{"not_picked":["Skewer","Prepared"],"picked":"Malaise","floor":12.0},{"not_picked":["Unload","Venomology"],"picked":"Doppelganger","floor":16.0}],"player_experience":630257,"relics_obtained":[],"event_choices":[{"cards_removed":["Dagger Spray"],"damage_healed":0.0,"max_hp_gain":0.0,"max_hp_loss":0.0,"gold_gain":0.0,"event_name":"NoteForYourself","player_choice":"Took Card","floor":2.0,"gold_loss":0.0,"damage_taken":0.0,"cards_obtained":["Iron Wave"]},{"cards_removed":["Strike_G"],"damage_healed":0.0,"max_hp_gain":0.0,"max_hp_loss":0.0,"gold_gain":0.0,"event_name":"Golden Wing","player_choice":"Card Removal","floor":11.0,"gold_loss":0.0,"damage_taken":7.0},{"damage_healed":0.0,"max_hp_gain":0.0,"max_hp_loss":0.0,"gold_gain":0.0,"event_name":"Golden Idol","player_choice":"Ignored","floor":13.0,"gold_loss":0.0,"damage_taken":0.0}],"is_beta":false,"boss_relics":[{"not_picked":["Empty Cage","Black Star"],"picked":"Snecko Eye"}],"items_purged_floors":[14],"is_endless":false,"potions_floor_spawned":[3,5,12],"ascension_level":0}