{"gold_per_floor":[113,127,127,144,160,160,195,209,232,232,244,244,244,261,261,362,362,362,9,9,0,0,0,0,0,0,0,0,0,0,0,0,0],"floor_reached":33,"playtime":3601,"items_purged":["Strike_R"],"score":448,"play_id":"855da911-4925-4e2b-a932-b7e1784a29ac","local_time":"20190310200321","is_ascension_mode":true,"campfire_choices":[{"data":"Disarm","floor":6,"key":"SMITH"},{"floor":10,"key":"REST"},{"data":"Clothesline","floor":12,"key":"SMITH"},{"data":"True Grit","floor":15,"key":"SMITH"},{"floor":23,"key":"REST"},{"data":"Shrug It Off","floor":25,"key":"SMITH"},{"data":"Exhume","floor":28,"key":"SMITH"},{"floor":32,"key":"REST"}],"neow_cost":"TEN_PERCENT_HP_LOSS","seed_source_timestamp":58022001404588,"circlet_count":0,"master_deck":["AscendersBane","Strike_R","Strike_R","Strike_R","Strike_R+1","Defend_R","Defend_R","Defend_R","Defend_R","Bash+1","Reaper+1","Disarm+1","Hemokinesis","Battle Trance","Anger","Burning Pact","Clothesline+1","True Grit+1","Fiend Fire","Shrug It Off+1","Shrug It Off","Exhume+1","Havoc+1","Exhume","Warcry+1","Thunderclap","Intimidate+1"],"relics":["Burning Blood","Ancient Tea Set","Red Skull","Ectoplasm","ClockworkSouvenir","Bronze Scales","Blue Candle","Bag of Preparation"],"potions_floor_usage":[4,7,7,16,16,21,24,27,30,33],"damage_taken":[{"damage":5,"enemies":"2 Louse","floor":1,"turns":4},{"damage":14,"enemies":"Cultist","floor":2,"turns":5},{"damage":5,"enemies":"Jaw Worm","floor":4,"turns":4},{"damage":21,"enemies":"Exordium Wildlife","floor":5,"turns":6},{"damage":49,"enemies":"3 Sentries","floor":7,"turns":8},{"damage":22,"enemies":"Red Slaver","floor":8,"turns":4},{"damage":8,"enemies":"Blue Slaver","floor":11,"turns":3},{"damage":13,"enemies":"Large Slime","floor":14,"turns":5},{"damage":23,"enemies":"The Guardian","floor":16,"turns":9},{"damage":8,"enemies":"Shell Parasite","floor":18,"turns":3},{"damage":36,"enemies":"2 Thieves","floor":21,"turns":4},{"damage":31,"enemies":"Cultist and Chosen","floor":22,"turns":9},{"damage":48,"enemies":"Gremlin Leader","floor":24,"turns":9},{"damage":3,"enemies":"Centurion and Healer","floor":27,"turns":5},{"damage":5,"enemies":"Snake Plant","floor":29,"turns":2},{"damage":18,"enemies":"Book of Stabbing","floor":30,"turns":5},{"damage":81,"enemies":"Collector","floor":33,"turns":12}],"seed_played":"2274619115155359004","potions_obtained":[{"floor":1,"key":"Dexterity Potion"},{"floor":2,"key":"Block Potion"},{"floor":4,"key":"SpeedPotion"},{"floor":11,"key":"Swift Potion"},{"floor":14,"key":"FearPotion"},{"floor":20,"key":"Fruit Juice"},{"floor":24,"key":"SkillPotion"},{"floor":27,"key":"Fire Potion"},{"floor":29,"key":"PowerPotion"}],"is_trial":false,"path_per_floor":["M","M","?","M","M","R","E","M","T","R","M","R","?","M","R","B",null,"M","$","?","M","M","R","E","R","T","M","R","M","E","?","R","B"],"character_chosen":"IRONCLAD","items_purchased":["ClockworkSouvenir","Shrug It Off","Strength Potion"],"campfire_rested":3,"item_purchase_floors":[19,19,19],"current_hp_per_floor":[72,68,68,72,61,61,30,18,18,39,42,42,28,37,37,32,62,60,60,60,47,28,51,25,25,25,40,40,41,41,27,51,0],"gold":0,"neow_bonus":"THREE_RARE_CARDS","is_prod":false,"is_daily":false,"chose_seed":false,"campfire_upgraded":5,"win_rate":0,"timestamp":1552244601,"path_taken":["M","M","?","?","M","R","E","M","T","R","M","R","?","M","R","BOSS","M","$","?","M","?","R","E","R","T","M","R","M","E","?","R","BOSS"],"build_version":"2019-02-06","purchased_purges":1,"victory":false,"max_hp_per_floor":[72,72,72,72,72,72,72,72,72,72,72,72,72,72,72,72,72,72,72,72,77,77,77,77,77,77,77,77,77,77,82,82,82],"card_choices":[{"not_picked":["Exhume","Brutality"],"picked":"Reaper","floor":0},{"not_picked":["Clothesline","Body Slam"],"picked":"Disarm","floor":1},{"not_picked":["Wild Strike","Whirlwind"],"picked":"Hemokinesis","floor":2},{"not_picked":["Thunderclap","Infernal Blade"],"picked":"Battle Trance","floor":4},{"not_picked":["Headbutt","Pommel Strike"],"picked":"Anger","floor":5},{"not_picked":["Searing Blow","Clash"],"picked":"Burning Pact","floor":7},{"not_picked":["Thunderclap","Flame Barrier"],"picked":"Clothesline","floor":8},{"not_picked":["Wild Strike","Anger"],"picked":"True Grit","floor":11},{"not_picked":["Cleave","Sever Soul","Twin Strike"],"picked":"SKIP","floor":14},{"not_picked":["Bludgeon","Barricade"],"picked":"Fiend Fire","floor":16},{"not_picked":["Sever Soul","Flex"],"picked":"Shrug It Off","floor":18},{"not_picked":["Body Slam","Sword Boomerang"],"picked":"Exhume","floor":21},{"not_picked":["Infernal Blade","Thunderclap"],"picked":"Havoc+1","floor":22},{"not_picked":["Dropkick","Searing Blow"],"picked":"Exhume","floor":24},{"not_picked":["Blood for Blood+1","Headbutt"],"picked":"Warcry+1","floor":27},{"not_picked":["Body Slam","Headbutt"],"picked":"Thunderclap","floor":29},{"not_picked":["Thunderclap","Headbutt+1"],"picked":"Intimidate+1","floor":30}],"player_experience":150916,"relics_obtained":[{"floor":7,"key":"Ancient Tea Set"},{"floor":9,"key":"Red Skull"},{"floor":24,"key":"Bronze Scales"},{"floor":26,"key":"Blue Candle"},{"floor":30,"key":"Bag of Preparation"}],"event_choices":[{"damage_healed":0,"gold_gain":0,"player_choice":"Upgraded","damage_taken":0,"max_hp_gain":0,"max_hp_loss":0,"event_name":"Upgrade Shrine","floor":3,"gold_loss":0,"cards_upgraded":["Bash"]},{"damage_healed":0,"gold_gain":0,"player_choice":"Entered Light","damage_taken":14,"max_hp_gain":0,"max_hp_loss":0,"event_name":"Shining Light","floor":13,"gold_loss":0,"cards_upgraded":["Strike_R","Reaper"]},{"damage_healed":0,"gold_gain":0,"player_choice":"Got Potions","damage_taken":0,"max_hp_gain":0,"max_hp_loss":0,"event_name":"Lab","floor":20,"gold_loss":0},{"damage_healed":0,"gold_gain":0,"player_choice":"Shed Blood","damage_taken":19,"max_hp_gain":5,"max_hp_loss":0,"event_name":"Forgotten Altar","floor":31,"gold_loss":0}],"is_beta":true,"boss_relics":[{"not_picked":["Tiny House","Coffee Dripper"],"picked":"Ectoplasm"}],"items_purged_floors":[19],"is_endless":false,"potions_floor_spawned":[1,2,4,11,14,24,27,29],"killed_by":"Collector","ascension_level":11}