{"gold_per_floor":[115,128,128,138,154,154,183,233,233,564,564,54,54,73,73,146,146,164,164,176,176],"floor_reached":21,"playtime":1782,"items_purged":["Strike_R"],"score":378,"play_id":"07d0727e-c38c-4614-9170-d2fe83e963e9","local_time":"20190917235448","is_ascension_mode":true,"campfire_choices":[{"data":"Combust","floor":6.0,"key":"SMITH"},{"floor":11.0,"key":"REST"},{"floor":13.0,"key":"REST"},{"data":"Flame Barrier","floor":15.0,"key":"SMITH"}],"neow_cost":"NONE","seed_source_timestamp":41761899724500,"circlet_count":0,"master_deck":["AscendersBane","Strike_R","Strike_R","Strike_R","Strike_R","Defend_R","Defend_R","Defend_R","Defend_R","Bash+1","Iron Wave","Cleave","Armaments","Combust+1","Pommel Strike","Feed","Flame Barrier+1","Offering","True Grit","Decay"],"special_seed":0,"relics":["Burning Blood","NeowsBlessing","Frozen Egg 2","Calipers","Old Coin","Question Card","Regal Pillow","Philosopher\u0027s Stone"],"potions_floor_usage":[16,16],"damage_taken":[{"damage":0.0,"enemies":"Jaw Worm","floor":1.0,"turns":1.0},{"damage":0.0,"enemies":"2 Louse","floor":2.0,"turns":1.0},{"damage":0.0,"enemies":"Cultist","floor":4.0,"turns":1.0},{"damage":25.0,"enemies":"Lots of Slimes","floor":5.0,"turns":4.0},{"damage":22.0,"enemies":"3 Sentries","floor":7.0,"turns":5.0},{"damage":28.0,"enemies":"Lagavulin","floor":10.0,"turns":7.0},{"damage":8.0,"enemies":"Looter","floor":14.0,"turns":4.0},{"damage":39,"enemies":"The Guardian","floor":16,"turns":15},{"damage":30,"enemies":"Chosen","floor":18,"turns":5},{"damage":32,"enemies":"Spheric Guardian","floor":20,"turns":4},{"damage":27,"enemies":"Centurion and Healer","floor":21,"turns":6}],"seed_played":"-1819185790194822940","potions_obtained":[{"floor":1.0,"key":"SpeedPotion"},{"floor":2.0,"key":"FearPotion"},{"floor":10.0,"key":"SkillPotion"}],"is_trial":false,"path_per_floor":["M","M","?","M","M","R","E","?","T","E","R","$","R","M","R","B",null,"M","?","M","M"],"character_chosen":"IRONCLAD","items_purchased":["Question Card","Regal Pillow"],"campfire_rested":2,"item_purchase_floors":[12,12],"current_hp_per_floor":[74,75,75,75,56,56,40,33,33,11,33,33,70,72,72,39,69,48,48,22,0],"gold":176,"neow_bonus":"THREE_ENEMY_KILL","is_prod":false,"is_daily":false,"chose_seed":false,"campfire_upgraded":2,"win_rate":0,"timestamp":1568757288,"path_taken":["M","M","?","M","M","R","E","?","T","E","R","$","R","M","R","BOSS","M","?","?","M"],"build_version":"2019-09-16v2","purchased_purges":1,"victory":false,"max_hp_per_floor":[75,75,75,75,75,75,75,75,75,75,75,75,75,79,79,79,79,82,82,82,82],"card_choices":[{"not_picked":["Seeing Red","Searing Blow"],"picked":"Iron Wave","floor":1.0},{"not_picked":["Headbutt","Power Through"],"picked":"Cleave","floor":2.0},{"not_picked":["Sword Boomerang","Second Wind"],"picked":"Armaments","floor":4.0},{"not_picked":["Perfected Strike","Second Wind"],"picked":"Combust","floor":5.0},{"not_picked":["Perfected Strike","Sword Boomerang"],"picked":"Pommel Strike","floor":7.0},{"not_picked":["Body Slam","Twin Strike"],"picked":"Feed","floor":10.0},{"not_picked":["Twin Strike","Thunderclap","Second Wind"],"picked":"Flame Barrier","floor":14.0},{"not_picked":["Feed","Impervious","Demon Form+1"],"picked":"Offering","floor":16},{"not_picked":["Armaments","Sentinel","Warcry"],"picked":"True Grit","floor":18},{"not_picked":["Infernal Blade","Sword Boomerang","Warcry","Second Wind"],"picked":"SKIP","floor":20}],"player_experience":716969,"relics_obtained":[{"floor":7.0,"key":"Frozen Egg 2"},{"floor":9.0,"key":"Calipers"},{"floor":10.0,"key":"Old Coin"}],"event_choices":[{"damage_healed":0.0,"max_hp_gain":0.0,"max_hp_loss":0.0,"gold_gain":0.0,"event_name":"Living Wall","player_choice":"Grow","floor":3.0,"gold_loss":0.0,"damage_taken":0.0,"cards_upgraded":["Bash"]},{"damage_healed":0.0,"max_hp_gain":0.0,"max_hp_loss":0.0,"gold_gain":50.0,"event_name":"FaceTrader","player_choice":"Touch","floor":8.0,"gold_loss":0.0,"damage_taken":7.0},{"damage_healed":0,"gold_gain":0,"player_choice":"Cursed","damage_taken":0,"max_hp_gain":0,"max_hp_loss":0,"event_name":"Wheel of Change","floor":19,"gold_loss":0,"cards_obtained":["Decay"]}],"is_beta":true,"boss_relics":[{"not_picked":["Coffee Dripper","Mark of Pain"],"picked":"Philosopher\u0027s Stone"}],"items_purged_floors":[12],"is_endless":false,"potions_floor_spawned":[1,2,10],"killed_by":"Centurion and Healer","ascension_level":20}