{"gold_per_floor":[20,20,20,30,48,78,78,96,96,96,113,113,42,58,58,130,130,143,143,157,157,86,86,119,119,175,202,202,219,219,230,230,304,304,316,316,316,316,331,331,356,204,204,204,159,159,173,99,99,99],"floor_reached":51,"playtime":1286,"items_purged":["Strike_B"],"score":1284,"play_id":"ffec26df-90ad-4e9f-a5f6-596692147500","local_time":"20190918033354","is_ascension_mode":true,"campfire_choices":[{"data":"Zap","floor":7.0,"key":"SMITH"},{"floor":10.0,"key":"REST"},{"data":"Static Discharge","floor":12.0,"key":"SMITH"},{"data":"Biased Cognition","floor":15.0,"key":"SMITH"},{"floor":23.0,"key":"REST"},{"floor":25.0,"key":"REST"},{"data":"White Noise","floor":28.0,"key":"SMITH"},{"data":"Go for the Eyes","floor":30.0,"key":"SMITH"},{"floor":32.0,"key":"REST"},{"floor":40,"key":"REST"},{"data":"Defragment","floor":44,"key":"SMITH"},{"data":"Thunder Strike","floor":46,"key":"SMITH"},{"floor":49,"key":"REST"}],"neow_cost":"NO_GOLD","seed_source_timestamp":15096806811800,"circlet_count":0,"master_deck":["AscendersBane","Strike_B","Strike_B","Strike_B","Defend_B","Defend_B","Defend_B","Defend_B","Zap+1","Dualcast","All For One","Gash","White Noise+1","Static Discharge+1","Tempest","Biased Cognition+1","Coolheaded","Seek","Go for the Eyes+1","Blind","Cold Snap","Core Surge","Blizzard","Beam Cell","Seek","Thunder Strike+1","Defragment+1","Impatience","Gash","Glacier+1","Leap","Undo"],"special_seed":0,"relics":["Cracked Core","FaceOfCleric","Eternal Feather","Bottled Tornado","Inserter","Bottled Flame","Tiny Chest","Prayer Wheel","Nuclear Battery","Strawberry","Mummified Hand"],"potions_floor_usage":[50,50],"damage_taken":[{"damage":0.0,"enemies":"2 Louse","floor":1.0,"turns":3.0},{"damage":0.0,"enemies":"Cultist","floor":4.0,"turns":3.0},{"damage":18.0,"enemies":"Jaw Worm","floor":5.0,"turns":4.0},{"damage":30.0,"enemies":"3 Sentries","floor":6.0,"turns":6.0},{"damage":26.0,"enemies":"Lots of Slimes","floor":8.0,"turns":2.0},{"damage":12.0,"enemies":"2 Fungi Beasts","floor":11.0,"turns":3.0},{"damage":13.0,"enemies":"Blue Slaver","floor":14.0,"turns":2.0},{"damage":0.0,"enemies":"Slime Boss","floor":16.0,"turns":5.0},{"damage":5.0,"enemies":"3 Byrds","floor":18.0,"turns":2.0},{"damage":34.0,"enemies":"2 Thieves","floor":20.0,"turns":3.0},{"damage":36.0,"enemies":"Slavers","floor":24.0,"turns":2.0},{"damage":9.0,"enemies":"Book of Stabbing","floor":27.0,"turns":4.0},{"damage":17.0,"enemies":"Shelled Parasite and Fungi","floor":29.0,"turns":4.0},{"damage":32.0,"enemies":"Snake Plant","floor":31.0,"turns":2.0},{"damage":34.0,"enemies":"Champ","floor":33.0,"turns":10.0},{"damage":21.0,"enemies":"3 Darklings","floor":35.0,"turns":5.0},{"damage":27,"enemies":"Orb Walker","floor":39,"turns":3},{"damage":35,"enemies":"Nemesis","floor":41,"turns":5},{"damage":34,"enemies":"Spire Growth","floor":47,"turns":5},{"damage":64,"enemies":"Time Eater","floor":50,"turns":8}],"seed_played":"-4640115529893952153","potions_obtained":[{"floor":4.0,"key":"Regen Potion"},{"floor":11.0,"key":"PowerPotion"},{"floor":14.0,"key":"PowerPotion"},{"floor":24.0,"key":"AttackPotion"},{"floor":35.0,"key":"Swift Potion"},{"floor":41,"key":"Strength Potion"}],"is_trial":false,"path_per_floor":["M","?","$","M","M","E","R","M","T","R","M","R","$","M","R","B",null,"M","?","M","?","$","R","E","R","T","E","R","M","R","M","R","B",null,"M","?","?","?","M","R","E","$","T","R","$","R","M","$","R","B",null],"character_chosen":"DEFECT","items_purchased":["Biased Cognition","Core Surge","FocusPotion","Leap","DuplicationPotion"],"campfire_rested":6,"item_purchase_floors":[13,22,42,45,48],"current_hp_per_floor":[64,64,64,65,48,31,40,15,15,46,35,44,44,32,41,42,69,65,44,11,11,11,47,12,48,48,40,52,36,48,17,57,24,70,50,50,50,50,24,66,39,39,39,57,57,75,42,42,87,24],"gold":99,"neow_bonus":"THREE_RARE_CARDS","is_prod":false,"is_daily":false,"chose_seed":false,"campfire_upgraded":7,"win_rate":0,"timestamp":1568795634,"path_taken":["M","?","?","M","?","E","R","M","T","R","?","R","$","M","R","BOSS","M","?","?","?","$","R","E","R","T","E","R","M","R","?","R","BOSS","M","?","?","?","M","R","E","?","T","R","$","R","M","$","R","BOSS"],"build_version":"2019-09-17","purchased_purges":1,"victory":true,"max_hp_per_floor":[71,71,71,72,73,74,74,75,75,75,76,76,76,77,77,78,78,79,79,80,80,80,80,81,81,81,82,82,83,83,84,84,85,85,86,86,82,82,83,83,91,91,91,91,91,91,92,92,92,93],"card_choices":[{"not_picked":["Reboot","Biased Cognition"],"picked":"All For One","floor":0.0},{"not_picked":["Rebound","FTL"],"picked":"Gash","floor":1.0},{"not_picked":["Skim","Leap"],"picked":"White Noise","floor":4.0},{"not_picked":["Compile Driver","Barrage","Conserve Battery"],"picked":"SKIP","floor":5.0},{"not_picked":["Double Energy","Fusion"],"picked":"Static Discharge","floor":6.0},{"not_picked":["Hello World","Capacitor"],"picked":"Tempest","floor":8.0},{"not_picked":["Rebound","Steam Power","Aggregate"],"picked":"SKIP","floor":11.0},{"not_picked":["Chaos","Loop"],"picked":"Coolheaded","floor":14.0},{"not_picked":["Biased Cognition","Reboot"],"picked":"Seek","floor":16.0},{"not_picked":["Compile Driver","Rebound"],"picked":"Go for the Eyes","floor":18.0},{"not_picked":["Rebound","Compile Driver"],"picked":"Cold Snap","floor":20.0},{"not_picked":["Doom and Gloom","Sweeping Beam","Compile Driver"],"picked":"SKIP","floor":24.0},{"not_picked":["Fusion","Sweeping Beam","Barrage+1"],"picked":"SKIP","floor":27.0},{"not_picked":["Undo","Hologram"],"picked":"Blizzard","floor":29.0},{"not_picked":["Cold Snap+1","Barrage","Streamline"],"picked":"SKIP","floor":29.0},{"not_picked":["Hologram","Rebound+1"],"picked":"Beam Cell","floor":31.0},{"not_picked":["Compile Driver","Sweeping Beam"],"picked":"Seek","floor":31.0},{"not_picked":["Machine Learning","Biased Cognition"],"picked":"Thunder Strike","floor":33.0},{"not_picked":["Turbo+1","Streamline"],"picked":"Defragment","floor":35.0},{"not_picked":["Streamline+1","Rebound","Sweeping Beam"],"picked":"SKIP","floor":35.0},{"not_picked":["Metamorphosis","Blind"],"picked":"Impatience","floor":38},{"not_picked":["Conserve Battery+1","Double Energy"],"picked":"Gash","floor":39},{"not_picked":["Coolheaded","Heatsinks"],"picked":"Glacier+1","floor":39},{"not_picked":["Machine Learning","Ball Lightning+1","Go for the Eyes"],"picked":"SKIP","floor":41},{"not_picked":["Conserve Battery+1","Beam Cell"],"picked":"Undo","floor":47},{"not_picked":["Genetic Algorithm+1","Cold Snap","Sweeping Beam"],"picked":"SKIP","floor":47}],"player_experience":1387201,"relics_obtained":[{"floor":6.0,"key":"Eternal Feather"},{"floor":9.0,"key":"Bottled Tornado"},{"floor":24.0,"key":"Bottled Flame"},{"floor":26.0,"key":"Tiny Chest"},{"floor":27.0,"key":"Prayer Wheel"},{"floor":41,"key":"Strawberry"},{"floor":43,"key":"Mummified Hand"}],"event_choices":[{"damage_healed":0.0,"max_hp_gain":0.0,"max_hp_loss":0.0,"gold_gain":0.0,"event_name":"FaceTrader","player_choice":"Trade","floor":2.0,"gold_loss":0.0,"damage_taken":0.0,"relics_obtained":["FaceOfCleric"]},{"damage_healed":0.0,"max_hp_gain":0.0,"max_hp_loss":0.0,"gold_gain":0.0,"event_name":"Knowing Skull","player_choice":"POTION CARD ","floor":19.0,"potions_obtained":["AttackPotion"],"gold_loss":0.0,"damage_taken":21.0,"cards_obtained":["Blind"]},{"damage_healed":0.0,"max_hp_gain":0.0,"max_hp_loss":0.0,"gold_gain":0.0,"event_name":"The Woman in Blue","player_choice":"Bought 0 Potions","floor":21.0,"gold_loss":0.0,"damage_taken":0.0},{"damage_healed":0,"gold_gain":0,"player_choice":"Ignored","damage_taken":0,"max_hp_gain":0,"max_hp_loss":0,"event_name":"Mysterious Sphere","floor":36,"gold_loss":0},{"damage_healed":0,"gold_gain":0,"player_choice":"Max HP","damage_taken":0,"max_hp_gain":0,"max_hp_loss":4,"event_name":"Winding Halls","floor":37,"gold_loss":0},{"damage_healed":0,"gold_gain":0,"player_choice":"Memory 1","damage_taken":0,"max_hp_gain":0,"max_hp_loss":0,"event_name":"SensoryStone","floor":38,"gold_loss":0}],"is_beta":true,"boss_relics":[{"not_picked":["Philosopher\u0027s Stone","FrozenCore"],"picked":"Inserter"},{"not_picked":["Runic Pyramid","Astrolabe"],"picked":"Nuclear Battery"}],"items_purged_floors":[42],"is_endless":false,"potions_floor_spawned":[4,11,14,20,24,35,41],"ascension_level":14}