{"gold_per_floor":[217,233,11,30,30,59,72,72,72,72,90,123,123,198,198,272,272,292,19,19,35,35,35,35],"floor_reached":24,"playtime":982,"items_purged":["Strike_B"],"score":402,"play_id":"f7a5cef9-271c-4b71-91ea-e2c6aa884316","local_time":"20181108235850","is_ascension_mode":true,"campfire_choices":[{"data":"Go for the Eyes","floor":8,"key":"SMITH"},{"data":"Defragment","floor":13,"key":"SMITH"},{"data":"Defragment","floor":15,"key":"SMITH"},{"data":"Creative AI","floor":23,"key":"SMITH"}],"neow_cost":"NONE","seed_source_timestamp":4225533561122848,"circlet_count":0,"master_deck":["AscendersBane","Strike_B","Strike_B","Defend_B","Defend_B","Defend_B","Defend_B","Zap","Dualcast","Lockon","Self Repair","FTL","Cold Snap","Go for the Eyes+1","Gash","White Noise+1","Defragment+1","Defragment+1","Seek+1","Creative AI+1","FTL","Fusion+1"],"relics":["Cracked Core","Toxic Egg 2","Pantograph","Art of War","Coffee Dripper"],"potions_floor_usage":[6,6,21,22],"damage_taken":[{"damage":9,"enemies":"Jaw Worm","floor":1,"turns":4},{"damage":8,"enemies":"Small Slimes","floor":2,"turns":3},{"damage":4,"enemies":"Cultist","floor":4,"turns":3},{"damage":19,"enemies":"3 Sentries","floor":6,"turns":8},{"damage":0,"enemies":"Large Slime","floor":7,"turns":5},{"damage":5,"enemies":"Red Slaver","floor":11,"turns":2},{"damage":10,"enemies":"Lagavulin","floor":12,"turns":7},{"damage":3,"enemies":"The Guardian","floor":16,"turns":12},{"damage":11,"enemies":"Shell Parasite","floor":18,"turns":3},{"damage":30,"enemies":"2 Thieves","floor":21,"turns":4},{"damage":14,"enemies":"3 Cultists","floor":22,"turns":3},{"damage":21,"enemies":"Shelled Parasite and Fungi","floor":24,"turns":1}],"seed_played":"7851927554574666860","potions_obtained":[{"floor":1,"key":"Fire Potion"},{"floor":4,"key":"SkillPotion"},{"floor":12,"key":"Block Potion"},{"floor":16,"key":"GamblersBrew"},{"floor":18,"key":"SmokeBomb"}],"is_trial":false,"path_per_floor":["M","M","$","M","?","E","M","R","T","$","M","E","R","?","R","B",null,"M","$","?","M","M","R","M"],"character_chosen":"DEFECT","items_purchased":["Self Repair","FTL","Cold Snap","Creative AI","FTL"],"campfire_rested":0,"item_purchase_floors":[3,3,3,19,19],"current_hp_per_floor":[55,47,47,50,43,31,38,38,38,38,40,37,37,26,26,55,67,56,56,56,33,19,19,0],"gold":35,"neow_bonus":"HUNDRED_GOLD","is_prod":false,"is_daily":false,"chose_seed":false,"campfire_upgraded":4,"win_rate":0,"timestamp":1541750330,"path_taken":["M","M","$","M","?","E","M","R","T","$","M","E","R","?","R","BOSS","M","$","?","M","M","R","M"],"build_version":"2018-11-08","purchased_purges":1,"victory":false,"max_hp_per_floor":[71,71,71,71,71,71,71,71,71,71,71,71,71,71,71,71,71,71,71,71,71,71,71,71],"card_choices":[{"not_picked":["Recycle","Turbo"],"picked":"Lockon","floor":1},{"not_picked":["Lockon","Turbo","Blizzard"],"picked":"SKIP","floor":2},{"not_picked":["Beam Cell","Scrape"],"picked":"Go for the Eyes","floor":4},{"not_picked":["Turbo","Conserve Battery"],"picked":"Gash","floor":6},{"not_picked":["Rip and Tear","Gash"],"picked":"White Noise+1","floor":7},{"not_picked":["Cold Snap","Turbo+1"],"picked":"Defragment","floor":11},{"not_picked":["Coolheaded+1","Storm"],"picked":"Defragment","floor":12},{"not_picked":["Meteor Strike","Buffer"],"picked":"Seek+1","floor":16},{"not_picked":["White Noise+1","Beam Cell","Streamline"],"picked":"SKIP","floor":18},{"not_picked":["Lockon+1","Redo+1"],"picked":"Fusion+1","floor":21}],"player_experience":1036216,"relics_obtained":[{"floor":6,"key":"Toxic Egg 2"},{"floor":9,"key":"Pantograph"},{"floor":12,"key":"Art of War"}],"event_choices":[{"cards_removed":["Strike_B"],"damage_healed":0,"gold_gain":0,"player_choice":"Card Removal","damage_taken":7,"max_hp_gain":0,"max_hp_loss":0,"event_name":"Golden Wing","floor":5,"gold_loss":0},{"damage_healed":0,"gold_gain":75,"player_choice":"Gather Gold","damage_taken":11,"max_hp_gain":0,"max_hp_loss":0,"event_name":"World of Goop","floor":14,"gold_loss":0},{"damage_healed":0,"gold_gain":0,"player_choice":"Ignored","damage_taken":0,"max_hp_gain":0,"max_hp_loss":0,"event_name":"Beggar","floor":20,"gold_loss":0}],"is_beta":true,"boss_relics":[{"not_picked":["Lizard Tail","Calling Bell"],"picked":"Coffee Dripper"}],"items_purged_floors":[19],"is_endless":false,"potions_floor_spawned":[1,4,12,16,18],"killed_by":"Shelled Parasite and Fungi","ascension_level":19}