{"gold_per_floor":[118,118,129,155,167,167,16,16,41,41,61,27,42,42,42,165,165,185,210,210,228,242,242,242,242,266,293,330,363,375,387,399,541,553,581,612,244,244,44,44,60,60,60,60,60,60,76,99,99,99],"floor_reached":51,"playtime":2089,"items_purged":["Strike_G+1","Strike_G+1"],"score":639,"play_id":"0afd75ac-b8cc-475c-9636-4c9f9cf8077f","local_time":"20190917171306","is_ascension_mode":false,"campfire_choices":[{"data":"Terror","floor":6.0,"key":"SMITH"},{"data":"Cloak And Dagger","floor":10.0,"key":"SMITH"},{"data":"Neutralize","floor":15.0,"key":"SMITH"},{"data":"Footwork","floor":23.0,"key":"SMITH"},{"data":"Bouncing Flask","floor":25.0,"key":"SMITH"},{"data":"Catalyst","floor":30.0,"key":"SMITH"},{"floor":32.0,"key":"REST"},{"data":"Bullet Time","floor":40.0,"key":"SMITH"},{"data":"Noxious Fumes","floor":42.0,"key":"SMITH"},{"floor":45.0,"key":"REST"},{"data":"Secret Technique","floor":49.0,"key":"SMITH"}],"neow_cost":"NONE","seed_source_timestamp":456103223467100,"circlet_count":0,"master_deck":["Strike_G+1","Strike_G+1","Strike_G+1","Defend_G+1","Defend_G+1","Defend_G+1","Defend_G+1","Survivor","Neutralize+1","Terror+1","Backflip","Cloak And Dagger+1","Caltrops","Footwork+1","Noxious Fumes+1","Die Die Die","Bouncing Flask+1","Dodge and Roll","Catalyst+1","Deflect","After Image","Bullet Time+1","Blur+1","Accuracy","Blade Dance","PiercingWail+1","Well Laid Plans","Deadly Poison","Accuracy","Acrobatics+1","Secret Technique+1","Footwork+1"],"special_seed":0,"relics":["Ring of the Snake","Lantern","Boot","Golden Idol","Sozu","Nloth\u0027s Gift","MawBank","Black Star","Orrery","Blood Vial","Gremlin Horn"],"potions_floor_usage":[50],"damage_taken":[{"damage":0.0,"enemies":"2 Louse","floor":1.0,"turns":3.0},{"damage":1.0,"enemies":"Jaw Worm","floor":3.0,"turns":5.0},{"damage":0.0,"enemies":"Small Slimes","floor":5.0,"turns":3.0},{"damage":0.0,"enemies":"Blue Slaver","floor":11.0,"turns":2.0},{"damage":0.0,"enemies":"3 Louse","floor":13.0,"turns":5.0},{"damage":3.0,"enemies":"Hexaghost","floor":16.0,"turns":8.0},{"damage":3.0,"enemies":"3 Byrds","floor":18.0,"turns":3.0},{"damage":6.0,"enemies":"Shell Parasite","floor":19.0,"turns":4.0},{"damage":5.0,"enemies":"Centurion and Healer","floor":21.0,"turns":7.0},{"damage":1.0,"enemies":"Cultist and Chosen","floor":22.0,"turns":5.0},{"damage":12.0,"enemies":"Chosen and Byrds","floor":27.0,"turns":6.0},{"damage":16.0,"enemies":"Snecko","floor":28.0,"turns":5.0},{"damage":1.0,"enemies":"Snake Plant","floor":29.0,"turns":4.0},{"damage":30.0,"enemies":"Collector","floor":33.0,"turns":9.0},{"damage":17.0,"enemies":"Orb Walker","floor":35.0,"turns":4.0},{"damage":15.0,"enemies":"3 Darklings","floor":36.0,"turns":6.0},{"damage":0.0,"enemies":"Writhing Mass","floor":41.0,"turns":5.0},{"damage":9.0,"enemies":"Maw","floor":47.0,"turns":6.0},{"damage":0.0,"enemies":"Spire Growth","floor":48.0,"turns":4.0},{"damage":57,"enemies":"Time Eater","floor":50,"turns":12}],"seed_played":"-414354907903198893","potions_obtained":[{"floor":0.0,"key":"Energy Potion"},{"floor":0.0,"key":"PowerPotion"},{"floor":0.0,"key":"LiquidBronze"}],"is_trial":false,"path_per_floor":["M","?","M","T","M","R","$","?","T","R","M","$","M","?","R","B",null,"M","M","?","M","M","R","?","R","T","M","M","M","R","?","R","B",null,"M","M","$","?","$","R","M","R","T","?","R","?","M","M","R","B",null],"character_chosen":"THE_SILENT","items_purchased":["Lantern","Footwork","Orrery","Blood Vial","Deadly Poison","Accuracy"],"campfire_rested":2,"item_purchase_floors":[7,12,37,37,39,39],"current_hp_per_floor":[70,75,74,74,74,74,74,74,74,74,74,74,74,56,56,53,75,72,66,66,61,60,60,60,60,60,48,32,31,31,31,53,23,75,58,43,43,43,43,43,45,45,45,45,67,67,60,62,62,7],"gold":99,"neow_bonus":"THREE_SMALL_POTIONS","is_prod":false,"is_daily":false,"chose_seed":false,"campfire_upgraded":9,"win_rate":0,"timestamp":1568707986,"path_taken":["M","?","M","?","M","R","$","?","T","R","M","?","M","?","R","BOSS","M","M","?","M","?","R","?","R","T","M","M","M","R","?","R","BOSS","M","M","$","?","$","R","M","R","T","?","R","?","?","M","R","BOSS"],"build_version":"2019-09-16","purchased_purges":2,"victory":true,"max_hp_per_floor":[70,75,75,75,75,75,75,75,75,75,75,75,75,75,75,75,75,75,75,75,75,75,75,75,75,75,75,75,75,75,75,75,75,75,75,75,75,75,75,75,75,75,75,75,75,75,75,75,75,75],"card_choices":[{"not_picked":["Slice","Dagger Throw"],"picked":"Terror","floor":1.0},{"not_picked":["Prepared","Bane"],"picked":"Backflip","floor":3.0},{"not_picked":["Caltrops","Endless Agony"],"picked":"Cloak And Dagger","floor":5.0},{"not_picked":["Outmaneuver","Endless Agony"],"picked":"Caltrops","floor":11.0},{"not_picked":["Phantasmal Killer","Dagger Spray"],"picked":"Noxious Fumes","floor":13.0},{"not_picked":["Grand Finale","Burst"],"picked":"Die Die Die","floor":16.0},{"not_picked":["Dagger Spray","Sucker Punch"],"picked":"Bouncing Flask","floor":18.0},{"not_picked":["Flying Knee+1","Blade Dance+1"],"picked":"Dodge and Roll","floor":19.0},{"not_picked":["Flying Knee","Dagger Spray"],"picked":"Catalyst","floor":21.0},{"not_picked":["Outmaneuver","Flying Knee+1"],"picked":"Deflect","floor":22.0},{"not_picked":["Outmaneuver","Eviscerate","Dodge and Roll+1"],"picked":"SKIP","floor":27.0},{"not_picked":["Heel Hook+1","Terror"],"picked":"After Image","floor":28.0},{"not_picked":["Quick Slash","Bane+1","Setup"],"picked":"SKIP","floor":29.0},{"not_picked":["Night Terror","Burst"],"picked":"Bullet Time","floor":33.0},{"not_picked":["Predator","Reflex+1","Distraction"],"picked":"SKIP","floor":35.0},{"not_picked":["Prepared","Dodge and Roll","Unload"],"picked":"SKIP","floor":36.0},{"not_picked":["Distraction","Eviscerate"],"picked":"Blur+1","floor":37.0},{"not_picked":["Slice+1","Eviscerate+1"],"picked":"Accuracy","floor":37.0},{"not_picked":["Blur","Escape Plan+1"],"picked":"Blade Dance","floor":37.0},{"not_picked":["Dash","Prepared"],"picked":"PiercingWail+1","floor":37.0},{"not_picked":["Predator+1","Prepared"],"picked":"Well Laid Plans","floor":37.0},{"not_picked":["A Thousand Cuts","Concentrate"],"picked":"Acrobatics+1","floor":41.0},{"not_picked":["Swift Strike","Impatience"],"picked":"Secret Technique","floor":44.0},{"not_picked":["Dagger Spray+1","Deflect+1","All Out Attack+1"],"picked":"SKIP","floor":47.0},{"not_picked":["Distraction","Crippling Poison"],"picked":"Footwork+1","floor":48.0}],"player_experience":478066,"relics_obtained":[{"floor":4.0,"key":"Orichalcum"},{"floor":9.0,"key":"Boot"},{"floor":26.0,"key":"MawBank"},{"floor":43.0,"key":"Gremlin Horn"}],"event_choices":[{"damage_healed":0.0,"max_hp_gain":5.0,"max_hp_loss":0.0,"gold_gain":0.0,"event_name":"Big Fish","player_choice":"Donut","floor":2.0,"gold_loss":0.0,"damage_taken":0.0},{"cards_removed":["Defend_G"],"damage_healed":0.0,"max_hp_gain":0.0,"max_hp_loss":0.0,"gold_gain":0.0,"event_name":"Living Wall","player_choice":"Forget","floor":8.0,"gold_loss":0.0,"damage_taken":0.0},{"damage_healed":0.0,"max_hp_gain":0.0,"max_hp_loss":0.0,"gold_gain":0.0,"event_name":"Golden Idol","player_choice":"Take Damage","floor":14.0,"gold_loss":0.0,"damage_taken":18.0,"relics_obtained":["Golden Idol"]},{"damage_healed":0.0,"max_hp_gain":0.0,"max_hp_loss":0.0,"gold_gain":0.0,"event_name":"N\u0027loth","player_choice":"Traded Relic","floor":20.0,"relics_lost":["Orichalcum"],"gold_loss":0.0,"damage_taken":0.0,"relics_obtained":["Nloth\u0027s Gift"]},{"damage_healed":0.0,"max_hp_gain":0.0,"max_hp_loss":0.0,"gold_gain":0.0,"event_name":"Back to Basics","player_choice":"Simplicity","floor":24.0,"gold_loss":0.0,"damage_taken":0.0,"cards_upgraded":["Strike_G","Strike_G","Strike_G","Strike_G","Strike_G","Defend_G","Defend_G","Defend_G","Defend_G"]},{"damage_healed":0.0,"max_hp_gain":0.0,"max_hp_loss":0.0,"gold_gain":0.0,"event_name":"Lab","player_choice":"Got Potions","floor":31.0,"gold_loss":0.0,"damage_taken":0.0},{"damage_healed":0.0,"max_hp_gain":0.0,"max_hp_loss":0.0,"gold_gain":0.0,"event_name":"Mysterious Sphere","player_choice":"Ignored","floor":38.0,"gold_loss":0.0,"damage_taken":0.0},{"damage_healed":0.0,"max_hp_gain":0.0,"max_hp_loss":0.0,"gold_gain":0.0,"event_name":"SensoryStone","player_choice":"Memory 1","floor":44.0,"gold_loss":0.0,"damage_taken":0.0},{"damage_healed":0.0,"max_hp_gain":0.0,"max_hp_loss":0.0,"gold_gain":0.0,"event_name":"The Moai Head","player_choice":"Ignored","floor":46.0,"gold_loss":0.0,"damage_taken":0.0}],"is_beta":true,"boss_relics":[{"not_picked":["Fusion Hammer","Velvet Choker"],"picked":"Sozu"},{"not_picked":["Calling Bell","Cursed Key"],"picked":"Black Star"}],"items_purged_floors":[37,39],"is_endless":false,"potions_floor_spawned":[5,11,13,19,21,33,36,41,47],"ascension_level":0}