{"gold_per_floor":[118,137,153,165,182,182,213,213,239,258,258,433,460,477,477,477],"floor_reached":16,"playtime":1903,"items_purged":[],"score":131,"play_id":"8115efd6-7dd1-439d-9e85-5a8befec5544","local_time":"20190317201947","is_ascension_mode":true,"campfire_choices":[{"data":"Neutralize","floor":6,"key":"SMITH"},{"floor":8,"key":"REST"},{"floor":11,"key":"REST"},{"floor":15,"key":"REST"}],"neow_cost":"NONE","seed_source_timestamp":25317197641655,"circlet_count":0,"master_deck":["Defend_G","Defend_G","Defend_G","Defend_G","Defend_G","Strike_G","Strike_G","Strike_G","Strike_G","Strike_G","Survivor","Neutralize+1","Acrobatics","Deadly Poison","Venomology","Poisoned Stab","Dodge and Roll","Sucker Punch","Bouncing Flask","Doubt","PiercingWail","Deflect"],"relics":["Ring of the Snake","Snake Skull","Gremlin Horn","Juzu Bracelet","Bronze Scales"],"potions_floor_usage":[4,5,7,7,7,13,16,16,16],"damage_taken":[{"damage":2,"enemies":"Cultist","floor":1,"turns":4},{"damage":7,"enemies":"Jaw Worm","floor":2,"turns":8},{"damage":15,"enemies":"2 Louse","floor":3,"turns":3},{"damage":3,"enemies":"Blue Slaver","floor":4,"turns":3},{"damage":9,"enemies":"3 Louse","floor":5,"turns":4},{"damage":20,"enemies":"Lagavulin","floor":7,"turns":5},{"damage":14,"enemies":"Large Slime","floor":10,"turns":8},{"damage":16,"enemies":"Gremlin Nob","floor":13,"turns":4},{"damage":8,"enemies":"Exordium Wildlife","floor":14,"turns":4},{"damage":46,"enemies":"Slime Boss","floor":16,"turns":8}],"seed_played":"353087799246753151","potions_obtained":[{"floor":4,"key":"Strength Potion"},{"floor":5,"key":"AttackPotion"},{"floor":13,"key":"FearPotion"},{"floor":14,"key":"PowerPotion"}],"is_trial":false,"path_per_floor":["M","M","M","M","M","R","E","R","T","M","R","?","E","M","R","B"],"character_chosen":"THE_SILENT","items_purchased":[],"campfire_rested":3,"item_purchase_floors":[],"current_hp_per_floor":[68,61,46,43,34,34,14,35,35,21,42,42,26,18,39,0],"gold":477,"neow_bonus":"RANDOM_COMMON_RELIC","is_prod":false,"is_daily":false,"chose_seed":false,"campfire_upgraded":1,"win_rate":0,"timestamp":1552850387,"path_taken":["M","M","M","M","M","R","E","R","T","M","R","?","E","M","R","BOSS"],"build_version":"2019-03-15","purchased_purges":0,"victory":false,"max_hp_per_floor":[70,70,70,70,70,70,70,70,70,70,70,70,70,70,70,70],"card_choices":[{"not_picked":["Slice","Heel Hook"],"picked":"Acrobatics","floor":1},{"not_picked":["All Out Attack","Underhanded Strike"],"picked":"Deadly Poison","floor":2},{"not_picked":["Bane","Dagger Spray"],"picked":"Venomology","floor":3},{"not_picked":["Expertise","Eviscerate"],"picked":"Poisoned Stab","floor":4},{"not_picked":["Flying Knee","Deadly Poison"],"picked":"Dodge and Roll","floor":5},{"not_picked":["Acrobatics","Reflex"],"picked":"Sucker Punch","floor":7},{"not_picked":["Footwork","Blur"],"picked":"Bouncing Flask","floor":10},{"not_picked":["Outmaneuver","Dodge and Roll"],"picked":"PiercingWail","floor":13},{"not_picked":["Dagger Throw","Blade Dance"],"picked":"Deflect","floor":14}],"player_experience":287874,"relics_obtained":[{"floor":7,"key":"Gremlin Horn"},{"floor":9,"key":"Juzu Bracelet"},{"floor":13,"key":"Bronze Scales"}],"event_choices":[{"damage_healed":0,"gold_gain":175,"player_choice":"AGREE","damage_taken":0,"max_hp_gain":0,"max_hp_loss":0,"event_name":"Liars Game","floor":12,"gold_loss":0,"cards_obtained":["Doubt"]}],"is_beta":true,"boss_relics":[],"items_purged_floors":[],"is_endless":false,"potions_floor_spawned":[4,5,13,14],"killed_by":"Slime Boss","ascension_level":3}