{"gold_per_floor":[116,116,266,280,293,293,293,324,403,403,415,415],"floor_reached":12,"playtime":531,"items_purged":[],"score":156,"play_id":"4a5aa191-b968-4a05-8531-483685d3cf05","local_time":"20190814221553","is_ascension_mode":true,"campfire_choices":[{"data":"Distraction","floor":6.0,"key":"SMITH"},{"floor":10,"key":"REST"}],"neow_cost":"NONE","seed_source_timestamp":4483929129206700,"circlet_count":0,"master_deck":["AscendersBane","Strike_G","Strike_G","Strike_G","Strike_G","Strike_G","Defend_G","Defend_G","Defend_G","Defend_G","Defend_G","Survivor","Neutralize","Dagger Throw","Doubt","Dash","Distraction+1","PiercingWail","Backstab"],"special_seed":0,"relics":["Ring of the Snake","Anchor","Juzu Bracelet","Smiling Mask","Frozen Egg 2"],"potions_floor_usage":[8,11],"damage_taken":[{"damage":5.0,"enemies":"Jaw Worm","floor":1.0,"turns":4.0},{"damage":4.0,"enemies":"Small Slimes","floor":4.0,"turns":4.0},{"damage":0.0,"enemies":"2 Louse","floor":5.0,"turns":3.0},{"damage":44,"enemies":"Gremlin Nob","floor":8,"turns":6},{"damage":7,"enemies":"Gremlin Gang","floor":11,"turns":5},{"damage":22,"enemies":"3 Sentries","floor":12,"turns":8}],"seed_played":"2544608229724652484","potions_obtained":[{"floor":5.0,"key":"Energy Potion"},{"floor":8,"key":"SteroidPotion"}],"is_trial":false,"path_per_floor":["M","?","?","M","M","R","?","E","T","R","M","E"],"character_chosen":"THE_SILENT","items_purchased":[],"campfire_rested":1,"item_purchase_floors":[],"current_hp_per_floor":[54,54,54,50,50,50,50,6,6,25,18,0],"gold":415,"neow_bonus":"RANDOM_COMMON_RELIC","is_prod":false,"is_daily":false,"chose_seed":false,"campfire_upgraded":1,"win_rate":0,"timestamp":1565846153,"path_taken":["M","?","?","M","M","R","?","E","T","R","M","E"],"build_version":"2019-07-18","purchased_purges":0,"victory":false,"max_hp_per_floor":[66,66,66,66,66,66,66,66,66,66,66,66],"card_choices":[{"not_picked":["Prepared","Quick Slash"],"picked":"Dagger Throw","floor":1.0},{"not_picked":["Prepared","Outmaneuver"],"picked":"Dash","floor":4.0},{"not_picked":["Slice","Quick Slash"],"picked":"Distraction","floor":5.0},{"not_picked":["Blur","Flying Knee"],"picked":"PiercingWail","floor":8},{"not_picked":["Acrobatics","Flying Knee"],"picked":"Backstab","floor":11}],"player_experience":3524893,"relics_obtained":[{"floor":8,"key":"Smiling Mask"},{"floor":9,"key":"Frozen Egg 2"}],"event_choices":[{"damage_healed":0.0,"max_hp_gain":0.0,"max_hp_loss":0.0,"gold_gain":0.0,"event_name":"Big Fish","player_choice":"Box","floor":2.0,"gold_loss":0.0,"damage_taken":0.0,"relics_obtained":["Juzu Bracelet"],"cards_obtained":["Regret"]},{"damage_healed":0.0,"max_hp_gain":0.0,"max_hp_loss":0.0,"gold_gain":150.0,"event_name":"Liars Game","player_choice":"AGREE","floor":3.0,"gold_loss":0.0,"damage_taken":0.0,"cards_obtained":["Doubt"]},{"cards_removed":["Regret"],"damage_healed":0.0,"max_hp_gain":0.0,"max_hp_loss":0.0,"gold_gain":0.0,"event_name":"Purifier","player_choice":"Purged","floor":7.0,"gold_loss":0.0,"damage_taken":0.0}],"is_beta":true,"boss_relics":[],"items_purged_floors":[],"is_endless":false,"potions_floor_spawned":[5,8],"killed_by":"3 Sentries","ascension_level":20}