{"gold_per_floor":[109,109,125,138,157,157,174,174,199,231,250,285,285,310,310,310],"floor_reached":16,"playtime":1014,"items_purged":[],"score":244,"play_id":"34bb462d-4795-4dc4-907f-1e4ae73d55d5","local_time":"20190816000315","is_ascension_mode":true,"campfire_choices":[{"data":"Neutralize","floor":6.0,"key":"SMITH"},{"floor":8.0,"key":"REST"},{"floor":15.0,"key":"REST"}],"neow_cost":"NONE","seed_source_timestamp":4575868605377800,"circlet_count":0,"master_deck":["AscendersBane","Strike_G","Strike_G","Strike_G","Strike_G","Defend_G","Defend_G","Defend_G","Defend_G","Defend_G","Survivor","Neutralize+1","Endless Agony+1","Dagger Throw","Underhanded Strike","Underhanded Strike","Reflex","Dagger Spray","Finisher","Flying Knee","Venomology"],"special_seed":0,"relics":["Ring of the Snake","Anchor","Happy Flower","Orichalcum","Potion Belt","Bag of Preparation"],"potions_floor_usage":[16],"damage_taken":[{"damage":0.0,"enemies":"Jaw Worm","floor":1.0,"turns":5.0},{"damage":0.0,"enemies":"Cultist","floor":3.0,"turns":4.0},{"damage":0.0,"enemies":"Small Slimes","floor":4.0,"turns":4.0},{"damage":13.0,"enemies":"Gremlin Gang","floor":5.0,"turns":7.0},{"damage":24.0,"enemies":"Large Slime","floor":7.0,"turns":6.0},{"damage":5.0,"enemies":"3 Sentries","floor":10.0,"turns":7.0},{"damage":0.0,"enemies":"3 Louse","floor":11.0,"turns":2.0},{"damage":12.0,"enemies":"Gremlin Nob","floor":12.0,"turns":4.0},{"damage":21.0,"enemies":"Lagavulin","floor":14.0,"turns":6.0},{"damage":25,"enemies":"Slime Boss","floor":16,"turns":3}],"seed_played":"-8180671954819678581","potions_obtained":[{"floor":1.0,"key":"EssenceOfSteel"},{"floor":5.0,"key":"PowerPotion"},{"floor":12.0,"key":"SkillPotion"}],"is_trial":false,"path_per_floor":["M","?","M","M","M","R","M","R","T","E","M","E","?","E","R","B"],"character_chosen":"THE_SILENT","items_purchased":[],"campfire_rested":2,"item_purchase_floors":[],"current_hp_per_floor":[59,59,59,59,46,46,22,41,41,36,36,24,24,3,22,0],"gold":310,"neow_bonus":"RANDOM_COMMON_RELIC","is_prod":false,"is_daily":false,"chose_seed":false,"campfire_upgraded":1,"win_rate":0,"timestamp":1565938995,"path_taken":["M","?","M","M","?","R","M","R","T","E","M","E","?","E","R","BOSS"],"build_version":"2019-08-15","purchased_purges":0,"victory":false,"max_hp_per_floor":[66,66,66,66,66,66,66,66,66,66,66,66,66,66,66,66],"card_choices":[{"not_picked":["Accuracy","Deflect"],"picked":"Endless Agony","floor":1.0},{"not_picked":["Riddle With Holes","Dagger Spray"],"picked":"Dagger Throw","floor":3.0},{"not_picked":["Sucker Punch","Eviscerate"],"picked":"Underhanded Strike","floor":4.0},{"not_picked":["Deadly Poison","Dodge and Roll"],"picked":"Underhanded Strike","floor":5.0},{"not_picked":["Poisoned Stab","Quick Slash"],"picked":"Reflex","floor":7.0},{"not_picked":["Accuracy","Dodge and Roll"],"picked":"Dagger Spray","floor":10.0},{"not_picked":["Quick Slash","Flying Knee"],"picked":"Finisher","floor":11.0},{"not_picked":["Setup","Outmaneuver"],"picked":"Flying Knee","floor":12.0},{"not_picked":["Grand Finale","Finisher"],"picked":"Venomology","floor":14.0}],"player_experience":3537541,"relics_obtained":[{"floor":9.0,"key":"Happy Flower"},{"floor":10.0,"key":"Orichalcum"},{"floor":12.0,"key":"Potion Belt"},{"floor":14.0,"key":"Bag of Preparation"}],"event_choices":[{"cards_removed":["Strike_G"],"damage_healed":0.0,"max_hp_gain":0.0,"max_hp_loss":0.0,"gold_gain":0.0,"event_name":"Bonfire Elementals","player_choice":"Offered Basic","floor":2.0,"gold_loss":0.0,"damage_taken":0.0},{"damage_healed":0.0,"max_hp_gain":0.0,"max_hp_loss":0.0,"gold_gain":0.0,"event_name":"Living Wall","player_choice":"Grow","floor":13.0,"gold_loss":0.0,"damage_taken":0.0,"cards_upgraded":["Endless Agony"]}],"is_beta":true,"boss_relics":[],"items_purged_floors":[],"is_endless":false,"potions_floor_spawned":[1,5,12],"killed_by":"Slime Boss","ascension_level":20}