{"gold_per_floor":[111,35,310,327,34,60,87,117,140,172,186,200,200,219,219,294,294,305,315,215,215,231,231,263,313,336,336,350,350,370,388,388,388],"floor_reached":33,"playtime":1369,"items_purged":["Regret","Strike_B"],"score":724,"play_id":"b027032d-ae3b-4716-9d41-3ccf9d97e2ba","local_time":"20181225200052","is_ascension_mode":true,"campfire_choices":[{"floor":13,"key":"REST"},{"data":"Biased Cognition","floor":15,"key":"SMITH"},{"floor":23,"key":"REST"},{"floor":27,"key":"REST"},{"floor":32,"key":"REST"}],"neow_cost":"NONE","seed_source_timestamp":8271668370549420,"circlet_count":0,"master_deck":["AscendersBane","Strike_B","Defend_B","Defend_B","Defend_B","Defend_B","Zap+1","Dualcast","Ball Lightning","Sunder","Sweeping Beam","Hologram+1","Loop","Barrage","Biased Cognition+1","Electrodynamics","Reprogram","Buffer","Chill","BootSequence","Coolheaded"],"relics":["Cracked Core","NeowsBlessing","ClockworkSouvenir","Calipers","Anchor","Mango","Bag of Preparation","PreservedInsect","Busted Crown","Enchiridion","Smiling Mask","War Paint"],"potions_floor_usage":[8,16,33,33],"damage_taken":[{"damage":0,"enemies":"2 Louse","floor":1,"turns":1},{"damage":0,"enemies":"Cultist","floor":4,"turns":1},{"damage":0,"enemies":"3 Sentries","floor":6,"turns":1},{"damage":30,"enemies":"Lagavulin","floor":8,"turns":6},{"damage":27,"enemies":"3 Sentries","floor":10,"turns":6},{"damage":0,"enemies":"Small Slimes","floor":11,"turns":2},{"damage":0,"enemies":"Red Slaver","floor":12,"turns":2},{"damage":2,"enemies":"Looter","floor":14,"turns":3},{"damage":0,"enemies":"Slime Boss","floor":16,"turns":5},{"damage":7,"enemies":"3 Byrds","floor":18,"turns":3},{"damage":11,"enemies":"Spheric Guardian","floor":19,"turns":3},{"damage":15,"enemies":"3 Cultists","floor":22,"turns":3},{"damage":10,"enemies":"Slavers","floor":24,"turns":2},{"damage":39,"enemies":"Shelled Parasite and Fungi","floor":28,"turns":4},{"damage":8,"enemies":"Snecko","floor":30,"turns":4},{"damage":0,"enemies":"Centurion and Healer","floor":31,"turns":4},{"damage":58,"enemies":"Champ","floor":33,"turns":10}],"seed_played":"82948579895013314","potions_obtained":[{"floor":6,"key":"SteroidPotion"},{"floor":10,"key":"Energy Potion"},{"floor":12,"key":"Strength Potion"},{"floor":14,"key":"FearPotion"},{"floor":16,"key":"Ancient Potion"},{"floor":30,"key":"Dexterity Potion"},{"floor":31,"key":"SpeedPotion"}],"is_trial":false,"path_per_floor":["M","$","?","M","$","E","T","E","T","E","M","M","R","M","R","B",null,"M","M","$","?","M","R","E","?","T","R","M","?","M","M","R","B"],"character_chosen":"DEFECT","items_purchased":["Sunder","ClockworkSouvenir"],"campfire_rested":4,"item_purchase_floors":[2,5],"current_hp_per_floor":[64,64,64,64,64,64,64,48,48,21,21,21,46,44,44,44,75,68,57,57,36,21,46,36,36,36,61,22,22,14,14,39,0],"gold":388,"neow_bonus":"THREE_ENEMY_KILL","is_prod":false,"is_daily":false,"chose_seed":false,"campfire_upgraded":1,"win_rate":0,"timestamp":1545796852,"path_taken":["M","$","?","?","$","E","?","E","T","E","?","M","R","M","R","BOSS","M","M","$","?","M","R","E","?","T","R","?","?","M","M","R","BOSS"],"build_version":"2018-12-20","purchased_purges":2,"victory":false,"max_hp_per_floor":[71,71,71,71,71,71,71,85,85,85,85,85,85,85,85,85,85,85,85,85,85,85,85,85,85,85,85,85,85,85,85,85,85],"card_choices":[{"not_picked":["Steam","Double Energy"],"picked":"Ball Lightning","floor":1},{"not_picked":["Ball Lightning","Stack"],"picked":"Sweeping Beam","floor":4},{"not_picked":["Turbo","Heatsinks"],"picked":"Hologram","floor":6},{"not_picked":["Storm","Force Field"],"picked":"Loop","floor":8},{"not_picked":["Heatsinks","Loop"],"picked":"Barrage","floor":10},{"not_picked":["Reprogram","Barrage"],"picked":"Biased Cognition","floor":11},{"not_picked":["Go for the Eyes","White Noise","Barrage"],"picked":"SKIP","floor":12},{"not_picked":["Stack","Fusion","Turbo"],"picked":"SKIP","floor":14},{"not_picked":["Multi-Cast","Echo Form"],"picked":"Electrodynamics","floor":16},{"not_picked":["Redo"],"picked":"SKIP","floor":18},{"not_picked":[],"picked":"Reprogram","floor":19},{"not_picked":["Stack"],"picked":"SKIP","floor":22},{"not_picked":["Streamline"],"picked":"SKIP","floor":24},{"not_picked":["Compile Driver"],"picked":"SKIP","floor":28},{"not_picked":[],"picked":"BootSequence","floor":30},{"not_picked":[],"picked":"Coolheaded","floor":31}],"player_experience":1145886,"relics_obtained":[{"floor":6,"key":"Calipers"},{"floor":7,"key":"Anchor"},{"floor":8,"key":"Mango"},{"floor":9,"key":"Bag of Preparation"},{"floor":10,"key":"PreservedInsect"},{"floor":21,"key":"Enchiridion"},{"floor":24,"key":"Smiling Mask"},{"floor":26,"key":"War Paint"}],"event_choices":[{"damage_healed":0,"gold_gain":275,"player_choice":"Desecrate","damage_taken":0,"max_hp_gain":0,"max_hp_loss":0,"event_name":"Golden Shrine","floor":3,"gold_loss":0,"cards_obtained":["Regret"]},{"damage_healed":0,"gold_gain":0,"player_choice":"Obtained Book","damage_taken":21,"max_hp_gain":0,"max_hp_loss":0,"event_name":"Cursed Tome","floor":21,"gold_loss":0},{"damage_healed":0,"gold_gain":100,"player_choice":"Bet on Murderer","damage_taken":0,"max_hp_gain":0,"max_hp_loss":0,"event_name":"The Joust","floor":25,"gold_loss":50},{"damage_healed":0,"gold_gain":0,"cards_transformed":["Strike_B","Strike_B"],"player_choice":"Became Test Subject","damage_taken":0,"max_hp_gain":0,"max_hp_loss":0,"event_name":"Drug Dealer","floor":29,"gold_loss":0,"cards_obtained":["Buffer","Chill"]}],"is_beta":true,"boss_relics":[{"not_picked":["Inserter","Philosopher\u0027s Stone"],"picked":"Busted Crown"}],"items_purged_floors":[5,20],"is_endless":false,"potions_floor_spawned":[6,10,12,14,16,18,22,28,30,31],"killed_by":"Champ","ascension_level":20}