{"gold_per_floor":[20,36,47,61,73,73,84,116,116,116,116,187,187],"floor_reached":13,"playtime":485,"items_purged":[],"score":170,"play_id":"3dd33063-38b2-477c-8e89-d10bf88f9d4e","local_time":"20180712152141","is_ascension_mode":true,"campfire_choices":[{"data":"Sunder","floor":6,"key":"SMITH"},{"floor":10,"key":"REST"}],"neow_cost":"NO_GOLD","seed_source_timestamp":324035069505084,"circlet_count":0,"master_deck":["Strike_B","Strike_B","Defend_B","Defend_B","Defend_B","Defend_B","Zap","Dualcast","AscendersBane","Beam Cell","Barrage","Hello World","Conserve Battery","Sunder+1","Gash","Go for the Eyes","Hologram"],"relics":["Cracked Core","Pantograph","Cables"],"potions_floor_usage":[11,11],"damage_taken":[{"damage":0,"enemies":"Cultist","floor":1,"turns":4},{"damage":7,"enemies":"Jaw Worm","floor":2,"turns":3},{"damage":0,"enemies":"Small Slimes","floor":3,"turns":3},{"damage":0,"enemies":"2 Fungi Beasts","floor":4,"turns":2},{"damage":29,"enemies":"Exordium Thugs","floor":5,"turns":4},{"damage":9,"enemies":"3 Louse","floor":7,"turns":3},{"damage":17,"enemies":"Gremlin Nob","floor":8,"turns":4},{"damage":8,"enemies":"Lagavulin","floor":11,"turns":3},{"damage":32,"enemies":"Gremlin Nob","floor":13,"turns":3}],"seed_played":"-1672761918583445653","potions_obtained":[{"floor":1,"key":"SmokeBomb"},{"floor":2,"key":"FocusPotion"}],"is_trial":false,"path_per_floor":["M","M","M","M","M","R","M","E","T","R","E","?"],"character_chosen":"DEFECT","items_purchased":[],"campfire_rested":1,"item_purchase_floors":[],"current_hp_per_floor":[64,57,57,57,28,28,19,2,2,23,15,15,0],"gold":187,"neow_bonus":"TRANSFORM_TWO_CARDS","is_prod":false,"is_daily":false,"chose_seed":false,"campfire_upgraded":1,"win_rate":0,"timestamp":1531434101,"path_taken":["M","M","M","M","?","R","M","E","T","R","E","?","E"],"build_version":"2018-07-12","purchased_purges":0,"victory":false,"max_hp_per_floor":[71,71,71,71,71,71,71,71,71,71,71,71,71],"card_choices":[{"not_picked":["Rebound","Barrage"],"picked":"Hello World","floor":1},{"not_picked":["Static Discharge","Rebound"],"picked":"Conserve Battery","floor":2},{"not_picked":["Redo","Steam"],"picked":"Sunder","floor":3},{"not_picked":["Doom and Gloom","Sweeping Beam"],"picked":"Gash","floor":4},{"not_picked":["Reinforced Body","Reprogram"],"picked":"Go for the Eyes","floor":5},{"not_picked":["Conserve Battery","Redo","Skim"],"picked":"SKIP","floor":7},{"not_picked":["White Noise","Go for the Eyes"],"picked":"Hologram","floor":8}],"player_experience":821395,"relics_obtained":[{"floor":8,"key":"Pantograph"},{"floor":9,"key":"Cables"}],"event_choices":[{"event_name":"Golden Wing","player_choice":"Gained Gold","floor":12,"damage_taken":0}],"boss_relics":[],"items_purged_floors":[],"is_endless":false,"potions_floor_spawned":[1,2,8,11],"killed_by":"Gremlin Nob","ascension_level":15}