{"gold_per_floor":[111,128,128,141,159,194,213,213,213,213,229,244,244,16,16,119,119,135,151,117,117,117,117,117,133,133,149,174,185,185,62,62,162,162,174,0,0,20,120,147,47,47],"floor_reached":42,"playtime":3448,"items_purged":["Pain","Zap"],"score":448,"play_id":"df5ca1c5-c4d8-4422-84f3-99eed53d8364","local_time":"20190819212130","is_ascension_mode":false,"campfire_choices":[{"floor":8,"key":"RECALL"},{"data":"Sunder","floor":10,"key":"SMITH"},{"floor":15,"key":"REST"},{"floor":30,"key":"REST"},{"floor":32,"key":"REST"}],"neow_cost":"NONE","seed_source_timestamp":381209643100400,"circlet_count":0,"master_deck":["Strike_B","Strike_B+1","Strike_B","Strike_B+1","Defend_B","Defend_B","Defend_B","Defend_B","Dualcast","Cold Snap","Cold Snap","Compile Driver","Conserve Battery","Barrage","Sunder+1","Defragment","Seek","Rainbow","Coolheaded","Cold Snap","Blizzard","Capacitor","Melter+1","Ball Lightning","Gash","Consume","Gash","Lockon","Core Surge","Gash+1","Streamline+1","Barrage","Ball Lightning"],"relics":["Cracked Core","Whetstone","Anchor","WarpedTongs","Blood Vial","Fusion Hammer","Dream Catcher","MutagenicStrength","Bottled Tornado","Bottled Flame","Black Star","Red Mask","Unceasing Top","Orichalcum","Juzu Bracelet"],"potions_floor_usage":[16,25,28,42,42,42],"damage_taken":[{"damage":0,"enemies":"Small Slimes","floor":1,"turns":3},{"damage":0,"enemies":"2 Louse","floor":2,"turns":2},{"damage":0,"enemies":"Cultist","floor":4,"turns":3},{"damage":0,"enemies":"2 Fungi Beasts","floor":5,"turns":2},{"damage":24,"enemies":"Gremlin Nob","floor":6,"turns":6},{"damage":0,"enemies":"3 Louse","floor":7,"turns":3},{"damage":2,"enemies":"Large Slime","floor":11,"turns":4},{"damage":0,"enemies":"Blue Slaver","floor":12,"turns":2},{"damage":28,"enemies":"Hexaghost","floor":16,"turns":10},{"damage":0,"enemies":"Chosen","floor":18,"turns":3},{"damage":0,"enemies":"Spheric Guardian","floor":19,"turns":3},{"damage":0,"enemies":"Centurion and Healer","floor":25,"turns":4},{"damage":9,"enemies":"Snake Plant","floor":27,"turns":4},{"damage":22,"enemies":"Gremlin Leader","floor":28,"turns":7},{"damage":18,"enemies":"3 Cultists","floor":29,"turns":5},{"damage":39,"enemies":"Champ","floor":33,"turns":14},{"damage":14,"enemies":"3 Shapes","floor":35,"turns":4},{"damage":11,"enemies":"3 Darklings","floor":38,"turns":6},{"damage":3,"enemies":"Mind Bloom Boss Battle","floor":39,"turns":9},{"damage":23,"enemies":"Reptomancer","floor":40,"turns":6},{"damage":49,"enemies":"Nemesis","floor":42,"turns":5}],"seed_played":"-8953054533614278192","potions_obtained":[{"floor":4,"key":"FocusPotion"},{"floor":5,"key":"Energy Potion"},{"floor":12,"key":"Fire Potion"},{"floor":16,"key":"Block Potion"},{"floor":28,"key":"Dexterity Potion"},{"floor":29,"key":"Weak Potion"},{"floor":33,"key":"SteroidPotion"}],"is_trial":false,"path_per_floor":["M","M","?","M","M","E","M","R","T","R","M","M","?","$","R","B",null,"M","M","$","?","?","?","?","M","T","M","E","M","R","$","R","B",null,"M","?","?","M","?","E","$","E"],"character_chosen":"DEFECT","items_purchased":["Blood Vial","Blizzard","Consume","Gash"],"campfire_rested":3,"item_purchase_floors":[14,20,31,31],"current_hp_per_floor":[75,75,75,75,75,51,51,51,51,51,49,49,49,49,71,45,75,75,75,75,61,61,61,61,63,63,56,36,20,44,44,68,31,80,66,66,66,57,56,35,35,0],"gold":47,"neow_bonus":"RANDOM_COMMON_RELIC","is_prod":false,"is_daily":false,"chose_seed":false,"campfire_upgraded":1,"win_rate":0,"timestamp":1566238890,"path_taken":["M","M","?","M","M","E","M","R","T","R","M","M","?","$","R","BOSS","M","M","$","?","?","?","?","?","T","M","E","M","R","$","R","BOSS","M","?","?","M","?","E","?","E"],"build_version":"2019-07-17","purchased_purges":2,"victory":false,"max_hp_per_floor":[75,75,75,75,75,75,75,75,75,75,75,75,75,75,75,75,75,75,75,75,80,80,80,80,80,80,80,80,80,80,80,80,80,80,80,80,80,80,80,80,80,80],"card_choices":[{"not_picked":["Sweeping Beam","Gash"],"picked":"Cold Snap","floor":1},{"not_picked":["Rebound","Turbo"],"picked":"Cold Snap","floor":2},{"not_picked":["Machine Learning","Tempest"],"picked":"Compile Driver","floor":4},{"not_picked":["Beam Cell","Double Energy"],"picked":"Conserve Battery","floor":5},{"not_picked":["Beam Cell","Go for the Eyes"],"picked":"Barrage","floor":6},{"not_picked":["Coolheaded","Streamline"],"picked":"Sunder","floor":7},{"not_picked":["Capacitor","Stack"],"picked":"Defragment","floor":11},{"not_picked":["Fusion","Stack"],"picked":"Seek","floor":12},{"not_picked":["Creative AI","Machine Learning"],"picked":"Rainbow","floor":16},{"not_picked":["Compile Driver","Doom and Gloom+1"],"picked":"Coolheaded","floor":18},{"not_picked":["Go for the Eyes","Chaos+1"],"picked":"Cold Snap","floor":19},{"not_picked":["Hologram+1","Redo","Reprogram"],"picked":"SKIP","floor":25},{"not_picked":["Go for the Eyes","Hyperbeam"],"picked":"Melter+1","floor":27},{"not_picked":["White Noise","Redo"],"picked":"Storm","floor":28},{"not_picked":["Rebound","Undo"],"picked":"Ball Lightning","floor":29},{"not_picked":["Compile Driver+1","Redo"],"picked":"Gash","floor":30},{"not_picked":["Hologram","Compile Driver+1"],"picked":"Lockon","floor":32},{"not_picked":["Fission","Thunder Strike"],"picked":"Core Surge","floor":33},{"not_picked":["Barrage","Melter+1"],"picked":"Gash+1","floor":35},{"not_picked":["Conserve Battery+1","Self Repair"],"picked":"Streamline+1","floor":38},{"not_picked":["Biased Cognition","Streamline"],"picked":"Barrage","floor":39},{"not_picked":["Go for the Eyes","Static Discharge"],"picked":"Ball Lightning","floor":40}],"player_experience":65778,"relics_obtained":[{"floor":6,"key":"Anchor"},{"floor":26,"key":"Bottled Tornado"},{"floor":28,"key":"Bottled Flame"},{"floor":39,"key":"Unceasing Top"},{"floor":40,"key":"Orichalcum"},{"floor":40,"key":"Juzu Bracelet"}],"event_choices":[{"damage_healed":0,"gold_gain":0,"player_choice":"Ignored","damage_taken":0,"max_hp_gain":0,"max_hp_loss":0,"event_name":"Golden Idol","floor":3,"gold_loss":0},{"damage_healed":0,"gold_gain":0,"player_choice":"Rummage","damage_taken":0,"relics_obtained":["WarpedTongs"],"max_hp_gain":0,"max_hp_loss":0,"event_name":"Accursed Blacksmith","floor":13,"gold_loss":0,"cards_obtained":["Pain"]},{"damage_healed":0,"gold_gain":0,"player_choice":"Shed Blood","damage_taken":19,"max_hp_gain":5,"max_hp_loss":0,"event_name":"Forgotten Altar","floor":21,"gold_loss":0},{"damage_healed":0,"gold_gain":0,"player_choice":"Opened","damage_taken":0,"relics_obtained":["Dream Catcher"],"max_hp_gain":0,"max_hp_loss":0,"event_name":"The Mausoleum","floor":22,"gold_loss":0},{"damage_healed":0,"gold_gain":0,"player_choice":"Read","damage_taken":0,"max_hp_gain":0,"max_hp_loss":0,"event_name":"The Library","floor":23,"gold_loss":0,"cards_obtained":["Capacitor"]},{"damage_healed":0,"gold_gain":0,"player_choice":"Inject Mutagens","damage_taken":0,"relics_obtained":["MutagenicStrength"],"max_hp_gain":0,"max_hp_loss":0,"event_name":"Drug Dealer","floor":24,"gold_loss":0},{"damage_healed":0,"gold_gain":0,"player_choice":"Paid","damage_taken":0,"relics_obtained":["Red Mask"],"max_hp_gain":0,"max_hp_loss":0,"event_name":"Tomb of Lord Red Mask","floor":36,"gold_loss":174},{"cards_removed":["Storm"],"damage_healed":0,"gold_gain":0,"player_choice":"Removed Power","damage_taken":0,"max_hp_gain":0,"max_hp_loss":0,"event_name":"Falling","floor":37,"gold_loss":0},{"damage_healed":0,"gold_gain":0,"player_choice":"Fight","damage_taken":0,"max_hp_gain":0,"max_hp_loss":0,"event_name":"MindBloom","floor":39,"gold_loss":0}],"is_beta":false,"boss_relics":[{"not_picked":["Coffee Dripper","Tiny House"],"picked":"Fusion Hammer"},{"not_picked":["Lizard Tail","Runic Pyramid"],"picked":"Black Star"}],"items_purged_floors":[14,41],"is_endless":false,"potions_floor_spawned":[4,5,12,16,28,29,33,39],"killed_by":"Nemesis","ascension_level":0}