{"gold_per_floor":[109,109,123,123,141,141,170,185,231,231,87,87,101,116,116,216,216,228,248,248,261,63,93,93,120,147,57,157,171,171,188,188,292,292,312,412,423,21,21,51,126,126,126,146,159,177,189,199,199,199],"floor_reached":51,"playtime":4597,"items_purged":["Injury","Defend_R"],"score":1045,"play_id":"e4772dca-1825-4abd-9de3-35927c094110","local_time":"20181221164310","is_ascension_mode":true,"campfire_choices":[{"data":"Armaments","floor":6.0,"key":"SMITH"},{"data":"Ghostly Armor","floor":10.0,"key":"SMITH"},{"floor":15,"key":"REST"},{"floor":24,"key":"REST"},{"floor":30,"key":"REST"},{"floor":32,"key":"REST"},{"floor":42,"key":"REST"},{"floor":49,"key":"REST"}],"neow_cost":"CURSE","seed_source_timestamp":0,"circlet_count":0,"master_deck":["Strike_R","Strike_R","Strike_R","Defend_R","Defend_R","Defend_R","Bash","Ghostly Armor+1","Twin Strike+1","Armaments+1","Warcry","Headbutt","Shockwave","Inflame","Battle Trance","Dark Embrace","Whirlwind","Shockwave","Flame Barrier+1","Warcry+1","Inflame","Iron Wave","Panacea","Shrug It Off+1","Dropkick","Fiend Fire","Heavy Blade+1","Pummel+1","Reaper","Madness","Madness","Metallicize+1","Shrug It Off+1","Warcry+1","Offering","Dual Wield","Dropkick+1","Corruption+1"],"special_seed":0,"relics":["Burning Blood","Bottled Lightning","Omamori","Pear","Fusion Hammer","Chemical X","Dream Catcher","Turnip","Vajra","Ginger","Dodecahedron","White Beast Statue","Thread and Needle","Pen Nib","PreservedInsect","StoneCalendar"],"potions_floor_usage":[16,23,25,28,33,36,40,40,40,47,47,50,50],"damage_taken":[{"damage":0.0,"enemies":"Small Slimes","floor":1.0,"turns":3.0},{"damage":5.0,"enemies":"Cultist","floor":3.0,"turns":4.0},{"damage":0.0,"enemies":"Jaw Worm","floor":5.0,"turns":3.0},{"damage":36.0,"enemies":"Lagavulin","floor":7.0,"turns":8.0},{"damage":13.0,"enemies":"Lots of Slimes","floor":8.0,"turns":6.0},{"damage":0.0,"enemies":"3 Louse","floor":11.0,"turns":4.0},{"damage":22,"enemies":"Gremlin Nob","floor":13,"turns":4},{"damage":12,"enemies":"3 Louse","floor":14,"turns":4},{"damage":28,"enemies":"Hexaghost","floor":16,"turns":9},{"damage":13,"enemies":"3 Byrds","floor":18,"turns":5},{"damage":16,"enemies":"Spheric Guardian","floor":19,"turns":5},{"damage":3,"enemies":"Snecko","floor":21,"turns":3},{"damage":0,"enemies":"Book of Stabbing","floor":23,"turns":5},{"damage":2,"enemies":"Gremlin Leader","floor":25,"turns":6},{"damage":5,"enemies":"Colosseum Slavers","floor":28,"turns":4},{"damage":20,"enemies":"Colosseum Nobs","floor":28,"turns":4},{"damage":0,"enemies":"Snake Plant","floor":29,"turns":3},{"damage":0,"enemies":"Chosen and Byrds","floor":31,"turns":5},{"damage":77,"enemies":"Automaton","floor":33,"turns":11},{"damage":0,"enemies":"Orb Walker","floor":35,"turns":2},{"damage":0,"enemies":"Mind Bloom Boss Battle","floor":36,"turns":4},{"damage":0,"enemies":"3 Shapes","floor":37,"turns":1},{"damage":0,"enemies":"Giant Head","floor":40,"turns":5},{"damage":6,"enemies":"Maw","floor":44,"turns":5},{"damage":0,"enemies":"Jaw Worm Horde","floor":45,"turns":1},{"damage":6,"enemies":"Spire Growth","floor":46,"turns":3},{"damage":6,"enemies":"Transient","floor":47,"turns":5},{"damage":10,"enemies":"Sphere and 2 Shapes","floor":48,"turns":1},{"damage":95,"enemies":"Awakened One","floor":50,"turns":12}],"seed_played":"8773382373278486461","potions_obtained":[{"floor":3.0,"key":"LiquidBronze"},{"floor":4.0,"key":"Explosive Potion"},{"floor":4.0,"key":"SkillPotion"},{"floor":5.0,"key":"Ancient Potion"},{"floor":16,"key":"AttackPotion"},{"floor":19,"key":"Poison Potion"},{"floor":23,"key":"Dexterity Potion"},{"floor":28,"key":"AttackPotion"},{"floor":33,"key":"Fire Potion"},{"floor":35,"key":"Strength Potion"},{"floor":36,"key":"Poison Potion"},{"floor":37,"key":"SkillPotion"},{"floor":40,"key":"FearPotion"},{"floor":44,"key":"AttackPotion"},{"floor":45,"key":"Energy Potion"},{"floor":46,"key":"Fruit Juice"},{"floor":47,"key":"Dexterity Potion"},{"floor":48,"key":"Regen Potion"}],"is_trial":false,"path_per_floor":["M","?","M","?","M","R","E","M","T","R","M","$","T","E","M","R","B",null,"M","M","?","M","$","E","R","E","T","$","?","M","R","M","R","B",null,"M","?","M","$","?","E","?","R","T","M","M","M","M","M","R","B",null],"character_chosen":"IRONCLAD","items_purchased":["Shockwave","Chemical X","Panacea","Reaper","Pen Nib"],"campfire_rested":6,"item_purchase_floors":[11,22,27,38,38],"current_hp_per_floor":[80,64,65,65,71,71,41,34,34,34,40,50,34,28,55,33,90,83,73,90,90,90,90,90,90,90,90,76,82,90,90,90,19,90,90,90,90,90,79,90,81,90,90,90,90,90,95,91,95,21],"gold":199,"neow_bonus":"TRANSFORM_TWO_CARDS","is_prod":false,"is_daily":false,"chose_seed":false,"campfire_upgraded":2,"win_rate":0,"timestamp":1545428590,"path_taken":["M","?","M","?","M","R","E","M","T","R","?","?","E","M","R","BOSS","M","?","?","?","$","E","R","E","T","?","?","M","R","M","R","BOSS","M","?","M","$","?","E","?","R","T","M","?","M","M","M","R","BOSS"],"build_version":"2018-12-20","purchased_purges":2,"victory":true,"max_hp_per_floor":[80,80,80,80,80,80,80,80,80,80,80,90,90,90,90,90,90,90,90,90,90,90,90,90,90,90,90,90,90,90,90,90,90,90,90,90,90,90,90,90,90,90,90,90,90,90,95,95,95,95],"card_choices":[{"not_picked":["Perfected Strike","Sword Boomerang"],"picked":"Twin Strike","floor":1.0},{"not_picked":["Sword Boomerang","True Grit"],"picked":"Armaments","floor":3.0},{"not_picked":["Sword Boomerang","Infernal Blade","Reckless Charge"],"picked":"SKIP","floor":5.0},{"not_picked":["Clash","True Grit"],"picked":"Warcry","floor":7.0},{"not_picked":["Heavy Blade","Clash"],"picked":"Headbutt","floor":8.0},{"not_picked":["Shrug It Off","Sever Soul"],"picked":"Inflame","floor":13},{"not_picked":["Corruption","Cleave"],"picked":"Battle Trance","floor":14},{"not_picked":["Double Tap","Barricade"],"picked":"Dark Embrace","floor":16},{"not_picked":["Clothesline","Sever Soul"],"picked":"Whirlwind","floor":18},{"not_picked":["Power Through+1","Warcry"],"picked":"Shockwave","floor":19},{"not_picked":["Clash+1","Sever Soul"],"picked":"Flame Barrier+1","floor":21},{"not_picked":["Twin Strike","Headbutt"],"picked":"Warcry+1","floor":23},{"not_picked":["Sword Boomerang","Headbutt"],"picked":"Inflame","floor":24},{"not_picked":["Headbutt","Wild Strike"],"picked":"Iron Wave","floor":25},{"not_picked":["Barricade","Headbutt"],"picked":"Shrug It Off+1","floor":28},{"not_picked":["True Grit","Armaments","Thunderclap+1"],"picked":"SKIP","floor":29},{"not_picked":["Dual Wield","Ghostly Armor+1"],"picked":"Dropkick","floor":30},{"not_picked":["Wild Strike+1","Anger","Second Wind"],"picked":"SKIP","floor":31},{"not_picked":["Berserk","Barricade"],"picked":"Fiend Fire","floor":33},{"not_picked":["Armaments","Wild Strike+1"],"picked":"Heavy Blade+1","floor":35},{"not_picked":["Body Slam","Rage"],"picked":"Pummel+1","floor":36},{"not_picked":["Headbutt+1","Twin Strike+1","Uppercut"],"picked":"SKIP","floor":37},{"not_picked":["Evolve+1","Armaments"],"picked":"Metallicize+1","floor":40},{"not_picked":["Wild Strike","Twin Strike"],"picked":"Shrug It Off+1","floor":42},{"not_picked":["True Grit","Combust"],"picked":"Warcry+1","floor":44},{"not_picked":["Sword Boomerang","Metallicize+1"],"picked":"Offering","floor":45},{"not_picked":["Perfected Strike+1","Reckless Charge","Sword Boomerang+1"],"picked":"SKIP","floor":46},{"not_picked":["Twin Strike+1","Searing Blow+1"],"picked":"Dual Wield","floor":47},{"not_picked":["Anger","Perfected Strike+1"],"picked":"Dropkick+1","floor":48},{"not_picked":["Pummel","Body Slam"],"picked":"Corruption+1","floor":49}],"player_experience":182641,"relics_obtained":[{"floor":7.0,"key":"Bottled Lightning"},{"floor":9.0,"key":"Omamori"},{"floor":12,"key":"Pear"},{"floor":23,"key":"Dream Catcher"},{"floor":25,"key":"Turnip"},{"floor":26,"key":"Vajra"},{"floor":28,"key":"Ginger"},{"floor":28,"key":"Dodecahedron"},{"floor":36,"key":"Thread and Needle"},{"floor":40,"key":"PreservedInsect"},{"floor":43,"key":"StoneCalendar"}],"event_choices":[{"damage_healed":0.0,"max_hp_gain":0.0,"max_hp_loss":0.0,"gold_gain":0.0,"event_name":"Shining Light","player_choice":"Entered Light","floor":2.0,"gold_loss":0.0,"damage_taken":16.0,"cards_upgraded":["Twin Strike","Fire Breathing"]},{"damage_healed":0.0,"max_hp_gain":0.0,"max_hp_loss":0.0,"gold_gain":0.0,"event_name":"Lab","player_choice":"Got Potions","floor":4.0,"gold_loss":0.0,"damage_taken":0.0},{"cards_removed":["Fire Breathing"],"damage_healed":17,"gold_gain":0,"player_choice":"Offered Uncommon","damage_taken":0,"max_hp_gain":0,"max_hp_loss":0,"event_name":"Bonfire Elementals","floor":20,"gold_loss":0},{"damage_healed":0,"gold_gain":0,"player_choice":"Fight","damage_taken":0,"max_hp_gain":0,"max_hp_loss":0,"event_name":"Colosseum","floor":28,"gold_loss":0},{"damage_healed":0,"gold_gain":0,"player_choice":"Fought Nobs","damage_taken":0,"max_hp_gain":0,"max_hp_loss":0,"event_name":"Colosseum","floor":28,"gold_loss":0},{"damage_healed":0,"gold_gain":0,"player_choice":"Fight","damage_taken":0,"max_hp_gain":0,"max_hp_loss":0,"event_name":"MindBloom","floor":36,"gold_loss":0},{"damage_healed":0,"gold_gain":0,"player_choice":"Embrace Madness","damage_taken":11,"max_hp_gain":0,"max_hp_loss":0,"event_name":"Winding Halls","floor":39,"gold_loss":0,"cards_obtained":["Madness","Madness"]},{"damage_healed":0,"gold_gain":75,"player_choice":"Touch","damage_taken":9,"max_hp_gain":0,"max_hp_loss":0,"event_name":"FaceTrader","floor":41,"gold_loss":0}],"is_beta":false,"boss_relics":[{"not_picked":["Sozu","Lizard Tail"],"picked":"Fusion Hammer"},{"not_picked":["Orrery","Eternal Feather"],"picked":"White Beast Statue"}],"items_purged_floors":[11,38],"is_endless":false,"potions_floor_spawned":[3,5,11,16,19,23,28,33,35,36,37,40,44,45,46,47,48],"ascension_level":1}