{"gold_per_floor":[17,33,48,59,73,99,110,145,145,180,47,47],"floor_reached":12,"playtime":478,"items_purged":["Strike_R"],"score":204,"play_id":"d78759a8-909a-4e43-b99d-0e5a2ee3bea3","local_time":"20190205005730","is_ascension_mode":true,"campfire_choices":[],"neow_cost":"NO_GOLD","seed_source_timestamp":2515267621814588,"circlet_count":0,"master_deck":["AscendersBane","Strike_R","Strike_R","Strike_R","Strike_R","Defend_R","Defend_R","Defend_R","Defend_R","Bash","Immolate","Clothesline","Shrug It Off","True Grit","Immolate","Shrug It Off","Armaments","Feel No Pain"],"relics":["Burning Blood","Juzu Bracelet","Smiling Mask","Gremlin Horn","Gambling Chip"],"potions_floor_usage":[6,8],"damage_taken":[{"damage":0,"enemies":"Cultist","floor":1,"turns":2},{"damage":3,"enemies":"Small Slimes","floor":2,"turns":2},{"damage":3,"enemies":"2 Louse","floor":3,"turns":2},{"damage":12,"enemies":"Looter","floor":4,"turns":3},{"damage":2,"enemies":"3 Louse","floor":5,"turns":3},{"damage":40,"enemies":"Gremlin Nob","floor":6,"turns":5},{"damage":0,"enemies":"Gremlin Gang","floor":7,"turns":2},{"damage":29,"enemies":"3 Sentries","floor":8,"turns":6},{"damage":30,"enemies":"Gremlin Nob","floor":10,"turns":4},{"damage":14,"enemies":"Red Slaver","floor":12,"turns":5}],"seed_played":"4924115197243495473","potions_obtained":[{"floor":3,"key":"Regen Potion"},{"floor":4,"key":"SteroidPotion"},{"floor":7,"key":"SteroidPotion"}],"is_trial":false,"path_per_floor":["M","M","M","M","M","E","M","E","T","E","$","M"],"character_chosen":"IRONCLAD","items_purchased":["Feel No Pain"],"campfire_rested":0,"item_purchase_floors":[11],"current_hp_per_floor":[74,75,75,69,73,39,45,34,34,10,10,0],"gold":47,"neow_bonus":"THREE_RARE_CARDS","is_prod":false,"is_daily":false,"chose_seed":false,"campfire_upgraded":0,"win_rate":0,"timestamp":1549357050,"path_taken":["M","?","M","M","M","E","M","E","T","E","$","M"],"build_version":"2019-01-23","purchased_purges":1,"victory":false,"max_hp_per_floor":[75,75,75,75,75,75,75,75,75,75,75,75],"card_choices":[{"not_picked":["Fiend Fire","Exhume"],"picked":"Immolate","floor":0},{"not_picked":["Rampage","Headbutt"],"picked":"Clothesline","floor":1},{"not_picked":["Clash","Sever Soul","Thunderclap"],"picked":"SKIP","floor":2},{"not_picked":["Thunderclap","Clash","Body Slam"],"picked":"SKIP","floor":3},{"not_picked":["Body Slam","Seeing Red"],"picked":"Shrug It Off","floor":4},{"not_picked":["Second Wind","Twin Strike"],"picked":"True Grit","floor":5},{"not_picked":["Entrench","Shockwave"],"picked":"Immolate","floor":6},{"not_picked":["Iron Wave","Whirlwind"],"picked":"Shrug It Off","floor":7},{"not_picked":["Rupture","Clash","Ghostly Armor"],"picked":"SKIP","floor":8},{"not_picked":["Pommel Strike","Havoc"],"picked":"Armaments","floor":10}],"player_experience":1216804,"relics_obtained":[{"floor":6,"key":"Juzu Bracelet"},{"floor":8,"key":"Smiling Mask"},{"floor":9,"key":"Gremlin Horn"},{"floor":10,"key":"Gambling Chip"}],"event_choices":[],"is_beta":true,"boss_relics":[],"items_purged_floors":[11],"is_endless":false,"potions_floor_spawned":[3,4,7],"killed_by":"Red Slaver","ascension_level":20}