{"gold_per_floor":[116,116,132,147,38,64,239,270,270,303,320,320,339,614,614,614],"floor_reached":16,"playtime":852,"items_purged":["Pain"],"score":132,"play_id":"71303386-45db-4407-9a74-2d9bbb1a3b79","local_time":"20190910110500","is_ascension_mode":true,"campfire_choices":[{"floor":12,"key":"REST"},{"data":"Uppercut","floor":15,"key":"SMITH"}],"neow_cost":"NONE","seed_source_timestamp":558301835134300,"circlet_count":0,"master_deck":["Strike_R","Strike_R","Strike_R","Strike_R","Strike_R","Defend_R","Defend_R","Defend_R","Defend_R","Bash","Armaments","Pommel Strike","Cleave","Inflame","Inflame","Doubt","Uppercut+1","Flex","Sword Boomerang","Regret"],"relics":["Burning Blood","NeowsBlessing","WarpedTongs","Boot","Shuriken","Paper Frog"],"potions_floor_usage":[8,10],"damage_taken":[{"damage":0,"enemies":"2 Louse","floor":1,"turns":1},{"damage":1,"enemies":"Cultist","floor":3,"turns":1},{"damage":1,"enemies":"Jaw Worm","floor":4,"turns":1},{"damage":35,"enemies":"Gremlin Nob","floor":6,"turns":5},{"damage":36,"enemies":"Lagavulin","floor":8,"turns":5},{"damage":18,"enemies":"3 Sentries","floor":10,"turns":6},{"damage":8,"enemies":"Looter","floor":11,"turns":2},{"damage":13,"enemies":"Lots of Slimes","floor":13,"turns":3},{"damage":53,"enemies":"The Guardian","floor":16,"turns":8}],"seed_played":"8156375173338295736","potions_obtained":[{"floor":3,"key":"Regen Potion"},{"floor":8,"key":"Regen Potion"}],"is_trial":false,"path_per_floor":["M","?","M","M","$","E","?","E","T","E","M","R","M","?","R","B"],"character_chosen":"IRONCLAD","items_purchased":["Inflame"],"campfire_rested":1,"item_purchase_floors":[5],"current_hp_per_floor":[80,80,80,80,80,51,51,35,35,38,36,60,53,53,53,0],"gold":614,"neow_bonus":"THREE_ENEMY_KILL","is_prod":false,"is_daily":false,"chose_seed":false,"campfire_upgraded":1,"win_rate":0,"timestamp":1568084700,"path_taken":["M","?","?","M","$","E","?","E","T","E","M","R","M","?","R","BOSS"],"build_version":"2019-07-17","purchased_purges":1,"victory":false,"max_hp_per_floor":[80,80,80,80,80,80,80,80,80,80,80,80,80,80,80,80],"card_choices":[{"not_picked":["True Grit","Heavy Blade"],"picked":"Armaments","floor":1},{"not_picked":["True Grit","Warcry"],"picked":"Pommel Strike","floor":3},{"not_picked":["Pommel Strike","Iron Wave"],"picked":"Cleave","floor":4},{"not_picked":["Impervious","Cleave"],"picked":"Inflame","floor":6},{"not_picked":["Wild Strike","Power Through","Clash"],"picked":"SKIP","floor":8},{"not_picked":["True Grit","Dropkick"],"picked":"Uppercut","floor":10},{"not_picked":["Searing Blow","Armaments"],"picked":"Flex","floor":11},{"not_picked":["Searing Blow","Clothesline"],"picked":"Sword Boomerang","floor":13}],"player_experience":98254,"relics_obtained":[{"floor":6,"key":"Boot"},{"floor":8,"key":"Shuriken"},{"floor":10,"key":"Paper Frog"}],"event_choices":[{"damage_healed":0,"gold_gain":0,"player_choice":"Rummage","damage_taken":0,"relics_obtained":["WarpedTongs"],"max_hp_gain":0,"max_hp_loss":0,"event_name":"Accursed Blacksmith","floor":2,"gold_loss":0,"cards_obtained":["Pain"]},{"damage_healed":0,"gold_gain":175,"player_choice":"AGREE","damage_taken":0,"max_hp_gain":0,"max_hp_loss":0,"event_name":"Liars Game","floor":7,"gold_loss":0,"cards_obtained":["Doubt"]},{"damage_healed":0,"gold_gain":275,"player_choice":"Desecrate","damage_taken":0,"max_hp_gain":0,"max_hp_loss":0,"event_name":"Golden Shrine","floor":14,"gold_loss":0,"cards_obtained":["Regret"]}],"is_beta":false,"boss_relics":[],"items_purged_floors":[5],"is_endless":false,"potions_floor_spawned":[3,8],"killed_by":"The Guardian","ascension_level":2}