{"gold_per_floor":[14,31,50,50,70,103,119,119,195,0,32,52,52,65,65,165,165,165,165,165,165,165,165,165,165],"floor_reached":25,"playtime":11177,"items_purged":["Defend_R"],"score":244,"play_id":"3b2a83a0-6eb7-4cc8-96c8-22c609b3256d","local_time":"20181024192612","is_ascension_mode":false,"campfire_choices":[{"data":"Rage","floor":8,"key":"SMITH"},{"data":"Armaments","floor":13,"key":"SMITH"},{"data":"Uppercut","floor":15,"key":"SMITH"},{"data":"Barricade","floor":23,"key":"SMITH"}],"neow_cost":"NO_GOLD","seed_source_timestamp":342010469514766,"circlet_count":0,"master_deck":["Strike_R","Strike_R","Strike_R","Strike_R","Defend_R","Defend_R","Defend_R","Bash","Headbutt","Anger","Sword Boomerang","Shrug It Off","Clash","Rage+1","Feed","Perfected Strike","Uppercut+1","Armaments+1","Dropkick","Barricade+1","Entrench","Flame Barrier","Decay","Iron Wave","Cleave","Dropkick"],"relics":["Burning Blood","Unceasing Top","Ginger","Question Card","Calipers","Ectoplasm"],"potions_floor_usage":[],"damage_taken":[{"damage":0,"enemies":"Small Slimes","floor":1,"turns":3},{"damage":1,"enemies":"Cultist","floor":2,"turns":3},{"damage":11,"enemies":"Jaw Worm","floor":3,"turns":3},{"damage":6,"enemies":"Red Slaver","floor":5,"turns":3},{"damage":39,"enemies":"Lagavulin","floor":6,"turns":6},{"damage":0,"enemies":"Looter","floor":7,"turns":2},{"damage":0,"enemies":"Gremlin Nob","floor":11,"turns":3},{"damage":0,"enemies":"Blue Slaver","floor":12,"turns":2},{"damage":0,"enemies":"2 Fungi Beasts","floor":14,"turns":2},{"damage":66,"enemies":"The Guardian","floor":16,"turns":11},{"damage":17,"enemies":"Spheric Guardian","floor":18,"turns":4},{"damage":0,"enemies":"Shell Parasite","floor":19,"turns":4},{"damage":10,"enemies":"Cultist and Chosen","floor":21,"turns":8},{"damage":12,"enemies":"Shelled Parasite and Fungi","floor":22,"turns":6},{"damage":46,"enemies":"Sentry and Sphere","floor":24,"turns":8},{"damage":41,"enemies":"Gremlin Leader","floor":25,"turns":7}],"seed_played":"2396190027876553185","potions_obtained":[{"floor":2,"key":"SkillPotion"},{"floor":7,"key":"Ancient Potion"},{"floor":11,"key":"SmokeBomb"},{"floor":22,"key":"SpeedPotion"},{"floor":24,"key":"EntropicBrew"}],"is_trial":false,"path_per_floor":["M","M","M","?","M","E","M","R","T","$","E","M","R","M","R","B",null,"M","M","?","M","M","R","M"],"character_chosen":"IRONCLAD","items_purchased":["Feed","Perfected Strike"],"campfire_rested":0,"item_purchase_floors":[10,10],"current_hp_per_floor":[80,80,75,75,75,42,48,48,48,48,54,60,60,69,69,9,83,72,78,78,77,71,71,35,0],"gold":165,"neow_bonus":"ONE_RARE_RELIC","is_prod":false,"is_daily":false,"chose_seed":false,"campfire_upgraded":4,"win_rate":0.0,"timestamp":1540423572,"path_taken":["M","M","M","?","M","E","M","R","T","$","E","M","R","M","R","BOSS","M","M","?","M","M","R","M","E"],"build_version":"2018-10-18","purchased_purges":1,"victory":false,"max_hp_per_floor":[80,80,80,80,80,80,80,80,80,80,80,80,80,83,83,83,83,83,83,83,86,86,86,90,90],"card_choices":[{"not_picked":["Thunderclap","Cleave"],"picked":"Headbutt","floor":1},{"not_picked":["Headbutt","Disarm"],"picked":"Anger","floor":2},{"not_picked":["Twin Strike","Shrug It Off"],"picked":"Sword Boomerang","floor":3},{"not_picked":["Intimidate","Combust"],"picked":"Shrug It Off","floor":5},{"not_picked":["Clothesline","Intimidate"],"picked":"Clash","floor":6},{"not_picked":["Searing Blow","Warcry"],"picked":"Rage","floor":7},{"not_picked":["Thunderclap","Intimidate","Headbutt"],"picked":"Uppercut","floor":11},{"not_picked":["Warcry","True Grit","Fiend Fire"],"picked":"Armaments","floor":12},{"not_picked":["Blood for Blood","Feel No Pain","Intimidate"],"picked":"Dropkick","floor":14},{"not_picked":["Impervious","Fiend Fire","Berserk"],"picked":"Barricade","floor":16},{"not_picked":["Pommel Strike","Seeing Red+1","Armaments"],"picked":"Entrench","floor":18},{"not_picked":["Pommel Strike+1","Bludgeon","Clothesline"],"picked":"Flame Barrier","floor":19},{"not_picked":["Clothesline+1","Fire Breathing","Clash"],"picked":"Iron Wave","floor":21},{"not_picked":["True Grit","Feed","Rupture"],"picked":"Cleave","floor":22},{"not_picked":["Armaments","Shockwave","True Grit"],"picked":"Dropkick","floor":24}],"player_experience":14194,"relics_obtained":[{"floor":6,"key":"Ginger"},{"floor":9,"key":"Question Card"},{"floor":11,"key":"Calipers"}],"event_choices":[{"cards_removed":["Strike_R"],"damage_healed":0,"gold_gain":0,"player_choice":"Card Removal","damage_taken":0,"max_hp_gain":0,"max_hp_loss":0,"event_name":"Wheel of Change","floor":4,"gold_loss":0},{"damage_healed":0,"gold_gain":0,"player_choice":"Cursed","damage_taken":0,"max_hp_gain":0,"max_hp_loss":0,"event_name":"Wheel of Change","floor":20,"gold_loss":0,"cards_obtained":["Decay"]}],"is_beta":false,"boss_relics":[{"not_picked":["Coffee Dripper","Cursed Key"],"picked":"Ectoplasm"}],"items_purged_floors":[10],"is_endless":false,"potions_floor_spawned":[2,7,11,16,18,22,24],"killed_by":"Gremlin Leader","ascension_level":0}