{"gold_per_floor":[117,130,130,143,143,143,171,189,189,114,114,127,140,215,215,320,320,337,337,337,76,89,89,116,130,181,181,181,181,196,45,45,140,140,157,257,276,276,292,320,195,206,206,56,74,85,97,110,110,110],"floor_reached":51,"playtime":4542,"items_purged":["Defend_R","Strike_R","Strike_R","Strike_R"],"score":701,"play_id":"55a44de4-c2c0-4ef4-a59c-8a0102cf9ef3","local_time":"20190417112128","is_ascension_mode":false,"campfire_choices":[{"data":"Feed","floor":6.0,"key":"SMITH"},{"data":"1","floor":11.0,"key":"LIFT"},{"data":"2","floor":15.0,"key":"LIFT"},{"data":"3","floor":23.0,"key":"LIFT"},{"floor":27.0,"key":"RECALL"},{"floor":32.0,"key":"REST"},{"floor":49,"key":"REST"}],"neow_cost":"NONE","seed_source_timestamp":0,"circlet_count":0,"master_deck":["Strike_R","Strike_R","Defend_R+1","Defend_R+1","Bash","Feed+1","Rage","Feed","Twin Strike+1","Double Tap","Iron Wave+1"],"special_seed":0,"relics":["Burning Blood","Art of War","Pantograph","Magic Flower","Girya","Fusion Hammer","StoneCalendar","Pen Nib","Nilry\u0027s Codex","Orichalcum","Philosopher\u0027s Stone","Ornamental Fan","Kunai"],"potions_floor_usage":[50,50,50],"damage_taken":[{"damage":2.0,"enemies":"2 Louse","floor":1.0,"turns":2.0},{"damage":4.0,"enemies":"Small Slimes","floor":2.0,"turns":4.0},{"damage":0.0,"enemies":"Jaw Worm","floor":4.0,"turns":3.0},{"damage":43.0,"enemies":"3 Sentries","floor":7.0,"turns":13.0},{"damage":6.0,"enemies":"3 Louse","floor":8.0,"turns":4.0},{"damage":5.0,"enemies":"Exordium Wildlife","floor":12.0,"turns":5.0},{"damage":6.0,"enemies":"Blue Slaver","floor":13.0,"turns":4.0},{"damage":42.0,"enemies":"Hexaghost","floor":16.0,"turns":9.0},{"damage":0.0,"enemies":"Chosen","floor":18.0,"turns":4.0},{"damage":1.0,"enemies":"3 Byrds","floor":22.0,"turns":6.0},{"damage":53.0,"enemies":"Slavers","floor":24.0,"turns":6.0},{"damage":5.0,"enemies":"Centurion and Healer","floor":25.0,"turns":5.0},{"damage":31.0,"enemies":"Snake Plant","floor":30.0,"turns":4.0},{"damage":51.0,"enemies":"Automaton","floor":33.0,"turns":8.0},{"damage":0.0,"enemies":"3 Shapes","floor":35.0,"turns":4.0},{"damage":15.0,"enemies":"3 Darklings","floor":37.0,"turns":5.0},{"damage":0.0,"enemies":"Transient","floor":39.0,"turns":5.0},{"damage":51.0,"enemies":"Giant Head","floor":40.0,"turns":7.0},{"damage":14,"enemies":"Jaw Worm Horde","floor":42,"turns":3},{"damage":1,"enemies":"3 Darklings","floor":45,"turns":5},{"damage":0,"enemies":"4 Shapes","floor":46,"turns":5},{"damage":0,"enemies":"Jaw Worm Horde","floor":47,"turns":4},{"damage":0,"enemies":"Transient","floor":48,"turns":5},{"damage":96,"enemies":"Time Eater","floor":50,"turns":11}],"seed_played":"8562675789715310403","potions_obtained":[{"floor":7.0,"key":"FearPotion"},{"floor":12.0,"key":"LiquidBronze"},{"floor":13.0,"key":"Strength Potion"},{"floor":16.0,"key":"BloodPotion"},{"floor":18.0,"key":"Ancient Potion"},{"floor":22.0,"key":"BloodPotion"},{"floor":24.0,"key":"Regen Potion"},{"floor":35.0,"key":"BloodPotion"}],"is_trial":false,"path_per_floor":["M","M","?","M","?","R","E","M","T","$","R","M","M","?","R","B",null,"M","?","?","$","M","R","E","M","T","R","?","?","M","$","R","B",null,"M","?","M","?","M","E","$","M","T","$","M","M","M","M","R","B",null],"character_chosen":"IRONCLAD","items_purchased":["Double Tap","Orichalcum"],"campfire_rested":2,"item_purchase_floors":[21,31],"current_hp_per_floor":[80,80,64,70,58,58,25,34,34,34,34,44,53,42,42,53,100,104,83,83,83,102,102,63,100,100,100,84,84,68,68,107,88,130,137,137,131,131,137,95,95,101,101,101,109,129,149,158,158,140],"gold":110,"neow_bonus":"RANDOM_COMMON_RELIC","is_prod":false,"is_daily":false,"chose_seed":false,"campfire_upgraded":1,"win_rate":0,"timestamp":1555525288,"path_taken":["M","M","?","M","?","R","E","M","T","$","R","M","M","?","R","BOSS","M","?","?","$","M","R","E","M","T","R","?","?","?","$","R","BOSS","M","?","?","?","M","E","$","?","T","?","M","M","?","M","R","BOSS"],"build_version":"2019-04-04","purchased_purges":4,"victory":true,"max_hp_per_floor":[80,80,80,80,80,80,84,88,88,88,88,92,96,96,96,100,100,104,109,109,109,116,116,119,126,126,126,126,126,130,130,130,130,130,137,137,137,137,137,137,137,144,144,144,144,151,158,158,158,158],"card_choices":[{"not_picked":["Twin Strike","Headbutt","Thunderclap"],"picked":"SKIP","floor":1.0},{"not_picked":["Perfected Strike","Iron Wave","Flex"],"picked":"SKIP","floor":2.0},{"not_picked":["Iron Wave","Seeing Red"],"picked":"Feed","floor":4.0},{"not_picked":["Heavy Blade","Havoc"],"picked":"Rage","floor":7.0},{"not_picked":["Clash","Sentinel","Anger"],"picked":"SKIP","floor":8.0},{"not_picked":["Carnage","Body Slam","True Grit"],"picked":"SKIP","floor":12.0},{"not_picked":["Combust","Twin Strike","Infernal Blade"],"picked":"SKIP","floor":13.0},{"not_picked":["Impervious","Juggernaut"],"picked":"Feed","floor":16.0},{"not_picked":["Clothesline","Flame Barrier"],"picked":"Twin Strike+1","floor":18.0},{"not_picked":["Headbutt","Armaments","Clash"],"picked":"SKIP","floor":22.0},{"not_picked":["Brutality","Seeing Red"],"picked":"Iron Wave+1","floor":24.0},{"not_picked":["Iron Wave","Cleave","Twin Strike+1"],"picked":"SKIP","floor":25.0},{"not_picked":["Metallicize","Havoc","Iron Wave"],"picked":"SKIP","floor":30.0},{"not_picked":["Body Slam+1","Clothesline","Flex"],"picked":"SKIP","floor":35.0},{"not_picked":["Inflame","Pommel Strike","Cleave"],"picked":"SKIP","floor":37.0},{"not_picked":["Cleave+1","Searing Blow+1","Perfected Strike+1"],"picked":"SKIP","floor":39.0},{"not_picked":["Bludgeon","Twin Strike+1","Havoc+1"],"picked":"SKIP","floor":40.0},{"not_picked":["Heavy Blade+1","Armaments","Battle Trance+1"],"picked":"SKIP","floor":42},{"not_picked":["Shrug It Off","Ghostly Armor+1","Body Slam+1"],"picked":"SKIP","floor":45},{"not_picked":["Havoc","Headbutt+1","Sword Boomerang"],"picked":"SKIP","floor":46},{"not_picked":["Wild Strike","Armaments","Twin Strike+1"],"picked":"SKIP","floor":47},{"not_picked":["Fiend Fire","Inflame+1","Iron Wave"],"picked":"SKIP","floor":48}],"player_experience":3409185,"relics_obtained":[{"floor":7.0,"key":"Magic Flower"},{"floor":9.0,"key":"Girya"},{"floor":24.0,"key":"StoneCalendar"},{"floor":26.0,"key":"Pen Nib"},{"floor":28.0,"key":"Nilry\u0027s Codex"},{"floor":40.0,"key":"Ornamental Fan"},{"floor":43,"key":"Kunai"}],"event_choices":[{"damage_healed":0.0,"max_hp_gain":0.0,"max_hp_loss":0.0,"gold_gain":0.0,"event_name":"Shining Light","player_choice":"Entered Light","floor":3.0,"gold_loss":0.0,"damage_taken":16.0,"cards_upgraded":["Defend_R","Defend_R"]},{"damage_healed":0.0,"max_hp_gain":0.0,"max_hp_loss":0.0,"gold_gain":0.0,"event_name":"Scrap Ooze","player_choice":"Success","floor":5.0,"gold_loss":0.0,"damage_taken":12.0,"relics_obtained":["Pantograph"]},{"damage_healed":0.0,"max_hp_gain":0.0,"max_hp_loss":0.0,"gold_gain":75.0,"event_name":"World of Goop","player_choice":"Gather Gold","floor":14.0,"gold_loss":0.0,"damage_taken":11.0},{"damage_healed":0.0,"max_hp_gain":5.0,"max_hp_loss":0.0,"gold_gain":0.0,"event_name":"Forgotten Altar","player_choice":"Shed Blood","floor":19.0,"gold_loss":0.0,"damage_taken":26.0},{"cards_removed":["Defend_R"],"damage_healed":0.0,"max_hp_gain":0.0,"max_hp_loss":0.0,"gold_gain":0.0,"event_name":"Back to Basics","player_choice":"Elegance","floor":20.0,"gold_loss":0.0,"damage_taken":0.0},{"damage_healed":0.0,"max_hp_gain":0.0,"max_hp_loss":0.0,"gold_gain":0.0,"event_name":"Cursed Tome","player_choice":"Obtained Book","floor":28.0,"gold_loss":0.0,"damage_taken":16.0},{"damage_healed":0.0,"max_hp_gain":0.0,"max_hp_loss":0.0,"gold_gain":0.0,"event_name":"Vampires","player_choice":"Ignored","floor":29.0,"gold_loss":0.0,"damage_taken":0.0},{"damage_healed":0.0,"max_hp_gain":0.0,"max_hp_loss":0.0,"gold_gain":100.0,"event_name":"Golden Shrine","player_choice":"Pray","floor":36.0,"gold_loss":0.0,"damage_taken":0.0},{"damage_healed":0.0,"max_hp_gain":0.0,"max_hp_loss":0.0,"gold_gain":0.0,"event_name":"The Woman in Blue","player_choice":"Bought 0 Potions","floor":38.0,"gold_loss":0.0,"damage_taken":0.0}],"is_beta":true,"boss_relics":[{"not_picked":["Cursed Key","Lizard Tail"],"picked":"Fusion Hammer"},{"not_picked":["Snecko Eye","Runic Dome"],"picked":"Philosopher\u0027s Stone"}],"items_purged_floors":[10,21,41,44],"is_endless":false,"potions_floor_spawned":[7,12,13,16,18,22,24,35,45,46,47],"ascension_level":0}