{"gold_per_floor":[17,29,29,29,29,29,63,80,80,111,111,128,128,146,146,146],"floor_reached":16,"playtime":1392,"items_purged":[],"score":204,"play_id":"b68e86c9-1967-419e-b22e-46083c91845d","local_time":"20190226170924","is_ascension_mode":true,"campfire_choices":[{"floor":6,"key":"REST"},{"floor":13,"key":"REST"},{"floor":15,"key":"REST"}],"neow_cost":"NO_GOLD","seed_source_timestamp":9007218393297,"circlet_count":0,"master_deck":["AscendersBane","Defend_G","Defend_G+1","Defend_G","Defend_G","Defend_G+1","Strike_G","Strike_G","Strike_G","Strike_G","Strike_G","Survivor","Neutralize","Adrenaline","Bouncing Flask","Bouncing Flask","Night Terror","Calculated Gamble","Deadly Poison","Burst"],"relics":["Ring of the Snake","Question Card","The Courier","Snake Skull","Prayer Wheel"],"potions_floor_usage":[7,10,12],"damage_taken":[{"damage":1,"enemies":"Cultist","floor":1,"turns":5},{"damage":1,"enemies":"Small Slimes","floor":2,"turns":3},{"damage":26,"enemies":"3 Sentries","floor":7,"turns":9},{"damage":4,"enemies":"Jaw Worm","floor":8,"turns":3},{"damage":12,"enemies":"Lagavulin","floor":10,"turns":4},{"damage":0,"enemies":"Exordium Wildlife","floor":12,"turns":4},{"damage":8,"enemies":"3 Louse","floor":14,"turns":4},{"damage":35,"enemies":"Slime Boss","floor":16,"turns":10}],"seed_played":"-6020575911841152684","potions_obtained":[{"floor":1,"key":"PowerPotion"},{"floor":8,"key":"GamblersBrew"},{"floor":10,"key":"Fire Potion"}],"is_trial":false,"path_per_floor":["M","M","$","?","?","R","E","M","T","E","?","M","R","M","R","B"],"character_chosen":"THE_SILENT","items_purchased":[],"campfire_rested":3,"item_purchase_floors":[],"current_hp_per_floor":[58,57,57,37,26,45,19,15,15,3,3,3,22,14,33,0],"gold":146,"neow_bonus":"THREE_RARE_CARDS","is_prod":false,"is_daily":false,"chose_seed":false,"campfire_upgraded":0,"win_rate":0,"timestamp":1551218964,"path_taken":["M","M","?","?","?","R","E","M","T","E","?","M","R","M","R","BOSS"],"build_version":"2019-01-23","purchased_purges":0,"victory":false,"max_hp_per_floor":[66,66,66,66,66,66,66,66,66,66,66,66,66,66,66,66],"card_choices":[{"not_picked":["Tools of the Trade","Phantasmal Killer"],"picked":"Adrenaline","floor":0},{"not_picked":["Dagger Spray","Caltrops"],"picked":"Bouncing Flask","floor":1},{"not_picked":["Deflect","Prepared"],"picked":"Bouncing Flask","floor":2},{"not_picked":["Dodge and Roll","Deflect","Dagger Spray"],"picked":"Night Terror","floor":7},{"not_picked":["Reflex","Dagger Spray","Deflect"],"picked":"Calculated Gamble","floor":8},{"not_picked":["Dagger Spray","Quick Slash","Skewer"],"picked":"Deadly Poison","floor":10},{"not_picked":["Bane","Calculated Gamble","Dagger Throw","Deadly Poison"],"picked":"SKIP","floor":12},{"not_picked":["Expertise","Slice","Riddle With Holes","Dagger Throw"],"picked":"SKIP","floor":12},{"not_picked":["Acrobatics","Dagger Throw","Terror"],"picked":"Burst","floor":14},{"not_picked":["Acrobatics","Skewer","Tactician","Deflect"],"picked":"SKIP","floor":14}],"player_experience":359837,"relics_obtained":[{"floor":7,"key":"The Courier"},{"floor":9,"key":"Snake Skull"},{"floor":10,"key":"Prayer Wheel"}],"event_choices":[{"damage_healed":0,"gold_gain":0,"player_choice":"Entered Light","damage_taken":20,"max_hp_gain":0,"max_hp_loss":0,"event_name":"Shining Light","floor":4,"gold_loss":0,"cards_upgraded":["Defend_G","Defend_G"]},{"damage_healed":0,"gold_gain":0,"player_choice":"Success","damage_taken":11,"relics_obtained":["Question Card"],"max_hp_gain":0,"max_hp_loss":0,"event_name":"Scrap Ooze","floor":5,"gold_loss":0},{"damage_healed":0,"gold_gain":0,"player_choice":"Ignored","damage_taken":0,"max_hp_gain":0,"max_hp_loss":0,"event_name":"Golden Idol","floor":11,"gold_loss":0}],"is_beta":false,"boss_relics":[],"items_purged_floors":[],"is_endless":false,"potions_floor_spawned":[1,8,10],"killed_by":"Slime Boss","ascension_level":17}