{"gold_per_floor":[112,129,143,68,68,68,95,115,115,115,115],"floor_reached":11,"playtime":450,"items_purged":[],"score":142,"play_id":"9d648bb0-56bd-465b-aa81-39d48a71d596","local_time":"20190314153347","is_ascension_mode":true,"campfire_choices":[{"data":"Bash","floor":6,"key":"SMITH"},{"floor":10,"key":"REST"}],"neow_cost":"NONE","seed_source_timestamp":390595482738756,"circlet_count":0,"master_deck":["AscendersBane","Strike_R","Strike_R","Strike_R","Strike_R","Defend_R","Defend_R","Defend_R","Defend_R","Bash+1","Pommel Strike","True Grit","Flame Barrier"],"relics":["Burning Blood","Vajra","Blood Vial"],"potions_floor_usage":[7],"damage_taken":[{"damage":9,"enemies":"Jaw Worm","floor":1,"turns":5},{"damage":3,"enemies":"2 Louse","floor":2,"turns":2},{"damage":5,"enemies":"Small Slimes","floor":3,"turns":4},{"damage":62,"enemies":"Lagavulin","floor":7,"turns":11},{"damage":14,"enemies":"Exordium Wildlife","floor":8,"turns":5},{"damage":39,"enemies":"3 Sentries","floor":11,"turns":7}],"seed_played":"-7534795517474441093","potions_obtained":[{"floor":3,"key":"FearPotion"}],"is_trial":false,"path_per_floor":["M","M","M","?","?","R","E","M","T","R","E"],"character_chosen":"IRONCLAD","items_purchased":[],"campfire_rested":1,"item_purchase_floors":[],"current_hp_per_floor":[72,75,76,76,76,76,20,12,12,36,0],"gold":115,"neow_bonus":"TEN_PERCENT_HP_BONUS","is_prod":false,"is_daily":false,"chose_seed":false,"campfire_upgraded":1,"win_rate":0,"timestamp":1552574027,"path_taken":["M","M","M","?","?","R","E","M","T","R","E"],"build_version":"2019-02-06","purchased_purges":0,"victory":false,"max_hp_per_floor":[82,82,82,82,82,82,82,82,82,82,82],"card_choices":[{"not_picked":["Heavy Blade","Iron Wave"],"picked":"Pommel Strike","floor":1},{"not_picked":["Reckless Charge","Warcry"],"picked":"True Grit","floor":2},{"not_picked":["Body Slam","Whirlwind","Dark Embrace"],"picked":"SKIP","floor":3},{"not_picked":["Perfected Strike","Thunderclap","Clash"],"picked":"SKIP","floor":7},{"not_picked":["Whirlwind","Cleave"],"picked":"Flame Barrier","floor":8}],"player_experience":279139,"relics_obtained":[{"floor":7,"key":"Vajra"},{"floor":9,"key":"Blood Vial"}],"event_choices":[{"cards_removed":["Strike_R"],"damage_healed":0,"gold_gain":0,"player_choice":"Card Removal","damage_taken":0,"max_hp_gain":0,"max_hp_loss":0,"event_name":"The Cleric","floor":4,"gold_loss":75},{"damage_healed":0,"gold_gain":0,"player_choice":"Ignored","damage_taken":0,"max_hp_gain":0,"max_hp_loss":0,"event_name":"Liars Game","floor":5,"gold_loss":0}],"is_beta":true,"boss_relics":[],"items_purged_floors":[],"is_endless":false,"potions_floor_spawned":[3],"killed_by":"3 Sentries","ascension_level":19}