{"gold_per_floor":[113,126,136,148,159,159,186,57,57,57,74,102,121,155,155,226,226,241,259,67,67,67,67,78,78,78,103,115,140,202,214],"floor_reached":31,"playtime":2705,"items_purged":["Strike_B"],"score":485,"play_id":"7309c768-2398-45b6-a30d-ed51d4f48f9d","local_time":"20180803215100","is_ascension_mode":true,"campfire_choices":[{"data":"Defragment","floor":6,"key":"SMITH"},{"floor":10,"key":"REST"},{"data":"Loop","floor":15,"key":"SMITH"},{"floor":23,"key":"REST"},{"floor":25,"key":"REST"}],"neow_cost":"NONE","seed_source_timestamp":0,"circlet_count":0,"master_deck":["Strike_B+1","Strike_B+1","Strike_B+1","Defend_B+1","Defend_B+1","Defend_B+1","Defend_B+1","Zap+1","Dualcast","AscendersBane","Sweeping Beam","Defragment+1","Leap","BootSequence+1","Rainbow","Rip and Tear","Cold Snap","Streamline","Loop+1","Machine Learning","Loop","Compile Driver","Necronomicurse","Sunder","Go for the Eyes"],"special_seed":0,"relics":["Cracked Core","Oddly Smooth Stone","War Paint","Pantograph","Girya","Darkstone Periapt","Fusion Hammer","Bag of Preparation","Necronomicon","Bottled Tornado","MawBank"],"potions_floor_usage":[12,27,31],"damage_taken":[{"damage":0.0,"enemies":"Small Slimes","floor":1.0,"turns":3.0},{"damage":8.0,"enemies":"2 Louse","floor":2.0,"turns":3.0},{"damage":0.0,"enemies":"Cultist","floor":3.0,"turns":3.0},{"damage":8.0,"enemies":"Large Slime","floor":4.0,"turns":5.0},{"damage":11,"enemies":"Looter","floor":5,"turns":4},{"damage":14,"enemies":"Lagavulin","floor":7,"turns":10},{"damage":10,"enemies":"Lots of Slimes","floor":11,"turns":4},{"damage":2,"enemies":"Gremlin Nob","floor":12,"turns":3},{"damage":0,"enemies":"Large Slime","floor":13,"turns":4},{"damage":10,"enemies":"Lagavulin","floor":14,"turns":5},{"damage":28,"enemies":"Slime Boss","floor":16,"turns":9},{"damage":4,"enemies":"Shell Parasite","floor":18,"turns":5},{"damage":12,"enemies":"Spheric Guardian","floor":19,"turns":4},{"damage":20,"enemies":"Slaver and Parasite","floor":24,"turns":5},{"damage":9,"enemies":"Gremlin Leader","floor":27,"turns":6},{"damage":25,"enemies":"Snake Plant","floor":29,"turns":3},{"damage":21,"enemies":"Centurion and Healer","floor":31,"turns":2}],"seed_played":"-4005050591997166473","potions_obtained":[{"floor":1.0,"key":"Ancient Potion"},{"floor":4.0,"key":"Weak Potion"},{"floor":11,"key":"EssenceOfSteel"},{"floor":12,"key":"LiquidBronze"},{"floor":13,"key":"PowerPotion"},{"floor":27,"key":"Strength Potion"}],"is_trial":false,"path_per_floor":["M","M","M","M","M","R","E","$","T","R","M","E","M","E","R","B",null,"M","M","$","?","?","R","M","R","T","E","$","M","?"],"character_chosen":"DEFECT","items_purchased":["Cold Snap","Bag of Preparation","Compile Driver"],"campfire_rested":3,"item_purchase_floors":[8,20,20],"current_hp_per_floor":[64,56,56,48,37,37,23,23,23,44,34,32,32,22,22,19,58,54,42,42,42,27,50,30,53,53,44,44,19,19,0],"gold":214,"neow_bonus":"RANDOM_COMMON_RELIC","is_prod":false,"is_daily":false,"chose_seed":false,"campfire_upgraded":2,"win_rate":0,"timestamp":1533358260,"path_taken":["M","M","M","M","M","R","E","$","T","R","M","E","M","E","R","BOSS","M","M","$","?","?","R","M","R","T","E","$","M","?","M"],"build_version":"2018-08-01","purchased_purges":1,"victory":false,"max_hp_per_floor":[71,71,71,71,71,71,71,71,71,71,71,71,71,71,71,71,71,71,71,71,71,77,77,77,77,77,77,77,77,77,77],"card_choices":[{"not_picked":["Melter","Leap"],"picked":"Sweeping Beam","floor":1.0},{"not_picked":["Redo","Conserve Battery"],"picked":"Defragment","floor":2.0},{"not_picked":["Sweeping Beam","Beam Cell"],"picked":"Leap","floor":3.0},{"not_picked":["Gash","Sweeping Beam"],"picked":"BootSequence","floor":4.0},{"not_picked":["Chill","Steam"],"picked":"Rainbow","floor":5},{"not_picked":["Double Energy","Beam Cell"],"picked":"Rip and Tear","floor":7},{"not_picked":["Redo","Undo"],"picked":"Streamline","floor":11},{"not_picked":["Rip and Tear","Steam","BootSequence"],"picked":"SKIP","floor":12},{"not_picked":["Rebound","Conserve Battery"],"picked":"Loop","floor":13},{"not_picked":["Steam","Undo","Hello World"],"picked":"SKIP","floor":14},{"not_picked":["Rainbow","Meteor Strike"],"picked":"Machine Learning","floor":16},{"not_picked":["Leap","Stack"],"picked":"Loop","floor":18},{"not_picked":["Gash","Coolheaded","Rebound"],"picked":"SKIP","floor":19},{"not_picked":["Sweeping Beam","Buffer"],"picked":"Sunder","floor":24},{"not_picked":["Skim","Barrage","BootSequence"],"picked":"SKIP","floor":27},{"not_picked":["Redo","Ball Lightning"],"picked":"Go for the Eyes","floor":29}],"player_experience":896098,"relics_obtained":[{"floor":7,"key":"War Paint"},{"floor":9,"key":"Pantograph"},{"floor":12,"key":"Girya"},{"floor":14,"key":"Darkstone Periapt"},{"floor":22,"key":"Necronomicon"},{"floor":26,"key":"Bottled Tornado"},{"floor":27,"key":"MawBank"}],"event_choices":[{"event_name":"Back to Basics","player_choice":"Simplicity","floor":21,"damage_taken":0},{"event_name":"Cursed Tome","player_choice":"Obtained Book","floor":22,"damage_taken":0},{"event_name":"Golden Shrine","player_choice":"Pray","floor":30,"damage_taken":0}],"is_beta":true,"boss_relics":[{"not_picked":["Black Star","Cursed Key"],"picked":"Fusion Hammer"}],"items_purged_floors":[8],"is_endless":false,"potions_floor_spawned":[1,4,11,12,13,27,29],"killed_by":"Centurion and Healer","ascension_level":15}