{"gold_per_floor":[361,381,54,71,84,84,100,100,100,128,128,128,153,53,53,53],"floor_reached":16,"playtime":1187,"items_purged":["Strike_R","Strike_R"],"score":184,"play_id":"61caf8e7-318e-4cf5-9d48-00445b909764","local_time":"20190312170400","is_ascension_mode":true,"campfire_choices":[{"data":"Bash","floor":6.0,"key":"SMITH"},{"data":"Corruption","floor":8.0,"key":"SMITH"},{"floor":11.0,"key":"REST"},{"floor":15.0,"key":"REST"}],"neow_cost":"PERCENT_DAMAGE","seed_source_timestamp":0,"circlet_count":0,"master_deck":["AscendersBane","Strike_R","Strike_R","Strike_R","Defend_R","Defend_R","Defend_R","Defend_R","Bash+1","Anger","Battle Trance","Corruption+1","Shrug It Off","Metallicize","Headbutt","Exhume","Body Slam"],"special_seed":0,"relics":["Burning Blood","Omamori","Ice Cream","Bottled Tornado","Golden Idol"],"potions_floor_usage":[],"damage_taken":[{"damage":1.0,"enemies":"Cultist","floor":1.0,"turns":3.0},{"damage":0.0,"enemies":"Small Slimes","floor":2.0,"turns":3.0},{"damage":7.0,"enemies":"2 Louse","floor":4.0,"turns":3.0},{"damage":13.0,"enemies":"Blue Slaver","floor":5.0,"turns":4.0},{"damage":37.0,"enemies":"Exordium Thugs","floor":7.0,"turns":6.0},{"damage":31.0,"enemies":"3 Sentries","floor":10.0,"turns":10.0},{"damage":13.0,"enemies":"Exordium Wildlife","floor":13.0,"turns":5.0},{"damage":50,"enemies":"Hexaghost","floor":16,"turns":10}],"seed_played":"-2685774923771451027","potions_obtained":[{"floor":4.0,"key":"Regen Potion"},{"floor":10.0,"key":"Weak Potion"}],"is_trial":false,"path_per_floor":["M","M","$","M","M","R","M","R","T","E","R","?","M","$","R","B"],"character_chosen":"IRONCLAD","items_purchased":["Corruption","Shrug It Off","Omamori"],"campfire_rested":2,"item_purchase_floors":[3,3,3],"current_hp_per_floor":[55,61,61,60,53,53,22,22,22,12,34,34,27,27,49,0],"gold":53,"neow_bonus":"TWO_FIFTY_GOLD","is_prod":false,"is_daily":false,"chose_seed":false,"campfire_upgraded":2,"win_rate":0,"timestamp":1552406640,"path_taken":["M","M","$","?","M","R","M","R","T","E","R","?","M","$","R","BOSS"],"build_version":"2019-02-06","purchased_purges":2,"victory":false,"max_hp_per_floor":[75,75,75,75,75,75,75,75,75,75,75,75,75,75,75,75],"card_choices":[{"not_picked":["Pommel Strike","Pummel"],"picked":"Anger","floor":1.0},{"not_picked":["Flame Barrier","True Grit"],"picked":"Battle Trance","floor":2.0},{"not_picked":["Reckless Charge","Havoc"],"picked":"Metallicize","floor":4.0},{"not_picked":["Flex","Whirlwind","Intimidate"],"picked":"SKIP","floor":5.0},{"not_picked":["Reckless Charge","Second Wind"],"picked":"Headbutt","floor":7.0},{"not_picked":["Warcry","Exhume","Evolve"],"picked":"SKIP","floor":10.0},{"not_picked":["Warcry","Evolve"],"picked":"Exhume","floor":10.0},{"not_picked":["Warcry","Cleave"],"picked":"Body Slam","floor":13.0}],"player_experience":210442,"relics_obtained":[{"floor":9.0,"key":"Ice Cream"},{"floor":10.0,"key":"Bottled Tornado"}],"event_choices":[{"damage_healed":0.0,"max_hp_gain":0.0,"max_hp_loss":0.0,"gold_gain":0.0,"event_name":"Golden Idol","player_choice":"Take Wound","floor":12.0,"gold_loss":0.0,"damage_taken":0.0,"relics_obtained":["Golden Idol"],"cards_obtained":["Injury"]}],"is_beta":true,"boss_relics":[],"items_purged_floors":[3,14],"is_endless":false,"potions_floor_spawned":[4,10],"killed_by":"Hexaghost","ascension_level":16}