{"gold_per_floor":[215,15,15,15,40,40,67,78,130,130,130,164,183,201,201,299,299,239,35,35,35,35,35,35,35,35,35,35,35,35,35,35,35,35,35,35,35,35,35,35,35,35,35,35,35,35,35,0,0,0],"floor_reached":51,"playtime":3176,"items_purged":["Strike_R","Strike_R"],"score":835,"play_id":"5da25c25-e5a6-470b-b0d4-2c83402aea92","local_time":"20181108201624","is_ascension_mode":true,"campfire_choices":[{"data":"Bash","floor":6,"key":"SMITH"},{"floor":10,"key":"REST"},{"data":"Limit Break","floor":15,"key":"SMITH"},{"data":"Armaments","floor":23,"key":"SMITH"},{"floor":25,"key":"REST"},{"floor":32,"key":"REST"},{"floor":40,"key":"REST"},{"floor":45,"key":"REST"},{"data":"Limit Break","floor":47,"key":"SMITH"},{"data":"Corruption","floor":49,"key":"SMITH"}],"neow_cost":"NONE","seed_source_timestamp":560799949229054,"circlet_count":0,"master_deck":["Defend_R","Defend_R","Defend_R","Bash+1","Flame Barrier","Iron Wave","Battle Trance","Limit Break+1","Inflame","Shockwave","Iron Wave","Double Tap+1","Seeing Red+1","True Grit+1","Ghostly Armor","Armaments+1","Fire Breathing+1","Whirlwind+1","Limit Break+1","Inflame+1","Pummel+1","Trip","Battle Trance+1","Body Slam","Corruption+1"],"relics":["Burning Blood","Ice Cream","Lantern","Bottled Flame","Red Skull","Strawberry","PreservedInsect","Ectoplasm","Pocketwatch","MawBank","Regal Pillow","Gambling Chip","Nilry\u0027s Codex","Anchor","Astrolabe","Ancient Tea Set","War Paint","Red Mask"],"potions_floor_usage":[7,16,18,18,24,24,24,24,28,29,33,41,41,50],"damage_taken":[{"damage":3,"enemies":"2 Louse","floor":1,"turns":3},{"damage":33,"enemies":"Lagavulin","floor":7,"turns":9},{"damage":0,"enemies":"Small Slimes","floor":8,"turns":3},{"damage":17,"enemies":"3 Sentries","floor":12,"turns":9},{"damage":4,"enemies":"Jaw Worm","floor":13,"turns":4},{"damage":6,"enemies":"Looter","floor":14,"turns":4},{"damage":26,"enemies":"Hexaghost","floor":16,"turns":9},{"damage":22,"enemies":"2 Thieves","floor":18,"turns":4},{"damage":2,"enemies":"Shell Parasite","floor":20,"turns":6},{"damage":18,"enemies":"3 Cultists","floor":21,"turns":6},{"damage":31,"enemies":"Book of Stabbing","floor":24,"turns":6},{"damage":27,"enemies":"Slavers","floor":27,"turns":6},{"damage":0,"enemies":"Centurion and Healer","floor":28,"turns":5},{"damage":0,"enemies":"Gremlin Leader","floor":29,"turns":3},{"damage":5,"enemies":"Book of Stabbing","floor":31,"turns":4},{"damage":2,"enemies":"Champ","floor":33,"turns":8},{"damage":6,"enemies":"3 Darklings","floor":35,"turns":3},{"damage":1,"enemies":"Orb Walker","floor":36,"turns":3},{"damage":42,"enemies":"4 Shapes","floor":37,"turns":1},{"damage":29,"enemies":"Reptomancer","floor":41,"turns":6},{"damage":23,"enemies":"Spire Growth","floor":42,"turns":3},{"damage":0,"enemies":"Maw","floor":46,"turns":4},{"damage":58,"enemies":"Awakened One","floor":50,"turns":6}],"seed_played":"-3207089872160611225","potions_obtained":[{"floor":1,"key":"Poison Potion"},{"floor":7,"key":"SteroidPotion"},{"floor":12,"key":"SteroidPotion"},{"floor":13,"key":"Swift Potion"},{"floor":16,"key":"GamblersBrew"},{"floor":18,"key":"Ancient Potion"},{"floor":27,"key":"Block Potion"},{"floor":31,"key":"Dexterity Potion"},{"floor":35,"key":"Dexterity Potion"},{"floor":37,"key":"AttackPotion"},{"floor":46,"key":"SkillPotion"}],"is_trial":false,"path_per_floor":["M","$","?","?","T","R","E","M","T","R","?","E","M","M","R","B",null,"M","$","M","M","?","R","E","R","T","E","M","E","?","E","R","B",null,"M","M","M","?","?","R","E","M","T","?","R","M","R","?","R","B",null],"character_chosen":"IRONCLAD","items_purchased":["Iron Wave","Battle Trance","EntropicBrew"],"campfire_rested":5,"item_purchase_floors":[2,2,19],"current_hp_per_floor":[80,80,80,68,68,68,41,47,47,71,78,67,69,69,69,49,87,71,71,75,63,63,63,46,72,72,51,57,63,47,48,87,87,87,87,87,51,51,51,87,64,47,47,47,87,87,87,87,87,35],"gold":0,"neow_bonus":"HUNDRED_GOLD","is_prod":false,"is_daily":false,"chose_seed":false,"campfire_upgraded":5,"win_rate":0,"timestamp":1541704584,"path_taken":["M","$","?","?","?","R","E","M","T","R","?","E","?","M","R","BOSS","M","$","M","M","?","R","E","R","T","E","M","E","?","E","R","BOSS","M","M","M","?","?","R","E","M","T","?","R","?","R","?","R","BOSS"],"build_version":"2018-11-07","purchased_purges":2,"victory":true,"max_hp_per_floor":[80,80,80,80,80,80,80,80,80,80,87,87,87,87,87,87,87,87,87,87,87,87,87,87,87,87,87,87,87,87,87,87,87,87,87,87,87,87,87,87,87,87,87,87,87,87,87,87,87,87],"card_choices":[{"not_picked":["Evolve","Sword Boomerang"],"picked":"Flame Barrier","floor":1},{"not_picked":["Flame Barrier","Combust"],"picked":"Limit Break","floor":7},{"not_picked":["Clash","Pummel"],"picked":"Inflame","floor":8},{"not_picked":["Burning Pact","Heavy Blade"],"picked":"Shockwave","floor":12},{"not_picked":["Cleave","Blood for Blood"],"picked":"Feel No Pain","floor":13},{"not_picked":["Clash","Shockwave"],"picked":"Iron Wave","floor":14},{"not_picked":["Bludgeon","Feed"],"picked":"Double Tap","floor":16},{"not_picked":["Disarm","Fire Breathing"],"picked":"Seeing Red+1","floor":18},{"not_picked":["Bloodletting","Anger+1"],"picked":"True Grit","floor":20},{"not_picked":["Dropkick","Bloodletting"],"picked":"Ghostly Armor","floor":21},{"not_picked":["Pummel","Burning Pact"],"picked":"Fire Breathing+1","floor":24},{"not_picked":["Second Wind","Immolate"],"picked":"Whirlwind+1","floor":27},{"not_picked":["Entrench","Hemokinesis","Body Slam"],"picked":"SKIP","floor":28},{"not_picked":["Wild Strike","Anger","Cleave"],"picked":"SKIP","floor":29},{"not_picked":["Hemokinesis","Dropkick","Ghostly Armor"],"picked":"SKIP","floor":31},{"not_picked":["Brutality","Bludgeon"],"picked":"Limit Break","floor":33},{"not_picked":["Headbutt","Cleave","Clothesline"],"picked":"SKIP","floor":35},{"not_picked":["Rampage+1","Twin Strike+1","Evolve+1"],"picked":"SKIP","floor":36},{"not_picked":["Blood for Blood","Bloodletting","Headbutt"],"picked":"SKIP","floor":37},{"not_picked":["The Bomb","PanicButton"],"picked":"Trip","floor":39},{"not_picked":["True Grit","Cleave+1","Bloodletting"],"picked":"SKIP","floor":41},{"not_picked":["Clash+1","Hemokinesis"],"picked":"Battle Trance+1","floor":42},{"not_picked":["True Grit+1","Armaments+1"],"picked":"Corruption","floor":46}],"player_experience":40330,"relics_obtained":[{"floor":5,"key":"Lantern"},{"floor":7,"key":"Bottled Flame"},{"floor":9,"key":"Red Skull"},{"floor":12,"key":"PreservedInsect"},{"floor":24,"key":"Pocketwatch"},{"floor":26,"key":"MawBank"},{"floor":27,"key":"Regal Pillow"},{"floor":29,"key":"Gambling Chip"},{"floor":30,"key":"Nilry\u0027s Codex"},{"floor":31,"key":"Anchor"},{"floor":41,"key":"Ancient Tea Set"},{"floor":43,"key":"War Paint"}],"event_choices":[{"cards_removed":["Strike_R"],"damage_healed":0,"gold_gain":0,"player_choice":"Forget","damage_taken":0,"max_hp_gain":0,"max_hp_loss":0,"event_name":"Living Wall","floor":3,"gold_loss":0},{"damage_healed":0,"gold_gain":0,"player_choice":"Success","damage_taken":12,"relics_obtained":["Ice Cream"],"max_hp_gain":0,"max_hp_loss":0,"event_name":"Scrap Ooze","floor":4,"gold_loss":0},{"damage_healed":0,"gold_gain":0,"player_choice":"Gave Potion","damage_taken":0,"relics_obtained":["Strawberry"],"max_hp_gain":0,"max_hp_loss":0,"event_name":"WeMeetAgain","floor":11,"gold_loss":0},{"damage_healed":0,"gold_gain":0,"player_choice":"Read","damage_taken":0,"max_hp_gain":0,"max_hp_loss":0,"event_name":"The Library","floor":22,"gold_loss":0,"cards_obtained":["Armaments"]},{"damage_healed":0,"gold_gain":0,"player_choice":"Obtained Book","damage_taken":16,"max_hp_gain":0,"max_hp_loss":0,"event_name":"Cursed Tome","floor":30,"gold_loss":0},{"cards_removed":["Feel No Pain"],"damage_healed":0,"gold_gain":0,"player_choice":"Removed Power","damage_taken":0,"max_hp_gain":0,"max_hp_loss":0,"event_name":"Falling","floor":38,"gold_loss":0},{"damage_healed":0,"gold_gain":0,"player_choice":"Memory 1","damage_taken":0,"max_hp_gain":0,"max_hp_loss":0,"event_name":"SensoryStone","floor":39,"gold_loss":0},{"damage_healed":0,"gold_gain":0,"cards_transformed":["Bludgeon"],"player_choice":"Transformed","damage_taken":0,"max_hp_gain":0,"max_hp_loss":0,"event_name":"Transmorgrifier","floor":44,"gold_loss":0,"cards_obtained":["Body Slam"]},{"damage_healed":0,"gold_gain":0,"player_choice":"Paid","damage_taken":0,"relics_obtained":["Red Mask"],"max_hp_gain":0,"max_hp_loss":0,"event_name":"Tomb of Lord Red Mask","floor":48,"gold_loss":35}],"is_beta":true,"boss_relics":[{"not_picked":["Snecko Eye","Lizard Tail"],"picked":"Ectoplasm"},{"not_picked":["Runic Pyramid","Velvet Choker"],"picked":"Astrolabe"}],"items_purged_floors":[2,19],"is_endless":false,"potions_floor_spawned":[1,7,12,13,16,18,27,31,35,37,46],"ascension_level":2}