{"gold_per_floor":[118,193,30,30,50,79,79,89,140,65,100,110,110,110,110,110],"floor_reached":16,"playtime":578,"items_purged":[],"score":246,"play_id":"d2ec57cf-d950-4b45-8c57-242fb042aa3f","local_time":"20190312222828","is_ascension_mode":true,"campfire_choices":[{"data":"Bash","floor":7,"key":"SMITH"},{"floor":13,"key":"REST"},{"data":"1","floor":15,"key":"LIFT"}],"neow_cost":"NONE","seed_source_timestamp":242549440106917,"circlet_count":0,"master_deck":["AscendersBane","Strike_R","Strike_R","Strike_R","Strike_R","Defend_R","Defend_R","Defend_R","Defend_R","Bash+1","Headbutt","Bash+1","Double Tap","Havoc"],"relics":["Burning Blood","NeowsBlessing","Happy Flower","Bag of Preparation","Potion Belt","Girya"],"potions_floor_usage":[8,11,11,16],"damage_taken":[{"damage":0,"enemies":"2 Louse","floor":1,"turns":1},{"damage":0,"enemies":"Cultist","floor":5,"turns":1},{"damage":0,"enemies":"3 Sentries","floor":6,"turns":2},{"damage":13,"enemies":"Jaw Worm","floor":8,"turns":2},{"damage":40,"enemies":"Lagavulin","floor":11,"turns":4},{"damage":17,"enemies":"2 Fungi Beasts","floor":12,"turns":3},{"damage":52,"enemies":"The Guardian","floor":16,"turns":8}],"seed_played":"-6065551441049570479","potions_obtained":[{"floor":5,"key":"Fire Potion"},{"floor":6,"key":"SkillPotion"},{"floor":8,"key":"Poison Potion"},{"floor":12,"key":"LiquidBronze"}],"is_trial":false,"path_per_floor":["M","?","$","?","M","E","R","M","T","?","E","M","R","?","R","B"],"character_chosen":"IRONCLAD","items_purchased":["Happy Flower"],"campfire_rested":1,"item_purchase_floors":[3],"current_hp_per_floor":[74,63,63,63,69,75,75,68,68,68,34,23,45,45,45,0],"gold":110,"neow_bonus":"THREE_ENEMY_KILL","is_prod":false,"is_daily":false,"chose_seed":false,"campfire_upgraded":1,"win_rate":0,"timestamp":1552426108,"path_taken":["M","?","$","?","?","E","R","M","T","?","E","M","R","?","R","BOSS"],"build_version":"2019-02-06","purchased_purges":0,"victory":false,"max_hp_per_floor":[75,75,75,75,75,75,75,75,75,75,75,75,75,75,75,75],"card_choices":[{"not_picked":["Warcry","Cleave"],"picked":"Headbutt","floor":1},{"not_picked":["Sentinel","Seeing Red"],"picked":"Double Tap","floor":5},{"not_picked":["Clash","Dual Wield"],"picked":"Havoc","floor":6},{"not_picked":["Perfected Strike","Dual Wield","Twin Strike"],"picked":"SKIP","floor":8},{"not_picked":["Heavy Blade","Wild Strike","Dropkick"],"picked":"SKIP","floor":11},{"not_picked":["Hemokinesis","Cleave","Perfected Strike"],"picked":"SKIP","floor":12}],"player_experience":224941,"relics_obtained":[{"floor":6,"key":"Bag of Preparation"},{"floor":9,"key":"Potion Belt"},{"floor":11,"key":"Girya"}],"event_choices":[{"damage_healed":0,"gold_gain":75,"player_choice":"Gather Gold","damage_taken":11,"max_hp_gain":0,"max_hp_loss":0,"event_name":"World of Goop","floor":2,"gold_loss":0},{"damage_healed":0,"gold_gain":0,"player_choice":"1 cards matched","damage_taken":0,"max_hp_gain":0,"max_hp_loss":0,"event_name":"Match and Keep!","floor":4,"gold_loss":0,"cards_obtained":["Bash"]},{"cards_removed":["Strike_R"],"damage_healed":0,"gold_gain":0,"player_choice":"Card Removal","damage_taken":0,"max_hp_gain":0,"max_hp_loss":0,"event_name":"The Cleric","floor":10,"gold_loss":75},{"damage_healed":0,"gold_gain":0,"player_choice":"Grow","damage_taken":0,"max_hp_gain":0,"max_hp_loss":0,"event_name":"Living Wall","floor":14,"gold_loss":0,"cards_upgraded":["Bash"]}],"is_beta":true,"boss_relics":[],"items_purged_floors":[],"is_endless":false,"potions_floor_spawned":[5,6,8,12],"killed_by":"The Guardian","ascension_level":17}