{"gold_per_floor":[115,128,138,156,174,208,208,218,273,304,318,318,350,350,350,424,424,434,450,450,469,105,105,137,137,137,151,166,178,197,211,211,285,285,304,46,46,59,159,159,186,186,263,278,289,321,339,358,358,358,358],"floor_reached":52,"playtime":4648,"items_purged":["Scrape","Hyperbeam"],"score":1824,"play_id":"5309638b-a147-414c-96a1-b709d013f465","local_time":"20190331163526","is_ascension_mode":true,"campfire_choices":[{"floor":7.0,"key":"REST"},{"data":"Beam Cell","floor":12.0,"key":"SMITH"},{"data":"Zap","floor":15.0,"key":"SMITH"},{"floor":23.0,"key":"REST"},{"data":"Coolheaded","floor":25.0,"key":"SMITH"},{"floor":32.0,"key":"REST"},{"floor":40.0,"key":"REST"},{"floor":49,"key":"REST"}],"neow_cost":"NONE","seed_source_timestamp":0,"circlet_count":0,"master_deck":["AscendersBane","Zap+1","Dualcast","Beam Cell+1","Cold Snap","Cold Snap","Ball Lightning+1","Melter","Hologram","Self Repair","Chill","Loop+1","Glacier","Reinforced Body","Consume","Melter","Machine Learning","Chill","Cold Snap","Chill","Conserve Battery","Coolheaded+1","Leap","Conserve Battery","Capacitor","Electrodynamics","Capacitor","Capacitor","Consume"],"special_seed":0,"relics":["Cracked Core","Blue Candle","Whetstone","Cables","Bottled Tornado","Pandora\u0027s Box","Mercury Hourglass","Boot","Dead Branch","Fusion Hammer","PreservedInsect","Nunchaku","Peace Pipe","DataDisk","Meat on the Bone","Bronze Scales"],"potions_floor_usage":[45,47,50,51],"damage_taken":[{"damage":1.0,"enemies":"Cultist","floor":1.0,"turns":3.0},{"damage":5.0,"enemies":"Small Slimes","floor":2.0,"turns":3.0},{"damage":0.0,"enemies":"Jaw Worm","floor":3.0,"turns":3.0},{"damage":0.0,"enemies":"Lots of Slimes","floor":4.0,"turns":1.0},{"damage":6.0,"enemies":"Looter","floor":5.0,"turns":2.0},{"damage":17.0,"enemies":"Lagavulin","floor":6.0,"turns":6.0},{"damage":10.0,"enemies":"3 Louse","floor":8.0,"turns":4.0},{"damage":12.0,"enemies":"3 Sentries","floor":10.0,"turns":8.0},{"damage":18.0,"enemies":"Exordium Wildlife","floor":11.0,"turns":4.0},{"damage":5.0,"enemies":"Lagavulin","floor":13.0,"turns":6.0},{"damage":33.0,"enemies":"Hexaghost","floor":16.0,"turns":10.0},{"damage":17.0,"enemies":"Shell Parasite","floor":18.0,"turns":3.0},{"damage":4.0,"enemies":"Chosen","floor":19.0,"turns":5.0},{"damage":10.0,"enemies":"Centurion and Healer","floor":21.0,"turns":8.0},{"damage":27.0,"enemies":"Slavers","floor":24.0,"turns":5.0},{"damage":0.0,"enemies":"3 Cultists","floor":27.0,"turns":6.0},{"damage":19.0,"enemies":"Cultist and Chosen","floor":28.0,"turns":8.0},{"damage":12.0,"enemies":"Snake Plant","floor":29.0,"turns":4.0},{"damage":4.0,"enemies":"Centurion and Healer","floor":30.0,"turns":5.0},{"damage":9.0,"enemies":"Snecko","floor":31.0,"turns":6.0},{"damage":34.0,"enemies":"Automaton","floor":33.0,"turns":13.0},{"damage":15.0,"enemies":"3 Shapes","floor":35.0,"turns":4.0},{"damage":12.0,"enemies":"3 Darklings","floor":38.0,"turns":4.0},{"damage":6.0,"enemies":"Mind Bloom Boss Battle","floor":39.0,"turns":7.0},{"damage":25.0,"enemies":"Nemesis","floor":41.0,"turns":5.0},{"damage":0,"enemies":"Maw","floor":44,"turns":8},{"damage":26,"enemies":"4 Shapes","floor":45,"turns":4},{"damage":45,"enemies":"Giant Head","floor":46,"turns":8},{"damage":3,"enemies":"Writhing Mass","floor":47,"turns":5},{"damage":0,"enemies":"Maw","floor":48,"turns":7},{"damage":19,"enemies":"Donu and Deca","floor":50,"turns":14},{"damage":37,"enemies":"Awakened One","floor":51,"turns":21}],"seed_played":"8848303149650428975","potions_obtained":[{"floor":2.0,"key":"Explosive Potion"},{"floor":5.0,"key":"LiquidBronze"},{"floor":10.0,"key":"Regen Potion"},{"floor":18.0,"key":"AttackPotion"},{"floor":21.0,"key":"PowerPotion"},{"floor":29.0,"key":"SteroidPotion"},{"floor":30.0,"key":"Ancient Potion"},{"floor":33.0,"key":"Regen Potion"},{"floor":41.0,"key":"Weak Potion"},{"floor":45,"key":"PowerPotion"},{"floor":47,"key":"Explosive Potion"}],"is_trial":false,"path_per_floor":["M","M","M","M","M","E","R","M","T","E","M","R","E","?","R","B",null,"M","M","?","M","$","R","E","R","T","M","M","M","M","M","R","B",null,"M","$","?","M","?","R","E","T","T","M","M","E","M","M","R","B","B",null],"character_chosen":"DEFECT","items_purchased":["Mercury Hourglass","Conserve Battery","PreservedInsect"],"campfire_rested":5,"item_purchase_floors":[22,22,36],"current_hp_per_floor":[63,58,58,58,52,35,56,53,53,48,37,37,39,39,39,13,57,40,50,50,47,47,68,48,48,48,55,43,38,41,39,60,33,62,54,54,54,49,50,67,49,49,49,56,49,23,39,46,66,54,36],"gold":358,"neow_bonus":"THREE_CARDS","is_prod":false,"is_daily":false,"chose_seed":false,"campfire_upgraded":3,"win_rate":0,"timestamp":1554075326,"path_taken":["M","?","M","M","M","E","R","M","T","E","M","R","E","?","R","BOSS","M","?","?","M","$","R","E","R","T","M","M","M","M","M","R","BOSS","M","?","?","M","?","R","E","?","T","M","?","E","M","M","R","BOSS","BOSS"],"build_version":"2019-01-23","purchased_purges":2,"victory":true,"max_hp_per_floor":[71,71,71,71,71,71,71,71,71,71,71,71,71,71,71,71,71,71,71,71,71,71,71,71,71,71,71,71,71,71,71,71,71,71,71,71,67,67,67,67,67,67,67,67,67,67,67,67,67,67,67],"card_choices":[{"not_picked":["Steam","Turbo"],"picked":"Beam Cell","floor":0.0},{"not_picked":["Rebound","Sunder"],"picked":"Cold Snap","floor":1.0},{"not_picked":["Turbo","Steam"],"picked":"Cold Snap","floor":2.0},{"not_picked":["Turbo","Cold Snap"],"picked":"Ball Lightning","floor":3.0},{"not_picked":["Stack","Gash","Melter"],"picked":"SKIP","floor":4.0},{"not_picked":["Stack","Gash"],"picked":"Melter","floor":4.0},{"not_picked":["All For One","Stack"],"picked":"Hologram","floor":5.0},{"not_picked":["Heatsinks","Reboot"],"picked":"Self Repair","floor":6.0},{"not_picked":["Ball Lightning","Double Energy"],"picked":"Chill","floor":8.0},{"not_picked":["Undo","Blizzard"],"picked":"Loop","floor":10.0},{"not_picked":["Barrage","Go for the Eyes"],"picked":"Glacier","floor":11.0},{"not_picked":["Undo","Self Repair"],"picked":"Reinforced Body","floor":13.0},{"not_picked":["Hologram","Beam Cell"],"picked":"Conserve Battery","floor":18.0},{"not_picked":["Cold Snap","Redo"],"picked":"Coolheaded","floor":19.0},{"not_picked":["Loop","FTL"],"picked":"Leap","floor":21.0},{"not_picked":["Redo","Rip and Tear","Coolheaded"],"picked":"SKIP","floor":24.0},{"not_picked":["Sweeping Beam","Cold Snap","Hello World"],"picked":"SKIP","floor":27.0},{"not_picked":["Rebound","Gash","Meteor Strike"],"picked":"SKIP","floor":28.0},{"not_picked":["Cold Snap","Ball Lightning","Fusion"],"picked":"SKIP","floor":29.0},{"not_picked":["Go for the Eyes","Hologram","Rip and Tear"],"picked":"SKIP","floor":30.0},{"not_picked":["Auto Shields","Defragment"],"picked":"Capacitor","floor":31.0},{"not_picked":["Biased Cognition","Echo Form"],"picked":"Electrodynamics","floor":33.0},{"not_picked":["Static Discharge","Sweeping Beam","Hologram+1"],"picked":"SKIP","floor":35.0},{"not_picked":["Rebound","Force Field"],"picked":"Capacitor","floor":38.0},{"not_picked":["Beam Cell","Glacier","Leap"],"picked":"SKIP","floor":41.0},{"not_picked":["Tempest","Heatsinks","Force Field"],"picked":"SKIP","floor":44},{"not_picked":["Hologram+1","Cold Snap+1","Sweeping Beam"],"picked":"SKIP","floor":45},{"not_picked":["Gash","Lockon+1"],"picked":"Capacitor","floor":46},{"not_picked":["Streamline","Coolheaded","Capacitor"],"picked":"SKIP","floor":47},{"not_picked":["Streamline","Amplify"],"picked":"Consume","floor":48}],"player_experience":1120876,"relics_obtained":[{"floor":6.0,"key":"Blue Candle"},{"floor":9.0,"key":"Whetstone"},{"floor":10.0,"key":"Cables"},{"floor":13.0,"key":"Bottled Tornado"},{"floor":24.0,"key":"Boot"},{"floor":26.0,"key":"Dead Branch"},{"floor":39.0,"key":"Nunchaku"},{"floor":41.0,"key":"Peace Pipe"},{"floor":42.0,"key":"DataDisk"},{"floor":43.0,"key":"Meat on the Bone"},{"floor":46,"key":"Bronze Scales"}],"event_choices":[{"damage_healed":0.0,"max_hp_gain":0.0,"max_hp_loss":0.0,"gold_gain":0.0,"event_name":"Upgrade Shrine","player_choice":"Upgraded","floor":14.0,"gold_loss":0.0,"damage_taken":0.0,"cards_upgraded":["Loop"]},{"damage_healed":0.0,"max_hp_gain":0.0,"max_hp_loss":0.0,"gold_gain":0.0,"event_name":"Match and Keep!","player_choice":"0 cards matched","floor":20.0,"gold_loss":0.0,"damage_taken":0.0,"cards_obtained":[]},{"damage_healed":0.0,"max_hp_gain":0.0,"max_hp_loss":4.0,"gold_gain":0.0,"event_name":"Winding Halls","player_choice":"Max HP","floor":37.0,"gold_loss":0.0,"damage_taken":0.0},{"damage_healed":0.0,"max_hp_gain":0.0,"max_hp_loss":0.0,"gold_gain":0.0,"event_name":"MindBloom","player_choice":"Fight","floor":39.0,"gold_loss":0.0,"damage_taken":0.0}],"is_beta":false,"boss_relics":[{"not_picked":["Runic Pyramid","Coffee Dripper"],"picked":"Pandora\u0027s Box"},{"not_picked":["Nuclear Battery","Lizard Tail"],"picked":"Fusion Hammer"}],"items_purged_floors":[22,36],"is_endless":false,"potions_floor_spawned":[2,5,10,13,18,21,29,30,31,33,38,41,45,46,47],"ascension_level":20}