{"gold_per_floor":[119,130,130,146,157,157,167,167,167,167,198,198,198,225,225,225],"floor_reached":16,"playtime":669,"items_purged":[],"score":220,"play_id":"ca037083-0cb7-4e35-949e-cc8a31d6d4e4","local_time":"20181219195318","is_ascension_mode":true,"campfire_choices":[{"data":"Coolheaded","floor":6,"key":"SMITH"},{"data":"Self Repair","floor":8,"key":"SMITH"},{"data":"Go for the Eyes","floor":12,"key":"SMITH"},{"data":"Barrage","floor":15,"key":"SMITH"}],"neow_cost":"NONE","seed_source_timestamp":7753514988270234,"circlet_count":0,"master_deck":["AscendersBane","Strike_B","Strike_B","Strike_B","Strike_B","Defend_B","Defend_B","Defend_B","Defend_B","Zap+1","Dualcast","Barrage+1","Coolheaded+1","Rebound","Self Repair+1","Compile Driver","Go for the Eyes+1","Glacier"],"relics":["Cracked Core","Potion Belt","Dream Catcher","Happy Flower","Ornamental Fan","Question Card"],"potions_floor_usage":[5,11,14],"damage_taken":[{"damage":1,"enemies":"Small Slimes","floor":1,"turns":4},{"damage":1,"enemies":"Cultist","floor":2,"turns":4},{"damage":1,"enemies":"2 Louse","floor":4,"turns":3},{"damage":3,"enemies":"Blue Slaver","floor":5,"turns":4},{"damage":27,"enemies":"Lots of Slimes","floor":7,"turns":5},{"damage":21,"enemies":"Lagavulin","floor":11,"turns":6},{"damage":16,"enemies":"Gremlin Nob","floor":14,"turns":4},{"damage":31,"enemies":"Hexaghost","floor":16,"turns":9}],"seed_played":"1240970774746252972","potions_obtained":[{"floor":4,"key":"FearPotion"},{"floor":5,"key":"Fruit Juice"},{"floor":11,"key":"Poison Potion"}],"is_trial":false,"path_per_floor":["M","M","?","M","M","R","M","R","T","?","E","R","T","E","R","B"],"character_chosen":"DEFECT","items_purchased":[],"campfire_rested":0,"item_purchase_floors":[],"current_hp_per_floor":[63,62,62,61,63,63,43,43,43,48,37,37,37,31,31,0],"gold":225,"neow_bonus":"RANDOM_COMMON_RELIC","is_prod":false,"is_daily":false,"chose_seed":false,"campfire_upgraded":4,"win_rate":0,"timestamp":1545277998,"path_taken":["M","M","?","?","M","R","M","R","T","?","E","R","?","E","R","BOSS"],"build_version":"2018-12-17","purchased_purges":0,"victory":false,"max_hp_per_floor":[71,71,71,71,76,76,76,76,76,81,81,81,81,81,81,81],"card_choices":[{"not_picked":["Steam","Blizzard"],"picked":"Barrage","floor":1},{"not_picked":["Skim","Reprogram"],"picked":"Coolheaded","floor":2},{"not_picked":["Steam Power","Rebound","Meteor Strike"],"picked":"SKIP","floor":4},{"not_picked":["Steam Power","Meteor Strike"],"picked":"Rebound","floor":4},{"not_picked":["Go for the Eyes","Stack"],"picked":"Self Repair","floor":5},{"not_picked":["Sunder","Redo"],"picked":"Compile Driver","floor":7},{"not_picked":["Conserve Battery","Tempest"],"picked":"Go for the Eyes","floor":11},{"not_picked":["Sweeping Beam","Beam Cell"],"picked":"Glacier","floor":14}],"player_experience":1112210,"relics_obtained":[{"floor":9,"key":"Dream Catcher"},{"floor":11,"key":"Happy Flower"},{"floor":13,"key":"Ornamental Fan"},{"floor":14,"key":"Question Card"}],"event_choices":[{"damage_healed":0,"gold_gain":0,"player_choice":"Upgraded","damage_taken":0,"max_hp_gain":0,"max_hp_loss":0,"event_name":"Upgrade Shrine","floor":3,"gold_loss":0,"cards_upgraded":["Zap"]},{"damage_healed":0,"gold_gain":0,"player_choice":"Donut","damage_taken":0,"max_hp_gain":5,"max_hp_loss":0,"event_name":"Big Fish","floor":10,"gold_loss":0}],"is_beta":true,"boss_relics":[],"items_purged_floors":[],"is_endless":false,"potions_floor_spawned":[4,5,11],"killed_by":"Hexaghost","ascension_level":20}