{"gold_per_floor":[117,117,117,140,155,155,155,175,221,221,264,42,85,85,85,178,178,192,30,30,45,45,45,74,97,97,97,128,128,28,60,60,131,131,144,163,183,194,22,51,51,67,92,92,112,212,230,265,265,265,265],"floor_reached":51,"playtime":6433,"items_purged":["Strike_G","Strike_G"],"score":1567,"play_id":"93cf661c-f618-402c-8c70-b7889f2e4499","local_time":"20190905150056","is_ascension_mode":true,"campfire_choices":[{"floor":6.0,"key":"REST"},{"data":"Bouncing Flask","floor":15.0,"key":"SMITH"},{"data":"Malaise","floor":23.0,"key":"SMITH"},{"data":"Dodge and Roll","floor":27.0,"key":"SMITH"},{"data":"Wraith Form v2","floor":32.0,"key":"SMITH"},{"data":"Catalyst","floor":41.0,"key":"SMITH"},{"data":"Noxious Fumes","floor":44.0,"key":"SMITH"},{"floor":49,"key":"REST"}],"neow_cost":"NONE","seed_source_timestamp":174082453453500,"circlet_count":0,"master_deck":["AscendersBane","Strike_G","Strike_G+1","Defend_G","Defend_G","Defend_G+1","Defend_G","Defend_G","Survivor","Neutralize+1","Dagger Spray","PiercingWail","Poisoned Stab+1","Backflip+1","Skewer","Bouncing Flask+1","Malaise+1","Dodge and Roll+1","Well Laid Plans","Cloak And Dagger","Wraith Form v2+1","Acrobatics","Corpse Explosion","Backflip","Escape Plan+1","Noxious Fumes+1","Catalyst+1","Deflect","Parasite","PiercingWail"],"special_seed":0,"relics":["Ring of the Snake","Bloody Idol","Centennial Puzzle","Bronze Scales","War Paint","Lee\u0027s Waffle","Anchor","NlothsMask","Sozu","Molten Egg 2","Whetstone","Letter Opener","Enchiridion","Blood Vial","Black Star","Dream Catcher","Potion Belt","Orichalcum","Dead Branch","Pen Nib","Paper Crane"],"potions_floor_usage":[],"damage_taken":[{"damage":3.0,"enemies":"Cultist","floor":1.0,"turns":4.0},{"damage":2.0,"enemies":"Small Slimes","floor":4.0,"turns":3.0},{"damage":7.0,"enemies":"Jaw Worm","floor":5.0,"turns":4.0},{"damage":3.0,"enemies":"Blue Slaver","floor":8.0,"turns":4.0},{"damage":12.0,"enemies":"3 Sentries","floor":11.0,"turns":5.0},{"damage":13.0,"enemies":"Lagavulin","floor":13.0,"turns":7.0},{"damage":18.0,"enemies":"The Guardian","floor":16.0,"turns":9.0},{"damage":13.0,"enemies":"Spheric Guardian","floor":18.0,"turns":4.0},{"damage":4.0,"enemies":"2 Thieves","floor":21.0,"turns":4.0},{"damage":0.0,"enemies":"Book of Stabbing","floor":24.0,"turns":7.0},{"damage":9.0,"enemies":"Gremlin Leader","floor":28.0,"turns":7.0},{"damage":6.0,"enemies":"Slavers","floor":31.0,"turns":6.0},{"damage":32.0,"enemies":"Automaton","floor":33.0,"turns":14.0},{"damage":17.0,"enemies":"3 Darklings","floor":35.0,"turns":5.0},{"damage":0.0,"enemies":"Orb Walker","floor":36.0,"turns":4.0},{"damage":0.0,"enemies":"Writhing Mass","floor":37.0,"turns":8.0},{"damage":17.0,"enemies":"Transient","floor":38.0,"turns":6.0},{"damage":33.0,"enemies":"Reptomancer","floor":40.0,"turns":6.0},{"damage":0.0,"enemies":"4 Shapes","floor":42.0,"turns":5.0},{"damage":0.0,"enemies":"Sphere and 2 Shapes","floor":45.0,"turns":5.0},{"damage":4.0,"enemies":"Mind Bloom Boss Battle","floor":46.0,"turns":7.0},{"damage":2,"enemies":"Writhing Mass","floor":47,"turns":6},{"damage":11,"enemies":"Nemesis","floor":48,"turns":7},{"damage":45,"enemies":"Donu and Deca","floor":50,"turns":9},{"damage":35,"enemies":"Awakened One","floor":51,"turns":10}],"seed_played":"7971977747086596559","potions_obtained":[{"floor":1.0,"key":"Strength Potion"},{"floor":5.0,"key":"Dexterity Potion"},{"floor":16.0,"key":"GamblersBrew"}],"is_trial":false,"path_per_floor":["M","?","?","M","M","R","?","M","T","?","E","$","E","?","R","B",null,"M","$","?","M","?","R","E","T","T","R","E","?","$","E","R","B",null,"M","M","M","M","$","E","R","M","T","R","M","?","M","E","R","B","B"],"character_chosen":"THE_SILENT","items_purchased":["Lee\u0027s Waffle","Well Laid Plans","Noxious Fumes","Catalyst"],"campfire_rested":2,"item_purchase_floors":[12,19,39,39],"current_hp_per_floor":[56,33,22,20,13,32,32,29,29,29,17,73,60,60,60,42,65,52,52,52,48,48,48,53,58,58,58,54,33,33,32,32,7,57,47,54,61,51,51,25,25,32,37,37,44,47,52,48,69,26,0],"gold":265,"neow_bonus":"THREE_CARDS","is_prod":false,"is_daily":false,"chose_seed":false,"campfire_upgraded":6,"win_rate":0,"timestamp":1567710056,"path_taken":["M","?","?","?","M","R","?","M","T","?","E","$","E","?","R","BOSS","M","?","?","?","?","R","E","?","T","R","E","?","?","E","R","BOSS","M","M","M","M","?","E","R","M","T","R","?","?","M","E","R","BOSS","BOSS"],"build_version":"2019-07-17","purchased_purges":2,"victory":false,"max_hp_per_floor":[66,66,66,66,66,66,66,66,66,66,66,73,73,73,73,73,73,73,73,73,73,73,73,73,73,73,73,73,73,73,73,73,73,73,73,73,73,73,73,73,73,73,73,73,73,73,73,73,73,73,73],"card_choices":[{"not_picked":["PiercingWail","Sucker Punch"],"picked":"Dagger Spray","floor":0.0},{"not_picked":["Distraction","Dodge and Roll"],"picked":"PiercingWail","floor":1.0},{"not_picked":["Dagger Spray","Backflip"],"picked":"Poisoned Stab","floor":4.0},{"not_picked":["Eviscerate","Escape Plan"],"picked":"Backflip","floor":5.0},{"not_picked":["Bane","PiercingWail"],"picked":"Skewer","floor":8.0},{"not_picked":["Quick Slash","Distraction"],"picked":"Bouncing Flask","floor":11.0},{"not_picked":["Dagger Spray","Flechettes","Dagger Throw"],"picked":"SKIP","floor":13.0},{"not_picked":["Die Die Die","Venomology"],"picked":"Malaise","floor":16.0},{"not_picked":["Quick Slash","Underhanded Strike"],"picked":"Dodge and Roll","floor":18.0},{"not_picked":["Slice","Eviscerate","Accuracy+1"],"picked":"SKIP","floor":21.0},{"not_picked":["Bane","Underhanded Strike"],"picked":"Cloak And Dagger","floor":24.0},{"not_picked":["Slice+1","Blur"],"picked":"Wraith Form v2","floor":28.0},{"not_picked":["Masterful Stab+1","Poisoned Stab+1"],"picked":"Acrobatics","floor":31.0},{"not_picked":["A Thousand Cuts","Venomology"],"picked":"Corpse Explosion","floor":33.0},{"not_picked":["Outmaneuver","Bane+1"],"picked":"Backflip","floor":35.0},{"not_picked":["Backflip","Backstab+1"],"picked":"Escape Plan+1","floor":36.0},{"not_picked":["Dagger Throw+1","Masterful Stab+1","Outmaneuver"],"picked":"SKIP","floor":37.0},{"not_picked":["Dagger Spray+1","Corpse Explosion","Cloak And Dagger"],"picked":"SKIP","floor":38.0},{"not_picked":["Outmaneuver","Concentrate","Terror"],"picked":"SKIP","floor":40.0},{"not_picked":["Acrobatics","Outmaneuver+1","Dagger Throw+1"],"picked":"SKIP","floor":42.0},{"not_picked":["Dagger Throw+1","Flechettes+1","Distraction"],"picked":"SKIP","floor":45.0},{"not_picked":["Tools of the Trade","All Out Attack+1"],"picked":"Deflect","floor":46.0},{"not_picked":["Cloak And Dagger","Flechettes+1"],"picked":"PiercingWail","floor":47},{"not_picked":["Poisoned Stab+1","Slice+1","Phantasmal Killer"],"picked":"SKIP","floor":48}],"player_experience":755515,"relics_obtained":[{"floor":9.0,"key":"Bronze Scales"},{"floor":11.0,"key":"War Paint"},{"floor":13.0,"key":"Anchor"},{"floor":24.0,"key":"Molten Egg 2"},{"floor":26.0,"key":"Whetstone"},{"floor":28.0,"key":"Letter Opener"},{"floor":29.0,"key":"Enchiridion"},{"floor":31.0,"key":"Blood Vial"},{"floor":40.0,"key":"Dream Catcher"},{"floor":40.0,"key":"Potion Belt"},{"floor":43.0,"key":"Orichalcum"},{"floor":46.0,"key":"Dead Branch"},{"floor":48,"key":"Pen Nib"},{"floor":48,"key":"Paper Crane"}],"event_choices":[{"damage_healed":0.0,"max_hp_gain":0.0,"max_hp_loss":0.0,"gold_gain":0.0,"event_name":"Golden Idol","player_choice":"Take Damage","floor":2.0,"gold_loss":0.0,"damage_taken":23.0,"relics_obtained":["Golden Idol"]},{"damage_healed":0.0,"max_hp_gain":0.0,"max_hp_loss":0.0,"gold_gain":0.0,"event_name":"Scrap Ooze","player_choice":"Success","floor":3.0,"gold_loss":0.0,"damage_taken":11.0,"relics_obtained":["Centennial Puzzle"]},{"damage_healed":0.0,"max_hp_gain":0.0,"max_hp_loss":0.0,"gold_gain":0.0,"event_name":"Living Wall","player_choice":"Grow","floor":7.0,"gold_loss":0.0,"damage_taken":0.0,"cards_upgraded":["Neutralize"]},{"damage_healed":0.0,"max_hp_gain":0.0,"max_hp_loss":0.0,"gold_gain":0.0,"event_name":"Dead Adventurer","player_choice":"Searched \u00270\u0027 times","floor":10.0,"gold_loss":0.0,"damage_taken":0.0},{"damage_healed":0.0,"max_hp_gain":0.0,"max_hp_loss":0.0,"gold_gain":0.0,"event_name":"FaceTrader","player_choice":"Trade","floor":14.0,"gold_loss":0.0,"damage_taken":0.0,"relics_obtained":["NlothsMask"]},{"cards_removed":["Strike_G"],"damage_healed":0.0,"max_hp_gain":0.0,"max_hp_loss":0.0,"gold_gain":0.0,"event_name":"Purifier","player_choice":"Purged","floor":20.0,"gold_loss":0.0,"damage_taken":0.0},{"damage_healed":0.0,"max_hp_gain":0.0,"max_hp_loss":0.0,"gold_gain":0.0,"event_name":"Forgotten Altar","player_choice":"Gave Idol","floor":22.0,"relics_lost":["Golden Idol"],"gold_loss":0.0,"damage_taken":0.0,"relics_obtained":["Bloody Idol"]},{"damage_healed":0.0,"max_hp_gain":0.0,"max_hp_loss":0.0,"gold_gain":0.0,"event_name":"Cursed Tome","player_choice":"Obtained Book","floor":29.0,"gold_loss":0.0,"damage_taken":21.0},{"damage_healed":0.0,"max_hp_gain":0.0,"max_hp_loss":0.0,"gold_gain":0.0,"event_name":"MindBloom","player_choice":"Fight","floor":46.0,"gold_loss":0.0,"damage_taken":0.0}],"is_beta":false,"boss_relics":[{"not_picked":["Busted Crown","Lizard Tail"],"picked":"Sozu"},{"not_picked":["Runic Pyramid","WristBlade"],"picked":"Black Star"}],"items_purged_floors":[19,30],"is_endless":false,"potions_floor_spawned":[1,5,16,18,21,33,37,38,42,45,47,48],"killed_by":"Awakened One","ascension_level":20}