{"gold_per_floor":[117,132,144,69,69,94,94,125,125,42,70,70,82,102,102,176,176,196,213,52,72,72],"floor_reached":22,"playtime":1213,"items_purged":[],"score":412,"play_id":"5d1d0826-0d01-4040-8020-7ce2ecfee06c","local_time":"20181225150733","is_ascension_mode":true,"campfire_choices":[{"data":"Uppercut","floor":7,"key":"SMITH"},{"floor":12,"key":"REST"},{"data":"True Grit","floor":15,"key":"SMITH"}],"neow_cost":"NONE","seed_source_timestamp":8254225442790535,"circlet_count":0,"master_deck":["AscendersBane","Strike_R","Strike_R","Strike_R","Strike_R","Defend_R","Defend_R","Defend_R","Defend_R","Bash","Armaments+1","Twin Strike","Shrug It Off","Uppercut+1","Brutality","Inflame","Spot Weakness","Disarm","True Grit+1","Demon Form","Shrug It Off"],"relics":["Burning Blood","Pantograph","Charon\u0027s Ashes","FossilizedHelix","Art of War","Runic Dome","Bag of Marbles"],"potions_floor_usage":[6,16],"damage_taken":[{"damage":9,"enemies":"Jaw Worm","floor":1,"turns":4},{"damage":9,"enemies":"Small Slimes","floor":2,"turns":6},{"damage":3,"enemies":"2 Louse","floor":3,"turns":3},{"damage":32,"enemies":"3 Sentries","floor":6,"turns":12},{"damage":23,"enemies":"Lagavulin","floor":8,"turns":8},{"damage":13,"enemies":"3 Sentries","floor":11,"turns":6},{"damage":5,"enemies":"Gremlin Gang","floor":13,"turns":5},{"damage":0,"enemies":"Looter","floor":14,"turns":2},{"damage":85,"enemies":"Slime Boss","floor":16,"turns":13},{"damage":33,"enemies":"Chosen","floor":18,"turns":6},{"damage":7,"enemies":"Spheric Guardian","floor":19,"turns":5},{"damage":17,"enemies":"Centurion and Healer","floor":21,"turns":6},{"damage":32,"enemies":"3 Cultists","floor":22,"turns":4}],"seed_played":"966598838886250056","potions_obtained":[{"floor":3,"key":"Strength Potion"},{"floor":13,"key":"FearPotion"},{"floor":14,"key":"Regen Potion"},{"floor":19,"key":"Energy Potion"}],"is_trial":false,"path_per_floor":["M","M","M","?","?","E","R","E","T","$","E","R","M","M","R","B",null,"M","M","$","M","M"],"character_chosen":"IRONCLAD","items_purchased":["Inflame","Bag of Marbles"],"campfire_rested":1,"item_purchase_floors":[10,20],"current_hp_per_floor":[72,69,72,72,72,46,46,29,29,29,22,46,47,53,53,13,65,38,37,37,26,0],"gold":72,"neow_bonus":"TEN_PERCENT_HP_BONUS","is_prod":false,"is_daily":false,"chose_seed":false,"campfire_upgraded":2,"win_rate":0,"timestamp":1545779253,"path_taken":["M","M","M","?","?","E","R","E","T","$","E","R","M","M","R","BOSS","M","M","$","M","M"],"build_version":"2018-12-20","purchased_purges":0,"victory":false,"max_hp_per_floor":[82,82,82,82,82,82,82,82,82,82,82,82,82,82,82,82,82,82,82,82,82,82],"card_choices":[{"not_picked":["Heavy Blade","Rupture"],"picked":"Armaments","floor":1},{"not_picked":["Pummel","Sword Boomerang"],"picked":"Twin Strike","floor":2},{"not_picked":["Body Slam","Shockwave"],"picked":"Shrug It Off","floor":3},{"not_picked":["Disarm","Cleave"],"picked":"Uppercut","floor":6},{"not_picked":["Sever Soul","Flame Barrier"],"picked":"Brutality","floor":8},{"not_picked":["Flame Barrier","Bloodletting"],"picked":"Spot Weakness","floor":11},{"not_picked":["Twin Strike","Shrug It Off"],"picked":"Disarm","floor":13},{"not_picked":["Armaments","Havoc"],"picked":"True Grit","floor":14},{"not_picked":["Bludgeon","Exhume"],"picked":"Demon Form","floor":16},{"not_picked":["Combust","Burning Pact"],"picked":"Shrug It Off","floor":18},{"not_picked":["Reckless Charge","Flex","Dropkick"],"picked":"SKIP","floor":19},{"not_picked":["Body Slam","Cleave","Perfected Strike"],"picked":"SKIP","floor":21}],"player_experience":1144673,"relics_obtained":[{"floor":6,"key":"Pantograph"},{"floor":8,"key":"Charon\u0027s Ashes"},{"floor":9,"key":"FossilizedHelix"},{"floor":11,"key":"Art of War"}],"event_choices":[{"cards_removed":["Strike_R"],"damage_healed":0,"gold_gain":0,"player_choice":"Card Removal","damage_taken":0,"max_hp_gain":0,"max_hp_loss":0,"event_name":"The Cleric","floor":4,"gold_loss":75},{"damage_healed":0,"gold_gain":0,"player_choice":"Grow","damage_taken":0,"max_hp_gain":0,"max_hp_loss":0,"event_name":"Living Wall","floor":5,"gold_loss":0,"cards_upgraded":["Armaments"]}],"is_beta":true,"boss_relics":[{"not_picked":["Runic Cube","Tiny House"],"picked":"Runic Dome"}],"items_purged_floors":[],"is_endless":false,"potions_floor_spawned":[3,13,14,19],"killed_by":"3 Cultists","ascension_level":20}