{"gold_per_floor":[214,230,242,242,242,242,270,52,52,63,63,82,82,44,44,121,121,140,160,172,16,61,61,90,90,90,106,106,139,139,84,84,84],"floor_reached":33,"playtime":1581,"items_purged":["Strike_G"],"score":583,"play_id":"563bdfe8-6278-41c6-b1ca-9b74bd0ad50a","local_time":"20180722020734","is_ascension_mode":true,"campfire_choices":[{"data":"Neutralize","floor":6,"key":"SMITH"},{"data":"Storm of Steel","floor":11,"key":"SMITH"},{"data":"Storm of Steel","floor":13,"key":"SMITH"},{"data":"Accuracy","floor":15,"key":"SMITH"},{"floor":23,"key":"REST"},{"floor":25,"key":"REST"},{"floor":32,"key":"REST"}],"neow_cost":"NONE","seed_source_timestamp":1139291784978753,"circlet_count":0,"master_deck":["Defend_G","Defend_G","Defend_G","Defend_G+1","Defend_G","Strike_G","Strike_G","Strike_G","Strike_G+1","Survivor","Neutralize+1","AscendersBane","Poisoned Stab","Storm of Steel+1","Dodge and Roll","Finisher","Accuracy+1","Storm of Steel+1","Accuracy","Noxious Fumes","Night Terror","Calculated Gamble+1","Backflip","Backstab","Footwork","Backflip","Footwork","Footwork+1"],"relics":["Ring of the Snake","Pear","Strawberry","Happy Flower","Meat on the Bone","Fusion Hammer","Juzu Bracelet","Anchor","Mercury Hourglass","Frozen Egg 2","Tiny Chest"],"potions_floor_usage":[7,10,19,24,29,33],"damage_taken":[{"damage":0,"enemies":"Small Slimes","floor":1,"turns":4},{"damage":0,"enemies":"2 Louse","floor":2,"turns":4},{"damage":0,"enemies":"Cultist","floor":3,"turns":4},{"damage":23,"enemies":"3 Sentries","floor":7,"turns":12},{"damage":16,"enemies":"Exordium Thugs","floor":10,"turns":7},{"damage":10,"enemies":"Lots of Slimes","floor":12,"turns":3},{"damage":0,"enemies":"Slime Boss","floor":16,"turns":7},{"damage":24,"enemies":"Shell Parasite","floor":18,"turns":6},{"damage":12,"enemies":"2 Thieves","floor":19,"turns":4},{"damage":12,"enemies":"Snake Plant","floor":20,"turns":4},{"damage":40,"enemies":"Slavers","floor":24,"turns":5},{"damage":12,"enemies":"Chosen and Byrds","floor":27,"turns":5},{"damage":13,"enemies":"Book of Stabbing","floor":29,"turns":4},{"damage":78,"enemies":"Collector","floor":33,"turns":8}],"seed_played":"-6092121670233432733","potions_obtained":[{"floor":3,"key":"SkillPotion"},{"floor":7,"key":"Swift Potion"},{"floor":16,"key":"GhostInAJar"},{"floor":20,"key":"EssenceOfSteel"},{"floor":27,"key":"Swift Potion"},{"floor":29,"key":"GamblersBrew"}],"is_trial":false,"path_per_floor":["M","M","M","?","T","R","E","$","T","M","R","M","R","$","R","B",null,"M","M","M","$","T","R","E","R","T","M","?","E","?","?","R"],"character_chosen":"THE_SILENT","items_purchased":["Happy Flower","Accuracy","Noxious Fumes","Footwork"],"campfire_rested":3,"item_purchase_floors":[8,8,14,21],"current_hp_per_floor":[59,59,59,39,49,49,33,33,33,29,29,31,31,31,31,43,73,49,49,49,49,49,73,45,69,69,57,57,44,44,44,68,0],"gold":84,"neow_bonus":"HUNDRED_GOLD","is_prod":false,"is_daily":false,"chose_seed":false,"campfire_upgraded":4,"win_rate":0,"timestamp":1532250454,"path_taken":["M","M","M","?","?","R","E","$","T","M","R","M","R","$","R","BOSS","M","M","M","$","?","R","E","R","T","M","?","E","?","?","R","BOSS"],"build_version":"2018-07-19","purchased_purges":1,"victory":false,"max_hp_per_floor":[66,66,66,66,76,76,83,83,83,83,83,83,83,83,83,83,83,83,83,83,83,83,83,83,83,83,83,83,83,83,83,83,83],"card_choices":[{"not_picked":["Cloak And Dagger","Outmaneuver"],"picked":"Poisoned Stab","floor":1},{"not_picked":["Dodge and Roll","Dagger Spray"],"picked":"Storm of Steel","floor":2},{"not_picked":["Outmaneuver","Slice"],"picked":"Dodge and Roll","floor":3},{"not_picked":["Endless Agony","Outmaneuver"],"picked":"Finisher","floor":7},{"not_picked":["Endless Agony","Underhanded Strike"],"picked":"Storm of Steel","floor":10},{"not_picked":["Prepared","Bouncing Flask"],"picked":"Accuracy","floor":12},{"not_picked":["Envenom","Grand Finale"],"picked":"Night Terror","floor":16},{"not_picked":["Poisoned Stab","Setup"],"picked":"Calculated Gamble+1","floor":18},{"not_picked":["Reflex","PiercingWail"],"picked":"Backflip","floor":19},{"not_picked":["Slice","Bane"],"picked":"Backstab","floor":20},{"not_picked":["Flying Knee","Masterful Stab"],"picked":"Backflip","floor":24},{"not_picked":["Dagger Spray","Sucker Punch","Grand Finale"],"picked":"SKIP","floor":27},{"not_picked":["Dash","Sucker Punch"],"picked":"Footwork","floor":29}],"player_experience":859151,"relics_obtained":[{"floor":5,"key":"Pear"},{"floor":7,"key":"Strawberry"},{"floor":9,"key":"Meat on the Bone"},{"floor":22,"key":"Juzu Bracelet"},{"floor":24,"key":"Anchor"},{"floor":26,"key":"Mercury Hourglass"},{"floor":29,"key":"Frozen Egg 2"}],"event_choices":[{"event_name":"Shining Light","player_choice":"Entered Light","floor":4,"damage_taken":0},{"event_name":"The Library","player_choice":"Read","floor":28,"damage_taken":0},{"event_name":"The Mausoleum","player_choice":"No","floor":30,"damage_taken":0},{"event_name":"Addict","player_choice":"Obtained Relic","floor":31,"damage_taken":0}],"is_beta":true,"boss_relics":[{"not_picked":["Ring of the Serpent","Calling Bell"],"picked":"Fusion Hammer"}],"items_purged_floors":[21],"is_endless":false,"potions_floor_spawned":[3,7,16,20,27,29],"killed_by":"Collector","ascension_level":15}