{"gold_per_floor":[12,26,39,39,39,78,78,111,135,155,155,173,194,214,214,309,309,325,350,370,85,99,118,118],"floor_reached":24,"playtime":1162,"items_purged":["Strike_R"],"score":428,"play_id":"b875f348-453d-439f-9c07-a898af2a983e","local_time":"20190526024125","is_ascension_mode":true,"campfire_choices":[{"data":"Discovery","floor":7,"key":"SMITH"},{"data":"Uppercut","floor":11,"key":"SMITH"},{"data":"Disarm","floor":15,"key":"SMITH"}],"neow_cost":"NO_GOLD","seed_source_timestamp":2603873517902463,"circlet_count":0,"master_deck":["AscendersBane","Strike_R+1","Strike_R","Strike_R+1","Strike_R","Defend_R","Defend_R","Defend_R","Defend_R","Bash","Discovery+1","Impatience+1","Shrug It Off","Anger+1","Uppercut+1","Disarm+1","Whirlwind","Headbutt","True Grit","Spot Weakness","Immolate","Shrug It Off","Shockwave","Metallicize+1"],"relics":["Burning Blood","Golden Idol","Whetstone","Pen Nib","Anchor","Runic Pyramid","OrangePellets"],"potions_floor_usage":[2,6,8,18,22,24],"damage_taken":[{"damage":9,"enemies":"2 Louse","floor":1,"turns":3},{"damage":9,"enemies":"Jaw Worm","floor":2,"turns":6},{"damage":0,"enemies":"Cultist","floor":3,"turns":2},{"damage":22,"enemies":"Lagavulin","floor":6,"turns":5},{"damage":20,"enemies":"3 Sentries","floor":8,"turns":5},{"damage":0,"enemies":"Large Slime","floor":10,"turns":4},{"damage":0,"enemies":"2 Fungi Beasts","floor":12,"turns":2},{"damage":8,"enemies":"Exordium Thugs","floor":13,"turns":3},{"damage":0,"enemies":"Blue Slaver","floor":14,"turns":1},{"damage":26,"enemies":"The Guardian","floor":16,"turns":12},{"damage":28,"enemies":"3 Byrds","floor":18,"turns":6},{"damage":26,"enemies":"Spheric Guardian","floor":19,"turns":4},{"damage":10,"enemies":"Chosen and Byrds","floor":20,"turns":4},{"damage":3,"enemies":"Centurion and Healer","floor":22,"turns":6},{"damage":19,"enemies":"Snecko","floor":23,"turns":7},{"damage":15,"enemies":"Slavers","floor":24,"turns":2}],"seed_played":"6831912223026739679","potions_obtained":[{"floor":1,"key":"Energy Potion"},{"floor":3,"key":"Energy Potion"},{"floor":6,"key":"Explosive Potion"},{"floor":14,"key":"Weak Potion"},{"floor":19,"key":"Explosive Potion"},{"floor":20,"key":"Regen Potion"}],"is_trial":false,"path_per_floor":["M","M","M","?","?","E","R","E","T","M","R","M","M","M","R","B",null,"M","M","M","$","M","M","E"],"character_chosen":"IRONCLAD","items_purchased":["OrangePellets"],"campfire_rested":0,"item_purchase_floors":[21],"current_hp_per_floor":[65,62,68,45,45,29,29,15,15,21,21,27,25,31,31,11,54,32,12,8,8,26,13,0],"gold":118,"neow_bonus":"RANDOM_COLORLESS_2","is_prod":false,"is_daily":false,"chose_seed":false,"campfire_upgraded":3,"win_rate":0,"timestamp":1558863685,"path_taken":["M","M","M","?","?","E","R","E","T","M","R","M","M","M","R","BOSS","M","M","M","$","M","M","E"],"build_version":"2019-05-24v2","purchased_purges":1,"victory":false,"max_hp_per_floor":[75,75,75,75,68,68,68,68,68,68,68,68,68,68,68,68,68,68,68,68,68,68,68,68],"card_choices":[{"not_picked":["Ghostly Armor","Entrench"],"picked":"Shrug It Off","floor":1},{"not_picked":["True Grit","Cleave"],"picked":"Anger","floor":2},{"not_picked":["Heavy Blade","Shrug It Off"],"picked":"Uppercut","floor":3},{"not_picked":["Rupture","Infernal Blade","Searing Blow"],"picked":"SKIP","floor":6},{"not_picked":["Exhume","Clothesline"],"picked":"Disarm","floor":8},{"not_picked":["Power Through","Perfected Strike"],"picked":"Whirlwind","floor":10},{"not_picked":["Dropkick","Uppercut"],"picked":"Headbutt","floor":12},{"not_picked":["Burning Pact","Anger"],"picked":"True Grit","floor":13},{"not_picked":["Fire Breathing","Sever Soul"],"picked":"Spot Weakness","floor":14},{"not_picked":["Dark Embrace","Barricade"],"picked":"Immolate","floor":16},{"not_picked":["Clothesline","Whirlwind"],"picked":"Shrug It Off","floor":18},{"not_picked":["Fire Breathing","Twin Strike+1"],"picked":"Shockwave","floor":19},{"not_picked":["Wild Strike+1","Fire Breathing+1"],"picked":"Metallicize+1","floor":20},{"not_picked":["Pummel","Sentinel","Sword Boomerang"],"picked":"SKIP","floor":22},{"not_picked":["Iron Wave","Warcry+1","Anger"],"picked":"SKIP","floor":23}],"player_experience":1273889,"relics_obtained":[{"floor":6,"key":"Whetstone"},{"floor":8,"key":"Pen Nib"},{"floor":9,"key":"Anchor"}],"event_choices":[{"damage_healed":0,"gold_gain":0,"player_choice":"Entered Light","damage_taken":23,"max_hp_gain":0,"max_hp_loss":0,"event_name":"Shining Light","floor":4,"gold_loss":0,"cards_upgraded":["Strike_R","Impatience"]},{"damage_healed":0,"gold_gain":0,"player_choice":"Lose Max HP","damage_taken":0,"relics_obtained":["Golden Idol"],"max_hp_gain":0,"max_hp_loss":7,"event_name":"Golden Idol","floor":5,"gold_loss":0}],"is_beta":true,"boss_relics":[{"not_picked":["Eternal Feather","Ectoplasm"],"picked":"Runic Pyramid"}],"items_purged_floors":[21],"is_endless":false,"potions_floor_spawned":[1,3,6,14,19,20],"killed_by":"Slavers","ascension_level":20}