{"gold_per_floor":[361,378,398,28,42,72,72,7,7,7],"floor_reached":10,"playtime":422,"items_purged":[],"score":126,"play_id":"c708a8f8-13ec-40a6-91cf-3a7dd80b3aeb","local_time":"20181025171806","is_ascension_mode":true,"campfire_choices":[{"floor":7,"key":"REST"}],"neow_cost":"PERCENT_DAMAGE","seed_source_timestamp":2988849945695835,"circlet_count":0,"master_deck":["Defend_G","Defend_G","Defend_G","Defend_G","Defend_G","Strike_G","Strike_G","Strike_G","Strike_G","Strike_G","Survivor","Neutralize","AscendersBane","Skewer","Predator","Deflect","Footwork","All Out Attack+1","Poisoned Stab+1"],"relics":["Ring of the Snake","Molten Egg 2","Art of War","Bottled Flame"],"potions_floor_usage":[6,10],"damage_taken":[{"damage":4,"enemies":"Cultist","floor":1,"turns":5},{"damage":5,"enemies":"Jaw Worm","floor":2,"turns":4},{"damage":0,"enemies":"2 Louse","floor":3,"turns":2},{"damage":3,"enemies":"2 Fungi Beasts","floor":5,"turns":4},{"damage":23,"enemies":"3 Sentries","floor":6,"turns":7},{"damage":28,"enemies":"Lagavulin","floor":10,"turns":7}],"seed_played":"-8848390752169277683","potions_obtained":[{"floor":2,"key":"Swift Potion"},{"floor":6,"key":"AttackPotion"}],"is_trial":false,"path_per_floor":["M","M","M","$","M","E","R","?","T"],"character_chosen":"THE_SILENT","items_purchased":["Molten Egg 2","Footwork"],"campfire_rested":1,"item_purchase_floors":[4,4],"current_hp_per_floor":[40,35,35,35,32,9,28,28,28,0],"gold":7,"neow_bonus":"TWO_FIFTY_GOLD","is_prod":false,"is_daily":false,"chose_seed":false,"campfire_upgraded":0,"win_rate":0,"timestamp":1540513086,"path_taken":["M","M","?","$","?","E","R","?","T","E"],"build_version":"2018-10-25v2","purchased_purges":0,"victory":false,"max_hp_per_floor":[66,66,66,66,66,66,66,66,66,66],"card_choices":[{"not_picked":["Quick Slash","Expertise"],"picked":"Skewer","floor":1},{"not_picked":["Bane","Deflect"],"picked":"Predator","floor":2},{"not_picked":["Setup","Outmaneuver"],"picked":"Deflect","floor":3},{"not_picked":["Bane+1","Slice+1"],"picked":"All Out Attack+1","floor":5},{"not_picked":["Concentrate","Prepared"],"picked":"Poisoned Stab+1","floor":6}],"player_experience":997447,"relics_obtained":[{"floor":6,"key":"Art of War"},{"floor":9,"key":"Bottled Flame"}],"event_choices":[{"damage_healed":0,"gold_gain":0,"player_choice":"Left Gold","damage_taken":0,"max_hp_gain":0,"max_hp_loss":0,"event_name":"World of Goop","floor":8,"gold_loss":65}],"is_beta":true,"boss_relics":[],"items_purged_floors":[],"is_endless":false,"potions_floor_spawned":[2,6],"killed_by":"Lagavulin","ascension_level":17}