{"gold_per_floor":[17,29,47,47,113,113,127,155,179,179,179],"floor_reached":11,"playtime":452,"items_purged":[],"score":175,"play_id":"613d2452-7833-461c-824a-7bebf854461a","local_time":"20190728224007","is_ascension_mode":true,"campfire_choices":[{"data":"Glass Knife","floor":6,"key":"SMITH"},{"data":"Neutralize","floor":10,"key":"SMITH"}],"neow_cost":"NO_GOLD","seed_source_timestamp":3016752628724700,"circlet_count":0,"master_deck":["AscendersBane","Strike_G","Strike_G","Strike_G","Strike_G","Strike_G","Defend_G","Defend_G","Defend_G","Defend_G","Defend_G","Survivor","Neutralize+1","Deflect","Bouncing Flask","Flying Knee","Glass Knife+1","Sucker Punch","Bouncing Flask"],"special_seed":0,"relics":["Ring of the Snake","SsserpentHead","Blue Candle","Strawberry"],"potions_floor_usage":[5,7],"damage_taken":[{"damage":3.0,"enemies":"Small Slimes","floor":1.0,"turns":4.0},{"damage":0.0,"enemies":"Cultist","floor":2.0,"turns":4.0},{"damage":9,"enemies":"2 Louse","floor":3,"turns":4},{"damage":26,"enemies":"Exordium Wildlife","floor":5,"turns":8},{"damage":3,"enemies":"Exordium Thugs","floor":7,"turns":3},{"damage":26,"enemies":"Lagavulin","floor":8,"turns":6},{"damage":12,"enemies":"Gremlin Gang","floor":11,"turns":1}],"seed_played":"-7957922988715079560","potions_obtained":[{"floor":2.0,"key":"SpeedPotion"},{"floor":5,"key":"Fire Potion"}],"is_trial":false,"path_per_floor":["M","M","M","?","M","R","M","E","T","R","M"],"character_chosen":"THE_SILENT","items_purchased":[],"campfire_rested":0,"item_purchase_floors":[],"current_hp_per_floor":[68,68,59,59,33,33,30,4,11,11,0],"gold":179,"neow_bonus":"TWENTY_PERCENT_HP_BONUS","is_prod":false,"is_daily":false,"chose_seed":false,"campfire_upgraded":2,"win_rate":0,"timestamp":1564378807,"path_taken":["M","M","M","?","?","R","M","E","T","R","M"],"build_version":"2019-07-18","purchased_purges":0,"victory":false,"max_hp_per_floor":[78,78,78,78,78,78,78,78,85,85,85],"card_choices":[{"not_picked":["Sucker Punch","PiercingWail"],"picked":"Deflect","floor":1.0},{"not_picked":["Acrobatics","Concentrate"],"picked":"Bouncing Flask","floor":2.0},{"not_picked":["Underhanded Strike","Expertise"],"picked":"Flying Knee","floor":3},{"not_picked":["Endless Agony","Slice"],"picked":"Glass Knife","floor":5},{"not_picked":["Quick Slash","Outmaneuver"],"picked":"Sucker Punch","floor":7},{"not_picked":["Finisher","Quick Slash"],"picked":"Bouncing Flask","floor":8}],"player_experience":3503941,"relics_obtained":[{"floor":8,"key":"Blue Candle"},{"floor":9,"key":"Strawberry"}],"event_choices":[{"damage_healed":0,"gold_gain":0,"player_choice":"Trade","damage_taken":0,"relics_obtained":["SsserpentHead"],"max_hp_gain":0,"max_hp_loss":0,"event_name":"FaceTrader","floor":4,"gold_loss":0}],"is_beta":true,"boss_relics":[],"items_purged_floors":[],"is_endless":false,"potions_floor_spawned":[2,5],"killed_by":"Gremlin Gang","ascension_level":20}