{"gold_per_floor":[117,117,132,132,157,157,7,7,7,7,7,41,59,59],"floor_reached":14,"playtime":476,"items_purged":["Strike_R"],"score":176,"play_id":"47cfc12f-f4bf-42a8-b2b3-903e372d8c70","local_time":"20181110234233","is_ascension_mode":true,"campfire_choices":[{"data":"Armaments","floor":6,"key":"SMITH"},{"data":"Rampage","floor":8,"key":"SMITH"}],"neow_cost":"NONE","seed_source_timestamp":4397863522430842,"circlet_count":0,"master_deck":["AscendersBane","Strike_R","Strike_R","Defend_R","Defend_R","Defend_R","Defend_R","Bash","Armaments+1","Rampage+1","Iron Wave","Metallicize","Decay","True Grit"],"relics":["Burning Blood","Gambling Chip","Golden Idol","Nunchaku","Prayer Wheel"],"potions_floor_usage":[14],"damage_taken":[{"damage":8,"enemies":"Cultist","floor":1,"turns":5},{"damage":4,"enemies":"Jaw Worm","floor":3,"turns":5},{"damage":0,"enemies":"Small Slimes","floor":5,"turns":4},{"damage":27,"enemies":"Gremlin Nob","floor":12,"turns":4},{"damage":3,"enemies":"2 Fungi Beasts","floor":13,"turns":4},{"damage":31,"enemies":"Gremlin Gang","floor":14,"turns":3}],"seed_played":"-2982466835293859991","potions_obtained":[{"floor":13,"key":"Block Potion"}],"is_trial":false,"path_per_floor":["M","T","M","?","M","R","$","R","T","?","?","E","M","M"],"character_chosen":"IRONCLAD","items_purchased":["Metallicize"],"campfire_rested":0,"item_purchase_floors":[7],"current_hp_per_floor":[66,66,68,42,48,48,48,48,48,41,41,20,23,0],"gold":59,"neow_bonus":"REMOVE_CARD","is_prod":false,"is_daily":false,"chose_seed":false,"campfire_upgraded":2,"win_rate":0,"timestamp":1541922153,"path_taken":["M","?","M","?","M","R","$","R","T","?","?","E","?","?"],"build_version":"2018-11-08","purchased_purges":1,"victory":false,"max_hp_per_floor":[75,75,75,75,75,75,75,75,75,75,75,75,75,75],"card_choices":[{"not_picked":["Thunderclap","Infernal Blade"],"picked":"Armaments","floor":1},{"not_picked":["Clash","Perfected Strike"],"picked":"Rampage","floor":3},{"not_picked":["Flex","Wild Strike"],"picked":"Iron Wave","floor":5},{"not_picked":["Wild Strike","Power Through","Hemokinesis"],"picked":"SKIP","floor":12},{"not_picked":["Armaments","Burning Pact"],"picked":"True Grit","floor":13},{"not_picked":["Whirlwind","Sword Boomerang","Armaments"],"picked":"SKIP","floor":13}],"player_experience":1057107,"relics_obtained":[{"floor":2,"key":"Gambling Chip"},{"floor":9,"key":"Nunchaku"},{"floor":12,"key":"Prayer Wheel"}],"event_choices":[{"damage_healed":0,"gold_gain":0,"player_choice":"Take Damage","damage_taken":26,"relics_obtained":["Golden Idol"],"max_hp_gain":0,"max_hp_loss":0,"event_name":"Golden Idol","floor":4,"gold_loss":0},{"cards_removed":["Strike_R"],"damage_healed":0,"gold_gain":0,"player_choice":"Card Removal","damage_taken":7,"max_hp_gain":0,"max_hp_loss":0,"event_name":"Golden Wing","floor":10,"gold_loss":0},{"damage_healed":0,"gold_gain":0,"player_choice":"Cursed","damage_taken":0,"max_hp_gain":0,"max_hp_loss":0,"event_name":"Wheel of Change","floor":11,"gold_loss":0,"cards_obtained":["Decay"]}],"is_beta":true,"boss_relics":[],"items_purged_floors":[7],"is_endless":false,"potions_floor_spawned":[13],"killed_by":"Gremlin Gang","ascension_level":20}