{"gold_per_floor":[118,43,70,145,145,173,189,189,260,277,302,302,321,335,335,335],"floor_reached":16,"playtime":453,"items_purged":[],"score":270,"play_id":"f486e730-68de-4060-a033-ff265b2e21e5","local_time":"20190612021424","is_ascension_mode":true,"campfire_choices":[{"data":"Uppercut","floor":8,"key":"SMITH"},{"data":"Bash","floor":12,"key":"SMITH"},{"data":"Spot Weakness","floor":15,"key":"SMITH"}],"neow_cost":"NONE","seed_source_timestamp":4071762511824407,"circlet_count":0,"master_deck":["AscendersBane","Strike_R","Strike_R","Strike_R","Strike_R","Defend_R","Defend_R","Defend_R","Defend_R","Bash+1","Reckless Charge","Cleave","Uppercut+1","Headbutt","Thunderclap","Spot Weakness+1"],"relics":["Burning Blood","NeowsBlessing","Strawberry","Happy Flower","Nunchaku","Gremlin Horn","Lantern"],"potions_floor_usage":[11,16],"damage_taken":[{"damage":0,"enemies":"Jaw Worm","floor":1,"turns":1},{"damage":0,"enemies":"3 Sentries","floor":6,"turns":1},{"damage":0,"enemies":"2 Louse","floor":7,"turns":1},{"damage":0,"enemies":"Small Slimes","floor":10,"turns":2},{"damage":20,"enemies":"Lagavulin","floor":11,"turns":5},{"damage":6,"enemies":"Exordium Thugs","floor":13,"turns":3},{"damage":6,"enemies":"Looter","floor":14,"turns":2},{"damage":46,"enemies":"The Guardian","floor":16,"turns":13}],"seed_played":"-8293384910080334564","potions_obtained":[{"floor":6,"key":"Weak Potion"},{"floor":10,"key":"SpeedPotion"},{"floor":13,"key":"Ancient Potion"}],"is_trial":false,"path_per_floor":["M","?","T","?","?","E","M","R","T","M","E","R","M","M","R","B"],"character_chosen":"IRONCLAD","items_purchased":[],"campfire_rested":0,"item_purchase_floors":[],"current_hp_per_floor":[74,74,81,70,35,41,47,47,47,53,39,39,39,39,39,0],"gold":335,"neow_bonus":"THREE_ENEMY_KILL","is_prod":false,"is_daily":false,"chose_seed":false,"campfire_upgraded":3,"win_rate":0,"timestamp":1560330864,"path_taken":["M","?","?","?","?","E","M","R","T","?","E","R","M","M","R","BOSS"],"build_version":"2019-06-11","purchased_purges":0,"victory":false,"max_hp_per_floor":[75,75,82,82,82,82,82,82,82,82,82,82,82,82,82,82],"card_choices":[{"not_picked":["Clash","Dual Wield"],"picked":"Reckless Charge","floor":1},{"not_picked":["True Grit","Body Slam"],"picked":"Cleave","floor":6},{"not_picked":["Iron Wave","Havoc"],"picked":"Uppercut","floor":7},{"not_picked":["Anger","Body Slam"],"picked":"Headbutt","floor":10},{"not_picked":["Clash","Reckless Charge"],"picked":"Thunderclap","floor":11},{"not_picked":["Pommel Strike","Clash"],"picked":"Spot Weakness","floor":13},{"not_picked":["Entrench","Searing Blow","Cleave"],"picked":"SKIP","floor":14}],"player_experience":1351281,"relics_obtained":[{"floor":3,"key":"Strawberry"},{"floor":6,"key":"Nunchaku"},{"floor":9,"key":"Gremlin Horn"},{"floor":11,"key":"Lantern"}],"event_choices":[{"cards_removed":["Strike_R"],"damage_healed":0,"gold_gain":0,"player_choice":"Card Removal","damage_taken":0,"max_hp_gain":0,"max_hp_loss":0,"event_name":"The Cleric","floor":2,"gold_loss":75},{"damage_healed":0,"gold_gain":75,"player_choice":"Gather Gold","damage_taken":11,"max_hp_gain":0,"max_hp_loss":0,"event_name":"World of Goop","floor":4,"gold_loss":0},{"damage_healed":0,"gold_gain":0,"player_choice":"Success","damage_taken":35,"relics_obtained":["Happy Flower"],"max_hp_gain":0,"max_hp_loss":0,"event_name":"Scrap Ooze","floor":5,"gold_loss":0}],"is_beta":true,"boss_relics":[],"items_purged_floors":[],"is_endless":false,"potions_floor_spawned":[6,10,13,14],"killed_by":"The Guardian","ascension_level":20}