{"gold_per_floor":[114,389,403,403,416,428,2,2,27,60,71,71,100,120,120,218,218,235,335,335,335,350,378,378,392,415,454,466,504,109,109,109,210,210,221,239,254,308,326,326,361,361,386,398,414,414,424,457,457,457],"floor_reached":51,"playtime":6281,"items_purged":["Regret","Injury"],"score":945,"play_id":"b674b1bf-0ad8-4b9e-b101-1d69af7ef86d","local_time":"20181130163934","is_ascension_mode":true,"campfire_choices":[{"data":"Auto Shields","floor":8.0,"key":"SMITH"},{"data":"Glacier","floor":15.0,"key":"SMITH"},{"data":"Creative AI","floor":24.0,"key":"SMITH"},{"data":"Dark Shackles","floor":28.0,"key":"SMITH"},{"data":"Ghostly","floor":32.0,"key":"SMITH"},{"data":"Ghostly","floor":40.0,"key":"SMITH"},{"data":"Ghostly","floor":49,"key":"SMITH"}],"neow_cost":"NONE","seed_source_timestamp":0,"circlet_count":0,"master_deck":["Strike_B+1","Strike_B+1","Defend_B+1","Defend_B+1","Defend_B+1","Zap","Dualcast+1","Reinforced Body+1","Ball Lightning","Auto Shields+1","Cold Snap","Reinforced Body","Chill","Glacier+1","Creative AI+1","Thunder Strike+1","Heatsinks+1","Compile Driver+1","Glacier+1","Dark Shackles+1","Storm+1","Skim","Storm","Creative AI","Ghostly+1","Ghostly+1","Ghostly+1","Ghostly","Ghostly","Seek","White Noise+1","White Noise+1"],"special_seed":0,"relics":["Cracked Core","NeowsBlessing","Bronze Scales","Strange Spoon","Ancient Tea Set","War Paint","Lantern","Astrolabe","Incense Burner","Meat on the Bone","Dodecahedron","MawBank","Oddly Smooth Stone","Bottled Flame","Lee\u0027s Waffle","Coffee Dripper","Thread and Needle","Vajra","Happy Flower","Unceasing Top"],"potions_floor_usage":[50,50,50],"damage_taken":[{"damage":0.0,"enemies":"Jaw Worm","floor":1.0,"turns":1.0},{"damage":0.0,"enemies":"Cultist","floor":3.0,"turns":1.0},{"damage":0.0,"enemies":"2 Louse","floor":5.0,"turns":1.0},{"damage":12.0,"enemies":"Lots of Slimes","floor":6.0,"turns":5.0},{"damage":11.0,"enemies":"Lagavulin","floor":10.0,"turns":6.0},{"damage":0.0,"enemies":"Looter","floor":11.0,"turns":3.0},{"damage":2.0,"enemies":"3 Sentries","floor":13.0,"turns":7.0},{"damage":0.0,"enemies":"2 Fungi Beasts","floor":14.0,"turns":3.0},{"damage":3.0,"enemies":"The Guardian","floor":16.0,"turns":13.0},{"damage":4.0,"enemies":"Spheric Guardian","floor":18.0,"turns":9.0},{"damage":2.0,"enemies":"Colosseum Slavers","floor":19.0,"turns":7.0},{"damage":26.0,"enemies":"Colosseum Nobs","floor":19.0,"turns":7.0},{"damage":3.0,"enemies":"Chosen","floor":22.0,"turns":4.0},{"damage":26.0,"enemies":"Slavers","floor":23.0,"turns":7.0},{"damage":0.0,"enemies":"Snake Plant","floor":25.0,"turns":4.0},{"damage":0.0,"enemies":"Book of Stabbing","floor":27.0,"turns":7.0},{"damage":3.0,"enemies":"Gremlin Leader","floor":29.0,"turns":9.0},{"damage":0.0,"enemies":"Champ","floor":33.0,"turns":10.0},{"damage":0.0,"enemies":"3 Darklings","floor":35.0,"turns":4.0},{"damage":0.0,"enemies":"Orb Walker","floor":36.0,"turns":4.0},{"damage":0.0,"enemies":"Transient","floor":37.0,"turns":5.0},{"damage":2.0,"enemies":"2 Orb Walkers","floor":38.0,"turns":5.0},{"damage":0.0,"enemies":"4 Shapes","floor":39.0,"turns":5.0},{"damage":0.0,"enemies":"Nemesis","floor":41.0,"turns":5.0},{"damage":0.0,"enemies":"Jaw Worm Horde","floor":44.0,"turns":5.0},{"damage":0,"enemies":"Transient","floor":45,"turns":5},{"damage":0,"enemies":"Maw","floor":47,"turns":6},{"damage":0,"enemies":"Giant Head","floor":48,"turns":7},{"damage":14,"enemies":"Awakened One","floor":50,"turns":10}],"seed_played":"2169597441298890355","potions_obtained":[{"floor":1.0,"key":"SteroidPotion"},{"floor":3.0,"key":"SpeedPotion"},{"floor":11.0,"key":"Ancient Potion"},{"floor":19.0,"key":"Explosive Potion"},{"floor":22.0,"key":"LiquidBronze"},{"floor":23.0,"key":"Poison Potion"},{"floor":36.0,"key":"Dexterity Potion"},{"floor":39.0,"key":"Ancient Potion"},{"floor":47,"key":"Block Potion"}],"is_trial":false,"path_per_floor":["M","?","M","?","M","M","$","R","T","E","E","M","?","E","M","R","B",null,"M","?","?","?","M","E","R","M","T","E","R","E","$","?","R","B",null,"M","M","M","?","M","R","E","?","T","M","M","M","?","M","E","R","B",null],"character_chosen":"DEFECT","items_purchased":["Bronze Scales","Strange Spoon","Lee\u0027s Waffle","Swift Potion","Dexterity Potion"],"campfire_rested":0,"item_purchase_floors":[7,7,30,30,30],"current_hp_per_floor":[75,75,75,75,75,63,63,63,63,52,52,75,73,73,73,70,75,71,43,43,43,40,26,26,38,38,38,38,47,82,41,41,41,41,41,41,41,39,39,39,39,39,39,39,39,39,39,39,39,25],"gold":457,"neow_bonus":"THREE_ENEMY_KILL","is_prod":false,"is_daily":false,"chose_seed":false,"campfire_upgraded":7,"win_rate":0,"timestamp":1543613974,"path_taken":["M","?","?","?","?","M","$","R","T","E","M","?","E","?","R","BOSS","M","?","?","?","?","E","R","M","T","E","R","E","$","?","R","BOSS","M","M","M","?","M","R","E","?","T","M","M","?","M","E","R","BOSS"],"build_version":"2018-11-15","purchased_purges":2,"victory":true,"max_hp_per_floor":[75,75,75,75,75,75,75,75,75,75,75,75,75,75,75,75,75,75,75,75,75,75,75,75,75,75,75,75,75,82,41,41,41,41,41,41,41,41,41,41,41,41,41,41,41,41,41,41,41,41],"card_choices":[{"not_picked":["Conserve Battery","Tempest"],"picked":"Reinforced Body","floor":1.0},{"not_picked":["Hologram","Sweeping Beam"],"picked":"Ball Lightning","floor":3.0},{"not_picked":["Gash","Rip and Tear","Hyperbeam"],"picked":"SKIP","floor":5.0},{"not_picked":["Gash","Aggregate"],"picked":"Auto Shields","floor":6.0},{"not_picked":["Tempest","Steam Power"],"picked":"Cold Snap","floor":10.0},{"not_picked":["Hello World","Steam"],"picked":"Reinforced Body","floor":11.0},{"not_picked":["Redo","Core Surge"],"picked":"Chill","floor":13.0},{"not_picked":["Redo","Melter"],"picked":"Glacier","floor":14.0},{"not_picked":["Rainbow","Thunder Strike"],"picked":"Creative AI","floor":16.0},{"not_picked":["Redo","Steam"],"picked":"Compile Driver+1","floor":18.0},{"not_picked":["Beam Cell","Go for the Eyes"],"picked":"Glacier+1","floor":19.0},{"not_picked":["Go for the Eyes","Streamline"],"picked":"Storm+1","floor":22.0},{"not_picked":["Stack","Leap"],"picked":"Skim","floor":23.0},{"not_picked":["Ball Lightning","Genetic Algorithm+1"],"picked":"Storm","floor":25.0},{"not_picked":["Stack+1","Ball Lightning","Steam"],"picked":"SKIP","floor":27.0},{"not_picked":["Static Discharge","Steam"],"picked":"Creative AI","floor":29.0},{"not_picked":["Multi-Cast","Rainbow"],"picked":"Seek","floor":33.0},{"not_picked":["Cold Snap","FTL"],"picked":"White Noise+1","floor":35.0},{"not_picked":["Coolheaded+1","Steam"],"picked":"White Noise+1","floor":36.0},{"not_picked":["Cold Snap+1","Steam","Gash+1"],"picked":"SKIP","floor":37.0},{"not_picked":["Rebound+1","Ball Lightning","Chaos+1"],"picked":"SKIP","floor":39.0},{"not_picked":["Cold Snap","Creative AI","Hologram"],"picked":"SKIP","floor":41.0},{"not_picked":["Steam+1","Scrape+1","Gash"],"picked":"SKIP","floor":44},{"not_picked":["Leap","Go for the Eyes","Aggregate+1"],"picked":"SKIP","floor":45},{"not_picked":["Go for the Eyes+1","Turbo+1","Leap+1"],"picked":"SKIP","floor":47},{"not_picked":["Self Repair+1","Coolheaded","Go for the Eyes"],"picked":"SKIP","floor":48}],"player_experience":151536,"relics_obtained":[{"floor":9.0,"key":"Ancient Tea Set"},{"floor":10.0,"key":"War Paint"},{"floor":13.0,"key":"Lantern"},{"floor":19.0,"key":"Incense Burner"},{"floor":19.0,"key":"Meat on the Bone"},{"floor":23.0,"key":"Dodecahedron"},{"floor":26.0,"key":"MawBank"},{"floor":27.0,"key":"Oddly Smooth Stone"},{"floor":29.0,"key":"Bottled Flame"},{"floor":38.0,"key":"Thread and Needle"},{"floor":41.0,"key":"Vajra"},{"floor":43.0,"key":"Happy Flower"},{"floor":48,"key":"Unceasing Top"}],"event_choices":[{"damage_healed":0.0,"max_hp_gain":0.0,"max_hp_loss":0.0,"gold_gain":275.0,"event_name":"Golden Shrine","player_choice":"Desecrate","floor":2.0,"gold_loss":0.0,"damage_taken":0.0,"cards_obtained":["Regret"]},{"damage_healed":0.0,"max_hp_gain":0.0,"max_hp_loss":0.0,"gold_gain":0.0,"event_name":"Upgrade Shrine","player_choice":"Upgraded","floor":4.0,"gold_loss":0.0,"damage_taken":0.0,"cards_upgraded":["Reinforced Body"]},{"damage_healed":23.0,"max_hp_gain":0.0,"max_hp_loss":0.0,"gold_gain":0.0,"event_name":"Wheel of Change","player_choice":"Full Heal","floor":12.0,"gold_loss":0.0,"damage_taken":0.0},{"damage_healed":0.0,"max_hp_gain":0.0,"max_hp_loss":0.0,"gold_gain":0.0,"event_name":"Colosseum","player_choice":"Fight","floor":19.0,"gold_loss":0.0,"damage_taken":0.0},{"damage_healed":0.0,"max_hp_gain":0.0,"max_hp_loss":0.0,"gold_gain":0.0,"event_name":"Colosseum","player_choice":"Fought Nobs","floor":19.0,"gold_loss":0.0,"damage_taken":0.0},{"damage_healed":0.0,"max_hp_gain":0.0,"max_hp_loss":0.0,"gold_gain":0.0,"event_name":"Back to Basics","player_choice":"Simplicity","floor":20.0,"gold_loss":0.0,"damage_taken":0.0,"cards_upgraded":["Strike_B","Strike_B","Defend_B","Defend_B"]},{"damage_healed":0.0,"max_hp_gain":0.0,"max_hp_loss":0.0,"gold_gain":0.0,"event_name":"Match and Keep!","player_choice":"2 cards matched","floor":21.0,"gold_loss":0.0,"damage_taken":0.0,"cards_obtained":["Injury","Dark Shackles"]},{"damage_healed":0.0,"max_hp_gain":0.0,"max_hp_loss":41.0,"gold_gain":0.0,"event_name":"Ghosts","player_choice":"Became a Ghost","floor":31.0,"gold_loss":0.0,"damage_taken":0.0,"cards_obtained":["Ghostly","Ghostly","Ghostly","Ghostly","Ghostly"]},{"damage_healed":0.0,"max_hp_gain":0.0,"max_hp_loss":0.0,"gold_gain":0.0,"event_name":"Mysterious Sphere","player_choice":"Fight","floor":38.0,"gold_loss":0.0,"damage_taken":0.0},{"damage_healed":0.0,"max_hp_gain":0.0,"max_hp_loss":0.0,"gold_gain":0.0,"event_name":"Tomb of Lord Red Mask","player_choice":"Ignored","floor":42.0,"gold_loss":0.0,"damage_taken":0.0},{"cards_removed":["Rip and Tear"],"damage_healed":0,"gold_gain":0,"player_choice":"Removed Attack","damage_taken":0,"max_hp_gain":0,"max_hp_loss":0,"event_name":"Falling","floor":46,"gold_loss":0}],"is_beta":false,"boss_relics":[{"not_picked":["White Beast Statue","Busted Crown"],"picked":"Astrolabe"},{"not_picked":["Pandora\u0027s Box","Philosopher\u0027s Stone"],"picked":"Coffee Dripper"}],"items_purged_floors":[7,30],"is_endless":false,"potions_floor_spawned":[1,3,11,13,16,19,22,23,33,35,36,39,47,48],"ascension_level":1}