{"gold_per_floor":[116,131,144,156,81,81,100,100,176,176,176,214,235,276,276,366,366,387,405,405,429,45,45,381,381,381,381,396,311,361,361,361,361],"floor_reached":33,"playtime":1225,"items_purged":["Strike_R"],"score":550,"play_id":"35def598-1eae-4abe-af26-efc42cf65be4","local_time":"20181113232725","is_ascension_mode":true,"campfire_choices":[{"data":"Bash","floor":6,"key":"SMITH"},{"data":"Inflame","floor":8,"key":"SMITH"},{"data":"Disarm","floor":11,"key":"SMITH"},{"floor":15,"key":"DIG"},{"floor":23,"key":"REST"},{"floor":25,"key":"DIG"},{"data":"Fiend Fire","floor":27,"key":"SMITH"},{"floor":32,"key":"DIG"}],"neow_cost":"NONE","seed_source_timestamp":4655405355948639,"circlet_count":0,"master_deck":["AscendersBane","Strike_R","Strike_R","Strike_R+1","Strike_R","Defend_R","Defend_R","Defend_R","Defend_R","Bash+1","Intimidate","Sever Soul+1","Cleave","Inflame+1","Disarm+1","Immolate","Iron Wave","Fiend Fire+1","Feed","Sword Boomerang","Metallicize","Clothesline","Shrug It Off","Burning Pact","Ghostly+1","Ghostly+1","Ghostly+1"],"relics":["Burning Blood","Golden Idol","Shovel","Whetstone","Bronze Scales","Sozu","OrangePellets","Orichalcum","Old Coin","Lantern","Pocketwatch","Toxic Egg 2","Blue Candle"],"potions_floor_usage":[12,14,16,28],"damage_taken":[{"damage":11,"enemies":"Jaw Worm","floor":1,"turns":5},{"damage":15,"enemies":"Small Slimes","floor":2,"turns":6},{"damage":0,"enemies":"2 Louse","floor":3,"turns":3},{"damage":15,"enemies":"Blue Slaver","floor":4,"turns":5},{"damage":2,"enemies":"2 Fungi Beasts","floor":7,"turns":3},{"damage":24,"enemies":"Gremlin Nob","floor":12,"turns":4},{"damage":6,"enemies":"Looter","floor":13,"turns":3},{"damage":12,"enemies":"Lagavulin","floor":14,"turns":5},{"damage":34,"enemies":"The Guardian","floor":16,"turns":11},{"damage":8,"enemies":"Chosen","floor":18,"turns":5},{"damage":3,"enemies":"3 Byrds","floor":19,"turns":2},{"damage":29,"enemies":"Sentry and Sphere","floor":21,"turns":5},{"damage":20,"enemies":"Book of Stabbing","floor":24,"turns":5},{"damage":6,"enemies":"Chosen and Byrds","floor":28,"turns":5},{"damage":63,"enemies":"Automaton","floor":33,"turns":6}],"seed_played":"-7044189190160114449","potions_obtained":[{"floor":1,"key":"Fire Potion"},{"floor":3,"key":"Ancient Potion"},{"floor":12,"key":"AttackPotion"},{"floor":14,"key":"Energy Potion"}],"is_trial":false,"path_per_floor":["M","M","M","M","$","R","M","R","T","?","R","E","M","E","R","B",null,"M","M","$","M","$","R","E","R","T","R","M","?","?","?","R","B"],"character_chosen":"IRONCLAD","items_purchased":["OrangePellets","Orichalcum"],"campfire_rested":1,"item_purchase_floors":[22,22],"current_hp_per_floor":[70,61,67,58,58,58,62,62,62,62,62,44,44,38,38,10,58,56,62,62,39,39,62,48,48,48,48,48,48,48,38,38,0],"gold":361,"neow_bonus":"TEN_PERCENT_HP_BONUS","is_prod":false,"is_daily":false,"chose_seed":false,"campfire_upgraded":4,"win_rate":0,"timestamp":1542180445,"path_taken":["M","M","M","M","$","R","M","R","T","?","R","E","M","E","R","BOSS","M","M","$","M","$","R","E","R","T","R","M","?","?","?","R","BOSS"],"build_version":"2018-11-13","purchased_purges":1,"victory":false,"max_hp_per_floor":[82,82,82,82,82,82,82,82,82,74,74,74,74,74,74,74,74,74,77,77,77,77,77,77,77,77,77,77,77,77,38,38,38],"card_choices":[{"not_picked":["Evolve","Warcry"],"picked":"Intimidate","floor":1},{"not_picked":["Seeing Red","Havoc"],"picked":"Sever Soul","floor":2},{"not_picked":["Seeing Red","Flex"],"picked":"Cleave","floor":3},{"not_picked":["Wild Strike","Blood for Blood"],"picked":"Inflame","floor":4},{"not_picked":["Metallicize","Thunderclap"],"picked":"Disarm","floor":7},{"not_picked":["Clothesline","Twin Strike"],"picked":"Immolate","floor":12},{"not_picked":["Flex","Burning Pact"],"picked":"Iron Wave","floor":13},{"not_picked":["Cleave","Bloodletting"],"picked":"Fiend Fire","floor":14},{"not_picked":["Impervious","Immolate"],"picked":"Feed","floor":16},{"not_picked":["Twin Strike","Hemokinesis"],"picked":"Sword Boomerang","floor":18},{"not_picked":["Shrug It Off","Twin Strike"],"picked":"Metallicize","floor":19},{"not_picked":["Pommel Strike","Pummel"],"picked":"Clothesline","floor":21},{"not_picked":["Corruption","Carnage"],"picked":"Shrug It Off","floor":24},{"not_picked":["Rampage+1","Rage"],"picked":"Burning Pact","floor":28}],"player_experience":1082548,"relics_obtained":[{"floor":12,"key":"Shovel"},{"floor":14,"key":"Whetstone"},{"floor":15,"key":"Bronze Scales"},{"floor":24,"key":"Old Coin"},{"floor":25,"key":"Lantern"},{"floor":26,"key":"Pocketwatch"},{"floor":32,"key":"Blue Candle"}],"event_choices":[{"damage_healed":0,"gold_gain":0,"player_choice":"Lose Max HP","damage_taken":0,"relics_obtained":["Golden Idol"],"max_hp_gain":0,"max_hp_loss":8,"event_name":"Golden Idol","floor":10,"gold_loss":0},{"damage_healed":0,"gold_gain":0,"player_choice":"Obtained Relic","damage_taken":0,"relics_obtained":["Toxic Egg 2"],"max_hp_gain":0,"max_hp_loss":0,"event_name":"Addict","floor":29,"gold_loss":85},{"damage_healed":0,"gold_gain":50,"player_choice":"Stole From Cult","damage_taken":0,"max_hp_gain":0,"max_hp_loss":0,"event_name":"Nest","floor":30,"gold_loss":0},{"damage_healed":0,"gold_gain":0,"player_choice":"Became a Ghost","damage_taken":0,"max_hp_gain":0,"max_hp_loss":39,"event_name":"Ghosts","floor":31,"gold_loss":0,"cards_obtained":["Ghostly","Ghostly","Ghostly"]}],"is_beta":true,"boss_relics":[{"not_picked":["Pandora\u0027s Box","Runic Dome"],"picked":"Sozu"}],"items_purged_floors":[5],"is_endless":false,"potions_floor_spawned":[1,3,12,14,21,24],"killed_by":"Automaton","ascension_level":20}