{"gold_per_floor":[112,123,137,60,77,77,110,122,134,146],"floor_reached":10,"playtime":616,"items_purged":[],"score":136,"play_id":"3d7fa063-e139-4426-b5c4-698ccb422855","local_time":"20190726012846","is_ascension_mode":true,"campfire_choices":[{"data":"Caltrops","floor":6.0,"key":"SMITH"}],"neow_cost":"NONE","seed_source_timestamp":2767102699059300,"circlet_count":0,"master_deck":["AscendersBane","Strike_G","Strike_G","Strike_G","Strike_G","Strike_G","Defend_G","Defend_G","Defend_G","Defend_G","Defend_G","Survivor","Neutralize","Blur","Leg Sweep","Dash","Backflip","Caltrops+1","Caltrops+1","Noxious Fumes"],"special_seed":0,"relics":["Ring of the Snake","MawBank","Mummified Hand"],"potions_floor_usage":[10],"damage_taken":[{"damage":1.0,"enemies":"Cultist","floor":1.0,"turns":6.0},{"damage":0.0,"enemies":"2 Louse","floor":2.0,"turns":5.0},{"damage":0.0,"enemies":"Small Slimes","floor":3.0,"turns":3.0},{"damage":9.0,"enemies":"Exordium Thugs","floor":5.0,"turns":6.0},{"damage":20.0,"enemies":"3 Sentries","floor":7.0,"turns":8.0},{"damage":34,"enemies":"Gremlin Nob","floor":10,"turns":4}],"seed_played":"-3962312777093004833","potions_obtained":[{"floor":1.0,"key":"Fire Potion"},{"floor":2.0,"key":"LiquidBronze"},{"floor":7.0,"key":"SkillPotion"}],"is_trial":false,"path_per_floor":["M","M","M","$","M","R","E","?","T","E"],"character_chosen":"THE_SILENT","items_purchased":["Caltrops"],"campfire_rested":0,"item_purchase_floors":[4],"current_hp_per_floor":[58,58,58,58,49,49,29,29,29,0],"gold":146,"neow_bonus":"THREE_CARDS","is_prod":false,"is_daily":false,"chose_seed":false,"campfire_upgraded":1,"win_rate":0,"timestamp":1564129726,"path_taken":["M","M","M","?","M","R","E","?","T","E"],"build_version":"2019-07-18","purchased_purges":0,"victory":false,"max_hp_per_floor":[66,66,66,66,66,66,66,66,66,66],"card_choices":[{"not_picked":["Bane","PiercingWail"],"picked":"Blur","floor":0.0},{"not_picked":["Underhanded Strike","Outmaneuver"],"picked":"Leg Sweep","floor":1.0},{"not_picked":["Acrobatics","Bane"],"picked":"Dash","floor":2.0},{"not_picked":["Acrobatics","Poisoned Stab"],"picked":"Backflip","floor":3.0},{"not_picked":["Masterful Stab","Deadly Poison"],"picked":"Caltrops","floor":5.0},{"not_picked":["Acrobatics","Backflip"],"picked":"Noxious Fumes","floor":7.0}],"player_experience":3487988,"relics_obtained":[{"floor":7.0,"key":"MawBank"},{"floor":9.0,"key":"Mummified Hand"}],"event_choices":[{"damage_healed":0.0,"max_hp_gain":0.0,"max_hp_loss":0.0,"gold_gain":0.0,"event_name":"Living Wall","player_choice":"Grow","floor":8.0,"gold_loss":0.0,"damage_taken":0.0,"cards_upgraded":["Caltrops"]}],"is_beta":true,"boss_relics":[],"items_purged_floors":[],"is_endless":false,"potions_floor_spawned":[1,2,7],"killed_by":"Gremlin Nob","ascension_level":20}