{"gold_per_floor":[115,290,565,575,595,595,621,621,648,659,669,702,177,195,195,296,296,313,333,248,248,263,263,297,315,315,327,327,356,375,393,393,393],"floor_reached":33,"playtime":2642,"items_purged":["Regret"],"score":326,"play_id":"4626a464-af67-4e18-899d-aa9d80375937","local_time":"20190318152728","is_ascension_mode":false,"campfire_choices":[{"data":"Hemokinesis","floor":6.0,"key":"SMITH"},{"data":"Armaments","floor":8.0,"key":"SMITH"},{"floor":15.0,"key":"REST"},{"data":"Mayhem","floor":23.0,"key":"SMITH"},{"floor":32,"key":"REST"}],"neow_cost":"PERCENT_DAMAGE","seed_source_timestamp":21504267467674,"circlet_count":0,"master_deck":["Strike_R","Strike_R","Strike_R+1","Strike_R","Strike_R+1","Defend_R","Defend_R","Defend_R","Defend_R","Bash","Hemokinesis+1","Doubt","Armaments+1","Shrug It Off","Havoc","Evolve","Thunderclap","Feed","Mayhem+1","Shockwave+1","Offering+1","True Grit+1","Havoc+1","Battle Trance+1","Feel No Pain+1","Disarm+1","Fiend Fire","Fiend Fire","Burning Pact+1","Body Slam","Flame Barrier+1"],"special_seed":0,"relics":["Black Blood","Ginger","Whetstone","Regal Pillow","Toxic Egg 2","Pear","Lantern","Turnip","PreservedInsect","Bottled Tornado","Question Card"],"potions_floor_usage":[24,33,33,33],"damage_taken":[{"damage":1.0,"enemies":"Cultist","floor":1.0,"turns":4.0},{"damage":3.0,"enemies":"Small Slimes","floor":4.0,"turns":2.0},{"damage":7.0,"enemies":"2 Louse","floor":5.0,"turns":2.0},{"damage":32.0,"enemies":"3 Sentries","floor":7.0,"turns":10.0},{"damage":4.0,"enemies":"Red Slaver","floor":10.0,"turns":4.0},{"damage":11.0,"enemies":"2 Fungi Beasts","floor":11.0,"turns":5.0},{"damage":30.0,"enemies":"Lagavulin","floor":12.0,"turns":7.0},{"damage":9.0,"enemies":"Blue Slaver","floor":14.0,"turns":2.0},{"damage":35.0,"enemies":"Hexaghost","floor":16.0,"turns":11.0},{"damage":20.0,"enemies":"Chosen","floor":18.0,"turns":5.0},{"damage":15.0,"enemies":"Shell Parasite","floor":19.0,"turns":5.0},{"damage":23.0,"enemies":"Sentry and Sphere","floor":22.0,"turns":6.0},{"damage":37,"enemies":"Slavers","floor":24,"turns":6},{"damage":15,"enemies":"Cultist and Chosen","floor":25,"turns":6},{"damage":18,"enemies":"Centurion and Healer","floor":27,"turns":10},{"damage":16,"enemies":"Book of Stabbing","floor":29,"turns":6},{"damage":14,"enemies":"Snecko","floor":30,"turns":7},{"damage":8,"enemies":"Cultist and Chosen","floor":31,"turns":5},{"damage":98,"enemies":"Automaton","floor":33,"turns":14}],"seed_played":"3204341964728698624","potions_obtained":[{"floor":1.0,"key":"Weak Potion"},{"floor":5.0,"key":"Poison Potion"},{"floor":7.0,"key":"Ancient Potion"},{"floor":16.0,"key":"SteroidPotion"},{"floor":18.0,"key":"PowerPotion"},{"floor":22.0,"key":"Explosive Potion"},{"floor":27,"key":"AttackPotion"},{"floor":30,"key":"Regen Potion"}],"is_trial":false,"path_per_floor":["M","?","?","M","M","R","E","R","T","M","M","E","$","M","R","B",null,"M","M","?","?","M","R","E","M","T","M","?","E","M","M","R","B"],"character_chosen":"IRONCLAD","items_purchased":["Mayhem","Pear"],"campfire_rested":2,"item_purchase_floors":[13,13],"current_hp_per_floor":[61,61,61,64,63,63,37,37,37,39,34,10,20,17,59,30,90,80,75,75,75,66,66,43,41,41,33,33,27,23,25,70,0],"gold":393,"neow_bonus":"ONE_RARE_RELIC","is_prod":false,"is_daily":false,"chose_seed":false,"campfire_upgraded":3,"win_rate":0,"timestamp":1552937248,"path_taken":["M","?","?","M","M","R","E","R","T","M","M","E","$","M","R","BOSS","M","?","?","?","M","R","E","?","T","M","?","E","M","?","R","BOSS"],"build_version":"2019-01-23","purchased_purges":1,"victory":false,"max_hp_per_floor":[80,80,80,80,80,80,80,80,80,80,80,80,90,90,90,90,90,90,90,90,90,94,94,98,101,101,101,101,101,101,101,101,101],"card_choices":[{"not_picked":["Body Slam","Sentinel"],"picked":"Hemokinesis","floor":1.0},{"not_picked":["Cleave","Thunderclap"],"picked":"Armaments","floor":4.0},{"not_picked":["Clothesline","Flex"],"picked":"Shrug It Off","floor":5.0},{"not_picked":["Bludgeon","Anger"],"picked":"Havoc","floor":7.0},{"not_picked":["Clothesline","Armaments"],"picked":"Evolve","floor":10.0},{"not_picked":["Wild Strike","Entrench"],"picked":"Thunderclap","floor":11.0},{"not_picked":["Perfected Strike","Intimidate"],"picked":"Feed","floor":12.0},{"not_picked":["Clash","Anger"],"picked":"Shockwave+1","floor":14.0},{"not_picked":["Bludgeon","Brutality"],"picked":"Offering+1","floor":16.0},{"not_picked":["Clash","Anger"],"picked":"True Grit+1","floor":18.0},{"not_picked":["Shockwave+1","Twin Strike"],"picked":"Havoc+1","floor":19.0},{"not_picked":["Havoc+1","Sword Boomerang"],"picked":"Battle Trance+1","floor":22.0},{"not_picked":["Flex+1","Shrug It Off+1"],"picked":"Feel No Pain+1","floor":24},{"not_picked":["Sword Boomerang","Reckless Charge"],"picked":"Disarm+1","floor":25},{"not_picked":["Pummel+1","Pommel Strike"],"picked":"Fiend Fire","floor":27},{"not_picked":["Sword Boomerang+1","Infernal Blade+1"],"picked":"Burning Pact+1","floor":29},{"not_picked":["Havoc+1","Searing Blow","Clash"],"picked":"Body Slam","floor":30},{"not_picked":["Pummel","Clash+1","Inflame"],"picked":"Flame Barrier+1","floor":31}],"player_experience":424873,"relics_obtained":[{"floor":7.0,"key":"Whetstone"},{"floor":9.0,"key":"Regal Pillow"},{"floor":12.0,"key":"Toxic Egg 2"},{"floor":24,"key":"PreservedInsect"},{"floor":26,"key":"Bottled Tornado"},{"floor":29,"key":"Question Card"}],"event_choices":[{"damage_healed":0.0,"max_hp_gain":0.0,"max_hp_loss":0.0,"gold_gain":175.0,"event_name":"Liars Game","player_choice":"AGREE","floor":2.0,"gold_loss":0.0,"damage_taken":0.0,"cards_obtained":["Doubt"]},{"damage_healed":0.0,"max_hp_gain":0.0,"max_hp_loss":0.0,"gold_gain":275.0,"event_name":"Golden Shrine","player_choice":"Desecrate","floor":3.0,"gold_loss":0.0,"damage_taken":0.0,"cards_obtained":["Regret"]},{"damage_healed":0.0,"max_hp_gain":0.0,"max_hp_loss":0.0,"gold_gain":0.0,"event_name":"Addict","player_choice":"Obtained Relic","floor":20.0,"gold_loss":85.0,"damage_taken":0.0,"relics_obtained":["Lantern"]},{"damage_healed":0.0,"max_hp_gain":0.0,"max_hp_loss":0.0,"gold_gain":0.0,"event_name":"WeMeetAgain","player_choice":"Gave Potion","floor":21.0,"gold_loss":0.0,"damage_taken":0.0,"relics_obtained":["Turnip"]},{"damage_healed":0,"gold_gain":0,"player_choice":"Copied","damage_taken":0,"max_hp_gain":0,"max_hp_loss":0,"event_name":"Duplicator","floor":28,"gold_loss":0,"cards_obtained":["Fiend Fire"]}],"is_beta":false,"boss_relics":[{"not_picked":["Busted Crown","Sozu"],"picked":"Black Blood"}],"items_purged_floors":[13],"is_endless":false,"potions_floor_spawned":[1,5,7,16,18,22,27,30],"killed_by":"Automaton","ascension_level":0}