{"gold_per_floor":[114,133,49,67,67,67,102,102,102,102,134,144,177,190,190,289,289,301,316,346,68,81,81,81,81,107,107,120,120,137,147,147,245,245,255,235,245,245,26,26,36,36,61,61,78,78,89,107,107,107],"floor_reached":51,"playtime":6998,"items_purged":["Strike_P"],"score":828,"play_id":"4d293e9e-b59b-485b-b113-6465b072e004","local_time":"20190918005712","is_ascension_mode":true,"campfire_choices":[{"data":"Wireheading","floor":6.0,"key":"SMITH"},{"data":"Eruption","floor":8.0,"key":"SMITH"},{"data":"Swivel","floor":10.0,"key":"SMITH"},{"data":"Prostrate","floor":15.0,"key":"SMITH"},{"data":"FlowState","floor":23.0,"key":"SMITH"},{"data":"SignatureMove","floor":27.0,"key":"SMITH"},{"data":"CrushJoints","floor":29.0,"key":"SMITH"},{"data":"Worship","floor":32.0,"key":"SMITH"},{"data":"Judgement","floor":40.0,"key":"SMITH"},{"data":"Devotion","floor":42.0,"key":"SMITH"},{"data":"Meditate","floor":49,"key":"SMITH"}],"neow_cost":"NONE","seed_source_timestamp":0,"circlet_count":0,"master_deck":["Strike_P","Strike_P","Defend_P","Defend_P","Defend_P","Defend_P","Eruption+1","Vigilance","Swivel+1","JustLucky","CrushJoints+1","Wireheading+1","EmptyMind","Halt","CrushJoints+1","ForeignInfluence","Prostrate+1","Tantrum","SignatureMove+1","Prostrate+1","FlowState+1","JustLucky","Sanctity","Shame","ClearTheMind","Worship+1","Judgement+1","Meditate+1","Halt+1","Master of Strategy","Devotion+1","EmptyBody+1","EmptyMind+1","Adaptation+1","FearNoEvil+1"],"special_seed":0,"relics":["PureWater","MealTicket","Dodecahedron","Yang","Bag of Marbles","Coffee Dripper","Red Mask","Happy Flower","Pear","Enchiridion","Bronze Scales","SlaversCollar","Melange","Oddly Smooth Stone","Frozen Egg 2"],"potions_floor_usage":[45,50],"damage_taken":[{"damage":0.0,"enemies":"Cultist","floor":1.0,"turns":2.0},{"damage":0.0,"enemies":"2 Louse","floor":2.0,"turns":2.0},{"damage":4.0,"enemies":"Small Slimes","floor":4.0,"turns":4.0},{"damage":31.0,"enemies":"3 Sentries","floor":7.0,"turns":11.0},{"damage":0.0,"enemies":"Lagavulin","floor":11.0,"turns":3.0},{"damage":0.0,"enemies":"2 Fungi Beasts","floor":12.0,"turns":2.0},{"damage":9.0,"enemies":"Gremlin Nob","floor":13.0,"turns":4.0},{"damage":0.0,"enemies":"3 Louse","floor":14.0,"turns":1.0},{"damage":6.0,"enemies":"Hexaghost","floor":16.0,"turns":9.0},{"damage":0.0,"enemies":"Shell Parasite","floor":18.0,"turns":1.0},{"damage":0.0,"enemies":"Chosen","floor":19.0,"turns":3.0},{"damage":28.0,"enemies":"Masked Bandits","floor":20.0,"turns":5.0},{"damage":3.0,"enemies":"Snecko","floor":22.0,"turns":4.0},{"damage":0.0,"enemies":"Snake Plant","floor":28.0,"turns":2.0},{"damage":5.0,"enemies":"Shelled Parasite and Fungi","floor":30.0,"turns":3.0},{"damage":0.0,"enemies":"Centurion and Healer","floor":31.0,"turns":6.0},{"damage":1.0,"enemies":"Champ","floor":33.0,"turns":6.0},{"damage":1.0,"enemies":"3 Shapes","floor":35.0,"turns":5.0},{"damage":2.0,"enemies":"3 Darklings","floor":37.0,"turns":3.0},{"damage":44.0,"enemies":"Maw","floor":41.0,"turns":6.0},{"damage":0,"enemies":"Transient","floor":45,"turns":5},{"damage":0,"enemies":"Sphere and 2 Shapes","floor":47,"turns":3},{"damage":9,"enemies":"3 Darklings","floor":48,"turns":4},{"damage":25,"enemies":"Donu and Deca","floor":50,"turns":6}],"seed_played":"-7034310330117783798","potions_obtained":[{"floor":1.0,"key":"FairyPotion"},{"floor":4.0,"key":"SkillPotion"},{"floor":7.0,"key":"DuplicationPotion"},{"floor":13.0,"key":"Poison Potion"},{"floor":16.0,"key":"Regen Potion"},{"floor":20.0,"key":"Block Potion"},{"floor":22.0,"key":"Strength Potion"},{"floor":30.0,"key":"SkillPotion"},{"floor":36.0,"key":"EntropicBrew"},{"floor":45,"key":"Ancient Potion"}],"is_trial":false,"path_per_floor":["M","M","$","M","?","R","E","R","T","R","E","M","E","M","R","B",null,"M","M","?","$","M","R","?","?","T","R","M","R","M","M","R","B",null,"M","?","M","?","$","R","M","R","T","T","M","$","M","M","R","B",null],"character_chosen":"WATCHER","items_purchased":["CrushJoints","Wireheading","Happy Flower","JustLucky","Melange","Devotion"],"campfire_rested":0,"item_purchase_floors":[3,3,21,21,39,39],"current_hp_per_floor":[65,65,65,61,61,61,30,30,30,30,30,30,21,21,21,15,65,65,65,37,52,61,61,71,55,55,55,55,55,50,50,50,49,75,74,74,72,72,75,75,31,31,31,31,31,46,46,37,37,12],"gold":107,"neow_bonus":"REMOVE_CARD","is_prod":false,"is_daily":false,"chose_seed":false,"campfire_upgraded":11,"win_rate":0,"timestamp":1568793432,"path_taken":["M","M","$","?","?","R","E","R","T","R","E","?","E","M","R","BOSS","M","?","?","$","M","R","?","?","T","R","M","R","M","M","R","BOSS","M","?","?","?","$","R","M","R","T","?","?","$","M","M","R","BOSS"],"build_version":"2019-09-17","purchased_purges":1,"victory":true,"max_hp_per_floor":[65,65,65,65,65,65,65,65,65,65,65,65,65,65,65,65,65,65,65,65,65,65,65,75,75,75,75,75,75,75,75,75,75,75,75,75,75,75,75,75,75,75,75,75,75,75,75,75,75,75],"card_choices":[{"not_picked":["Meditate","Halt"],"picked":"Swivel","floor":1.0},{"not_picked":["Sanctity","Evaluate"],"picked":"JustLucky","floor":2.0},{"not_picked":["Sanctity","Prostrate"],"picked":"EmptyMind","floor":4.0},{"not_picked":["TalkToTheHand","FlyingSleeves"],"picked":"Halt","floor":7.0},{"not_picked":["FlyingSleeves","Evaluate"],"picked":"CrushJoints","floor":11.0},{"not_picked":["Worship","Consecrate"],"picked":"ForeignInfluence","floor":12.0},{"not_picked":["Sanctity","BowlingBash"],"picked":"Prostrate","floor":13.0},{"not_picked":["Crescendo","Weave"],"picked":"Tantrum","floor":14.0},{"not_picked":["MasterReality","Pray"],"picked":"SignatureMove","floor":16.0},{"not_picked":["Sanctity","BowlingBash","EmptyMind"],"picked":"SKIP","floor":18.0},{"not_picked":["Worship","MentalFortress"],"picked":"Prostrate+1","floor":19.0},{"not_picked":["Protect","CutThroughFate"],"picked":"FlowState","floor":20.0},{"not_picked":["EmptyFist","Establishment+1"],"picked":"Sanctity","floor":22.0},{"not_picked":["Protect","EmptyMind"],"picked":"ClearTheMind","floor":28.0},{"not_picked":["Sanctity","Weave","FollowUp"],"picked":"SKIP","floor":30.0},{"not_picked":["FollowUp","SandsOfTime"],"picked":"Worship","floor":31.0},{"not_picked":["LessonLearned","ReachHeaven"],"picked":"Judgement","floor":33.0},{"not_picked":["TalkToTheHand","Wireheading"],"picked":"Meditate","floor":35.0},{"not_picked":["EmptyFist+1","FollowUp"],"picked":"Halt+1","floor":37.0},{"not_picked":["Sadistic Nature","Transmutation"],"picked":"Master of Strategy","floor":38.0},{"not_picked":["ThirdEye","Consecrate+1"],"picked":"EmptyBody+1","floor":41.0},{"not_picked":["BowlingBash+1","FollowUp+1"],"picked":"EmptyMind+1","floor":45},{"not_picked":["WreathOfFlame","Fasting+1"],"picked":"Adaptation+1","floor":47},{"not_picked":["EmptyBody","Crescendo"],"picked":"FearNoEvil+1","floor":48}],"player_experience":3622799,"relics_obtained":[{"floor":7.0,"key":"MealTicket"},{"floor":9.0,"key":"Dodecahedron"},{"floor":11.0,"key":"Yang"},{"floor":13.0,"key":"Bag of Marbles"},{"floor":20.0,"key":"Red Mask"},{"floor":25.0,"key":"Enchiridion"},{"floor":26.0,"key":"Bronze Scales"},{"floor":43.0,"key":"Oddly Smooth Stone"},{"floor":44.0,"key":"Frozen Egg 2"}],"event_choices":[{"damage_healed":0.0,"max_hp_gain":0.0,"max_hp_loss":0.0,"gold_gain":0.0,"event_name":"Upgrade Shrine","player_choice":"Upgraded","floor":5.0,"gold_loss":0.0,"damage_taken":0.0,"cards_upgraded":["CrushJoints"]},{"damage_healed":0.0,"max_hp_gain":0.0,"max_hp_loss":0.0,"gold_gain":0.0,"event_name":"Masked Bandits","player_choice":"Fought Bandits","floor":20.0,"gold_loss":0.0,"damage_taken":0.0},{"damage_healed":0.0,"max_hp_gain":0.0,"max_hp_loss":0.0,"gold_gain":0.0,"event_name":"Addict","player_choice":"Stole Relic","floor":24.0,"gold_loss":0.0,"damage_taken":0.0,"relics_obtained":["Pear"],"cards_obtained":["Shame"]},{"damage_healed":0.0,"max_hp_gain":0.0,"max_hp_loss":0.0,"gold_gain":0.0,"event_name":"Cursed Tome","player_choice":"Obtained Book","floor":25.0,"gold_loss":0.0,"damage_taken":16.0},{"damage_healed":0.0,"max_hp_gain":0.0,"max_hp_loss":0.0,"gold_gain":0.0,"event_name":"The Woman in Blue","player_choice":"Bought 1 Potion","floor":36.0,"gold_loss":0.0,"damage_taken":0.0},{"damage_healed":0.0,"max_hp_gain":0.0,"max_hp_loss":0.0,"gold_gain":0.0,"event_name":"SensoryStone","player_choice":"Memory 1","floor":38.0,"gold_loss":0.0,"damage_taken":0.0}],"is_beta":true,"boss_relics":[{"not_picked":["Fusion Hammer","Empty Cage"],"picked":"Coffee Dripper"},{"not_picked":["Cursed Key","Tiny House"],"picked":"SlaversCollar"}],"items_purged_floors":[21],"is_endless":false,"potions_floor_spawned":[1,4,7,13,16,20,22,30,33,45,48],"ascension_level":4}