{"gold_per_floor":[109,109,129,139,139,166,166,166,166,166,166,184,184,199,199,299,299,318,318,268,278,278,278,309,309,309,328,418,429,442,541,541,645,645,663,663,663,682,733,765,76,96,96,110,110,124,177,27,27,27],"floor_reached":51,"playtime":3815,"items_purged":["Strike_B+1","Strike_B+1"],"score":670,"play_id":"06b971e8-7d09-45dd-b51a-16dba74a5fb7","local_time":"20181110201655","is_ascension_mode":false,"campfire_choices":[{"data":"Dualcast","floor":8,"key":"SMITH"},{"data":"Conserve Battery","floor":10,"key":"SMITH"},{"data":"Blind","floor":13,"key":"SMITH"},{"data":"All For One","floor":15,"key":"SMITH"},{"data":"Ball Lightning","floor":23,"key":"SMITH"},{"data":"Electrodynamics","floor":25,"key":"SMITH"},{"data":"Auto Shields","floor":32,"key":"SMITH"},{"data":"Storm","floor":49,"key":"SMITH"}],"neow_cost":"NONE","seed_source_timestamp":732994665624729,"circlet_count":0,"master_deck":["Strike_B+1","Defend_B+1","Defend_B+1","Defend_B+1","Defend_B+1","Zap+1","Dualcast+1","Blind+1","Stack","Ball Lightning+1","Conserve Battery+1","All For One+1","Leap","Auto Shields+1","Electrodynamics+1","Steam Power","Cold Snap","Turbo","Panacea","Hello World+1","Leap+1","Creative AI","Aggregate+1","Reprogram+1","Storm+1","Heatsinks","Gash+1","Chill+1","Writhe","Redo+1","Lockon"],"relics":["Cracked Core","Smiling Mask","Bag of Preparation","Ornamental Fan","Philosopher\u0027s Stone","Nunchaku","Letter Opener","Coffee Dripper","Lantern","Oddly Smooth Stone","Pear","Gremlin Horn","Matryoshka","WingedGreaves","Vajra"],"potions_floor_usage":[16,30,33,40,47,50,50],"damage_taken":[{"damage":1,"enemies":"Jaw Worm","floor":1,"turns":3},{"damage":4,"enemies":"Cultist","floor":3,"turns":3},{"damage":0,"enemies":"Small Slimes","floor":4,"turns":2},{"damage":20,"enemies":"3 Sentries","floor":6,"turns":8},{"damage":0,"enemies":"Looter","floor":12,"turns":2},{"damage":0,"enemies":"2 Fungi Beasts","floor":14,"turns":2},{"damage":34,"enemies":"Hexaghost","floor":16,"turns":9},{"damage":0,"enemies":"3 Byrds","floor":18,"turns":2},{"damage":0,"enemies":"Spheric Guardian","floor":21,"turns":3},{"damage":2,"enemies":"Gremlin Leader","floor":24,"turns":7},{"damage":0,"enemies":"Snecko","floor":27,"turns":4},{"damage":6,"enemies":"Snake Plant","floor":29,"turns":3},{"damage":0,"enemies":"Cultist and Chosen","floor":30,"turns":4},{"damage":34,"enemies":"Automaton","floor":33,"turns":9},{"damage":3,"enemies":"3 Darklings","floor":35,"turns":4},{"damage":0,"enemies":"3 Shapes","floor":38,"turns":2},{"damage":20,"enemies":"Reptomancer","floor":40,"turns":7},{"damage":8,"enemies":"Jaw Worm Horde","floor":42,"turns":4},{"damage":0,"enemies":"Maw","floor":44,"turns":7},{"damage":13,"enemies":"Spire Growth","floor":46,"turns":5},{"damage":10,"enemies":"2 Orb Walkers","floor":47,"turns":4},{"damage":62,"enemies":"Donu and Deca","floor":50,"turns":9}],"seed_played":"-1451578237129601973","potions_obtained":[{"floor":2,"key":"AttackPotion"},{"floor":2,"key":"SneckoOil"},{"floor":2,"key":"SkillPotion"},{"floor":6,"key":"GamblersBrew"},{"floor":16,"key":"Fire Potion"},{"floor":21,"key":"FairyPotion"},{"floor":30,"key":"Weak Potion"},{"floor":35,"key":"PowerPotion"},{"floor":42,"key":"PowerPotion"},{"floor":47,"key":"Regen Potion"}],"is_trial":false,"path_per_floor":["M","?","M","M","?","E","?","R","T","R","?","M","R","M","R","B",null,"M","?","$","M","?","R","E","R","T","M","?","M","M","?","R","B",null,"M","?","?","M","T","E","$","M","T","M","?","M","?","$","R","B",null],"character_chosen":"DEFECT","items_purchased":["Pear","Heatsinks","Gremlin Horn","Strength Potion","Vajra"],"campfire_rested":0,"item_purchase_floors":[41,41,41,41,48],"current_hp_per_floor":[74,74,70,70,70,50,47,47,47,47,72,72,72,72,72,38,75,75,75,75,75,75,75,73,73,73,73,52,46,46,46,46,12,75,72,72,72,72,72,52,62,54,54,54,75,62,52,52,52,5],"gold":27,"neow_bonus":"RANDOM_COLORLESS","is_prod":false,"is_daily":false,"chose_seed":false,"campfire_upgraded":8,"win_rate":0.0,"timestamp":1541877415,"path_taken":["M","?","M","?","?","E","?","R","T","R","?","M","R","M","R","BOSS","M","?","$","M","?","R","E","R","T","?","?","?","M","?","R","BOSS","M","?","?","M","?","E","$","M","T","?","?","M","?","$","R","BOSS"],"build_version":"2018-11-08","purchased_purges":2,"victory":true,"max_hp_per_floor":[75,75,75,75,75,75,75,75,75,75,75,75,75,75,75,75,75,75,75,75,75,75,75,75,75,75,75,75,75,75,75,75,75,75,75,75,75,75,75,75,85,85,85,85,85,85,85,85,85,85],"card_choices":[{"not_picked":["Streamline","Coolheaded"],"picked":"Stack","floor":1},{"not_picked":["Force Field","Turbo"],"picked":"Ball Lightning","floor":3},{"not_picked":["Coolheaded","Turbo"],"picked":"Conserve Battery","floor":4},{"not_picked":["Scrape","Streamline"],"picked":"All For One","floor":6},{"not_picked":["Force Field","Streamline"],"picked":"Leap","floor":12},{"not_picked":["Self Repair","Beam Cell"],"picked":"Auto Shields","floor":14},{"not_picked":["Rainbow","Amplify"],"picked":"Electrodynamics","floor":16},{"not_picked":["Rebound","Barrage","Turbo"],"picked":"SKIP","floor":18},{"not_picked":["Double Energy","Reinforced Body"],"picked":"Steam Power","floor":21},{"not_picked":["Conserve Battery","Storm"],"picked":"Cold Snap","floor":24},{"not_picked":["Rip and Tear","Darkness"],"picked":"Turbo","floor":27},{"not_picked":["Cold Snap","All For One"],"picked":"Hello World+1","floor":29},{"not_picked":["Rebound","Stack+1"],"picked":"Leap+1","floor":30},{"not_picked":["Seek","Buffer"],"picked":"Creative AI","floor":33},{"not_picked":["Darkness","Cold Snap+1"],"picked":"Aggregate+1","floor":35},{"not_picked":["Hologram","Storm"],"picked":"Reprogram+1","floor":38},{"not_picked":["Conserve Battery+1","Cold Snap+1"],"picked":"Storm","floor":40},{"not_picked":["Streamline+1","Force Field"],"picked":"Gash+1","floor":42},{"not_picked":["Rebound+1","Ball Lightning"],"picked":"Chill+1","floor":44},{"not_picked":["Conserve Battery","Turbo"],"picked":"Redo+1","floor":46},{"not_picked":["Sweeping Beam+1","Hologram"],"picked":"Lockon","floor":47}],"player_experience":77630,"relics_obtained":[{"floor":6,"key":"Smiling Mask"},{"floor":9,"key":"Ornamental Fan"},{"floor":24,"key":"Nunchaku"},{"floor":26,"key":"Letter Opener"},{"floor":39,"key":"Lantern"},{"floor":40,"key":"Oddly Smooth Stone"},{"floor":43,"key":"Matryoshka"},{"floor":47,"key":"WingedGreaves"}],"event_choices":[{"damage_healed":0,"gold_gain":0,"player_choice":"Got Potions","damage_taken":0,"max_hp_gain":0,"max_hp_loss":0,"event_name":"Lab","floor":2,"gold_loss":0},{"damage_healed":0,"gold_gain":0,"player_choice":"Grow","damage_taken":0,"max_hp_gain":0,"max_hp_loss":0,"event_name":"Living Wall","floor":5,"gold_loss":0,"cards_upgraded":["Zap"]},{"damage_healed":0,"gold_gain":0,"player_choice":"Success","damage_taken":3,"relics_obtained":["Bag of Preparation"],"max_hp_gain":0,"max_hp_loss":0,"event_name":"Scrap Ooze","floor":7,"gold_loss":0},{"damage_healed":25,"gold_gain":0,"player_choice":"Banana","damage_taken":0,"max_hp_gain":0,"max_hp_loss":0,"event_name":"Big Fish","floor":11,"gold_loss":0},{"damage_healed":0,"gold_gain":0,"player_choice":"Simplicity","damage_taken":0,"max_hp_gain":0,"max_hp_loss":0,"event_name":"Back to Basics","floor":19,"gold_loss":0,"cards_upgraded":["Strike_B","Strike_B","Strike_B","Strike_B","Defend_B","Defend_B","Defend_B","Defend_B"]},{"damage_healed":0,"gold_gain":0,"player_choice":"Bought 0 Potions","damage_taken":0,"max_hp_gain":0,"max_hp_loss":0,"event_name":"The Woman in Blue","floor":22,"gold_loss":0},{"damage_healed":0,"gold_gain":90,"player_choice":"CARD GOLD ","damage_taken":21,"max_hp_gain":0,"max_hp_loss":0,"event_name":"Knowing Skull","floor":28,"potions_obtained":[],"gold_loss":0,"cards_obtained":["Panacea"]},{"damage_healed":0,"gold_gain":99,"player_choice":"Stole From Cult","damage_taken":0,"max_hp_gain":0,"max_hp_loss":0,"event_name":"Nest","floor":31,"gold_loss":0},{"damage_healed":0,"gold_gain":0,"player_choice":"Ignored","damage_taken":0,"max_hp_gain":0,"max_hp_loss":0,"event_name":"Tomb of Lord Red Mask","floor":36,"gold_loss":0},{"cards_removed":["Strike_B"],"damage_healed":0,"gold_gain":0,"player_choice":"Removed Attack","damage_taken":0,"max_hp_gain":0,"max_hp_loss":0,"event_name":"Falling","floor":37,"gold_loss":0},{"damage_healed":21,"gold_gain":0,"player_choice":"Writhe","damage_taken":0,"max_hp_gain":0,"max_hp_loss":0,"event_name":"Winding Halls","floor":45,"gold_loss":0,"cards_obtained":["Writhe"]},{"damage_healed":0,"gold_gain":0,"player_choice":"Fight","damage_taken":0,"max_hp_gain":0,"max_hp_loss":0,"event_name":"Mysterious Sphere","floor":47,"gold_loss":0}],"is_beta":true,"boss_relics":[{"not_picked":["Fusion Hammer","Orrery"],"picked":"Philosopher\u0027s Stone"},{"not_picked":["Black Star","Astrolabe"],"picked":"Coffee Dripper"}],"items_purged_floors":[20,41],"is_endless":false,"potions_floor_spawned":[4,6,16,21,30,35,42,47],"ascension_level":0}