{"gold_per_floor":[118,118,118,138,138,166,178,190,190,190,30,30,42,68,68,142,142,154,69,30,43,53,53,78,78,78,24,59,59,59,70,70,146,146,162,162,162,173,73,73,73,93,164,197,197,197,209,209,209,209],"floor_reached":50,"playtime":2957,"items_purged":["Strike_G","Strike_G"],"score":1132,"play_id":"6703c1ab-dd0d-482f-a3f4-da32577ef245","local_time":"20190111041621","is_ascension_mode":true,"campfire_choices":[{"floor":10,"key":"REST"},{"floor":12,"key":"REST"},{"floor":15,"key":"REST"},{"data":"Wraith Form v2","floor":23,"key":"SMITH"},{"floor":25,"key":"REST"},{"data":"Catalyst","floor":29,"key":"SMITH"},{"floor":32,"key":"REST"},{"data":"Wraith Form v2","floor":40,"key":"SMITH"},{"data":"Deadly Poison","floor":45,"key":"SMITH"},{"data":"Malaise","floor":49,"key":"SMITH"}],"neow_cost":"NONE","seed_source_timestamp":364718070093075,"circlet_count":0,"master_deck":["AscendersBane","Defend_G","Defend_G","Defend_G","Defend_G","Defend_G","Strike_G","Strike_G+1","Strike_G+1","Survivor","Neutralize","Poisoned Stab","Deadly Poison+1","PiercingWail","Bane","Noxious Fumes","Caltrops","Flechettes","Bullet Time","Dagger Spray","Wraith Form v2+1","Noxious Fumes","Catalyst+1","PiercingWail","Injury","Wraith Form v2+1","Corpse Explosion","Acrobatics+1","Concentrate","Malaise+1"],"relics":["Ring of the Snake","NeowsBlessing","Ancient Tea Set","Singing Bowl","Dream Catcher","Orichalcum","Runic Pyramid","Mummified Hand","Bird Faced Urn","Bag of Marbles","Ornamental Fan","Sozu","Pantograph","Kunai","Molten Egg 2"],"potions_floor_usage":[14,24,24,28],"damage_taken":[{"damage":0,"enemies":"Jaw Worm","floor":1,"turns":1},{"damage":0,"enemies":"2 Louse","floor":4,"turns":1},{"damage":0,"enemies":"3 Sentries","floor":6,"turns":1},{"damage":4,"enemies":"Small Slimes","floor":7,"turns":3},{"damage":41,"enemies":"Exordium Thugs","floor":8,"turns":9},{"damage":16,"enemies":"2 Fungi Beasts","floor":13,"turns":3},{"damage":8,"enemies":"Gremlin Nob","floor":14,"turns":3},{"damage":43,"enemies":"Slime Boss","floor":16,"turns":10},{"damage":9,"enemies":"Chosen","floor":18,"turns":6},{"damage":7,"enemies":"3 Byrds","floor":21,"turns":6},{"damage":0,"enemies":"Centurion and Healer","floor":22,"turns":7},{"damage":32,"enemies":"Slavers","floor":24,"turns":5},{"damage":14,"enemies":"Book of Stabbing","floor":28,"turns":5},{"damage":12,"enemies":"Snecko","floor":31,"turns":5},{"damage":70,"enemies":"Collector","floor":33,"turns":11},{"damage":25,"enemies":"Orb Walker","floor":35,"turns":4},{"damage":14,"enemies":"3 Darklings","floor":38,"turns":4},{"damage":0,"enemies":"Jaw Worm Horde","floor":42,"turns":4},{"damage":0,"enemies":"Nemesis","floor":44,"turns":7},{"damage":2,"enemies":"4 Shapes","floor":47,"turns":4},{"damage":103,"enemies":"Awakened One","floor":50,"turns":15}],"seed_played":"6962903293372847194","potions_obtained":[{"floor":1,"key":"Ancient Potion"},{"floor":6,"key":"Swift Potion"},{"floor":21,"key":"Energy Potion"},{"floor":22,"key":"Regen Potion"},{"floor":33,"key":"Strength Potion"}],"is_trial":false,"path_per_floor":["M","?","?","M","?","E","M","M","T","R","$","R","M","E","R","B",null,"M","?","$","M","M","R","E","R","T","$","E","R","?","M","R","B",null,"M","?","?","M","$","R","$","M","T","E","R","?","M","T","R","B"],"character_chosen":"THE_SILENT","items_purchased":["Caltrops","Noxious Fumes","SteroidPotion"],"campfire_rested":5,"item_purchase_floors":[11,20,27],"current_hp_per_floor":[59,48,28,28,50,50,46,7,7,27,27,49,33,25,46,3,53,46,46,46,39,41,41,26,50,50,50,44,44,44,42,68,6,63,48,48,48,42,42,42,42,50,50,62,62,62,70,70,70,0],"gold":209,"neow_bonus":"THREE_ENEMY_KILL","is_prod":false,"is_daily":false,"chose_seed":false,"campfire_upgraded":5,"win_rate":0,"timestamp":1547208981,"path_taken":["M","?","?","?","?","E","M","M","T","R","$","R","M","E","R","BOSS","M","?","?","M","M","R","E","R","T","$","E","R","?","?","R","BOSS","M","?","?","?","$","R","?","M","T","E","R","?","M","?","R","BOSS"],"build_version":"2019-01-10","purchased_purges":2,"victory":false,"max_hp_per_floor":[66,66,66,66,66,66,66,68,68,68,68,70,70,70,70,70,70,72,72,72,72,74,74,76,78,78,78,78,78,78,80,82,82,82,84,84,84,84,84,84,84,84,84,86,86,82,82,82,82,82],"card_choices":[{"not_picked":["Riddle With Holes","Escape Plan"],"picked":"Poisoned Stab","floor":1},{"not_picked":["Dodge and Roll","Expertise"],"picked":"Deadly Poison","floor":4},{"not_picked":["Prepared","Doppelganger"],"picked":"PiercingWail","floor":6},{"not_picked":["Cloak And Dagger","Endless Agony"],"picked":"Bane","floor":7},{"not_picked":["Dagger Throw","Bane","Prepared"],"picked":"Singing Bowl","floor":8},{"not_picked":["Expertise","Outmaneuver"],"picked":"Noxious Fumes","floor":10},{"not_picked":["Dodge and Roll","Dagger Throw","Blade Dance"],"picked":"Singing Bowl","floor":12},{"not_picked":["Masterful Stab","PiercingWail"],"picked":"Flechettes","floor":13},{"not_picked":["Riddle With Holes","Backstab"],"picked":"Bullet Time","floor":14},{"not_picked":["Outmaneuver","Blade Dance"],"picked":"Dagger Spray","floor":15},{"not_picked":["Bullet Time","Burst"],"picked":"Wraith Form v2","floor":16},{"not_picked":["Dagger Throw","Backstab","Choke"],"picked":"Singing Bowl","floor":18},{"not_picked":["Dodge and Roll+1","Cloak And Dagger"],"picked":"Catalyst","floor":21},{"not_picked":["Deadly Poison","Flechettes","Flying Knee"],"picked":"Singing Bowl","floor":22},{"not_picked":["Distraction+1","Flechettes","Blur"],"picked":"Singing Bowl","floor":24},{"not_picked":["Acrobatics","Well Laid Plans","Dagger Spray"],"picked":"Singing Bowl","floor":25},{"not_picked":["Slice","Expertise"],"picked":"PiercingWail","floor":28},{"not_picked":["Bane","Sucker Punch","Dagger Throw"],"picked":"Singing Bowl","floor":31},{"not_picked":["Cloak And Dagger","Choke","Backflip"],"picked":"Singing Bowl","floor":32},{"not_picked":["Die Die Die","Bullet Time"],"picked":"Wraith Form v2","floor":33},{"not_picked":["Dagger Throw","PiercingWail+1","Caltrops"],"picked":"Singing Bowl","floor":35},{"not_picked":["Slice","Flying Knee"],"picked":"Acrobatics+1","floor":38},{"not_picked":["Underhanded Strike","Predator+1"],"picked":"Concentrate","floor":42},{"not_picked":["Endless Agony","Deadly Poison","Tactician"],"picked":"Singing Bowl","floor":44},{"not_picked":["Blur+1","Outmaneuver"],"picked":"Malaise","floor":47}],"player_experience":1159884,"relics_obtained":[{"floor":6,"key":"Singing Bowl"},{"floor":9,"key":"Dream Catcher"},{"floor":14,"key":"Orichalcum"},{"floor":24,"key":"Bird Faced Urn"},{"floor":26,"key":"Bag of Marbles"},{"floor":28,"key":"Ornamental Fan"},{"floor":43,"key":"Pantograph"},{"floor":44,"key":"Kunai"},{"floor":48,"key":"Molten Egg 2"}],"event_choices":[{"damage_healed":0,"gold_gain":0,"player_choice":"Success","damage_taken":11,"relics_obtained":["Ancient Tea Set"],"max_hp_gain":0,"max_hp_loss":0,"event_name":"Scrap Ooze","floor":2,"gold_loss":0},{"damage_healed":0,"gold_gain":0,"player_choice":"Entered Light","damage_taken":20,"max_hp_gain":0,"max_hp_loss":0,"event_name":"Shining Light","floor":3,"gold_loss":0,"cards_upgraded":["Strike_G","Strike_G"]},{"damage_healed":22,"gold_gain":0,"player_choice":"Banana","damage_taken":0,"max_hp_gain":0,"max_hp_loss":0,"event_name":"Big Fish","floor":5,"gold_loss":0},{"damage_healed":0,"gold_gain":0,"player_choice":"Obtained Relic","damage_taken":0,"relics_obtained":["Mummified Hand"],"max_hp_gain":0,"max_hp_loss":0,"event_name":"Addict","floor":19,"gold_loss":85},{"damage_healed":0,"gold_gain":0,"player_choice":"1 cards matched","damage_taken":0,"max_hp_gain":0,"max_hp_loss":0,"event_name":"Match and Keep!","floor":30,"gold_loss":0,"cards_obtained":["Injury"]},{"damage_healed":0,"gold_gain":0,"player_choice":"Ignored","damage_taken":0,"max_hp_gain":0,"max_hp_loss":0,"event_name":"Tomb of Lord Red Mask","floor":36,"gold_loss":0},{"damage_healed":0,"gold_gain":0,"player_choice":"1 cards matched","damage_taken":0,"max_hp_gain":0,"max_hp_loss":0,"event_name":"Match and Keep!","floor":37,"gold_loss":0,"cards_obtained":["Corpse Explosion"]},{"damage_healed":0,"gold_gain":0,"player_choice":"Max HP","damage_taken":0,"max_hp_gain":0,"max_hp_loss":4,"event_name":"Winding Halls","floor":46,"gold_loss":0}],"is_beta":true,"boss_relics":[{"not_picked":["Tiny House","Velvet Choker"],"picked":"Runic Pyramid"},{"not_picked":["HoveringKite","Black Star"],"picked":"Sozu"}],"items_purged_floors":[11,39],"is_endless":false,"potions_floor_spawned":[1,6,21,22,33,38,44],"killed_by":"Awakened One","ascension_level":20}