{"gold_per_floor":[112,78,30,30,48,62,96,108,145,187,209,238,250,281,293,408,420,445,472,55,72,92,103,103,121,121,121,121,121,141,166,166,270,270,280,300,20,20,39,39,56,56,79,93,93,148,148,99,99,99,99,99,23,56,56],"floor_reached":55,"playtime":3661,"items_purged":["Strike_G","Strike_G+1"],"score":711,"play_id":"cf1c8be1-0271-4b34-b518-8d4ad21d2366","local_time":"20181216223729","is_ascension_mode":false,"campfire_choices":[{"floor":8.0,"key":"REST"},{"floor":15.0,"key":"REST"},{"floor":27.0,"key":"REST"},{"floor":29.0,"key":"REST"},{"floor":32.0,"key":"REST"},{"data":"Envenom","floor":40.0,"key":"SMITH"},{"data":"Apotheosis","floor":42.0,"key":"SMITH"},{"floor":47.0,"key":"RECALL"},{"floor":49.0,"key":"REST"},{"data":"Bullet Time","floor":52,"key":"SMITH"}],"neow_cost":"NONE","seed_source_timestamp":0,"circlet_count":0,"master_deck":["Defend_G+1","Defend_G+1","Defend_G+1","Defend_G+1","Defend_G+1","Strike_G+1","Strike_G+1","Strike_G+1","Survivor","Neutralize+1","Dash","Infinite Blades","Poisoned Stab","Bane","Poisoned Stab","Deadly Poison","Prepared","Poisoned Stab+1","Escape Plan","Envenom+1","Deadly Poison","Dagger Spray","Corpse Explosion","Backflip","Footwork","Blade Dance","Catalyst","Bullet Time+1","Caltrops+1","Catalyst+1","Apotheosis+1","Cloak And Dagger","Escape Plan","Deflect+1","Venomology"],"special_seed":0,"relics":["Ring of the Snake","NeowsBlessing","MawBank","Bag of Marbles","Pear","WristBlade","Whetstone","Dream Catcher","Runic Pyramid","Oddly Smooth Stone","FossilizedHelix","Du-Vu Doll"],"potions_floor_usage":[50,54,55,55],"damage_taken":[{"damage":0.0,"enemies":"Cultist","floor":1.0,"turns":1.0},{"damage":0.0,"enemies":"Jaw Worm","floor":5.0,"turns":1.0},{"damage":0.0,"enemies":"Small Slimes","floor":6.0,"turns":1.0},{"damage":28.0,"enemies":"Lagavulin","floor":7.0,"turns":6.0},{"damage":27.0,"enemies":"3 Sentries","floor":10.0,"turns":6.0},{"damage":5.0,"enemies":"Looter","floor":11.0,"turns":3.0},{"damage":12.0,"enemies":"Blue Slaver","floor":12.0,"turns":3.0},{"damage":2.0,"enemies":"Large Slime","floor":14.0,"turns":5.0},{"damage":38.0,"enemies":"The Guardian","floor":16.0,"turns":9.0},{"damage":10.0,"enemies":"Shell Parasite","floor":18.0,"turns":5.0},{"damage":2.0,"enemies":"Chosen","floor":19.0,"turns":5.0},{"damage":25.0,"enemies":"Snake Plant","floor":21.0,"turns":5.0},{"damage":5.0,"enemies":"Shelled Parasite and Fungi","floor":22.0,"turns":4.0},{"damage":10.0,"enemies":"Centurion and Healer","floor":23.0,"turns":4.0},{"damage":18.0,"enemies":"Snake Plant","floor":25.0,"turns":4.0},{"damage":32.0,"enemies":"3 Cultists","floor":30.0,"turns":5.0},{"damage":26.0,"enemies":"Automaton","floor":33.0,"turns":10.0},{"damage":5.0,"enemies":"3 Darklings","floor":35.0,"turns":2.0},{"damage":2.0,"enemies":"Orb Walker","floor":36.0,"turns":4.0},{"damage":11.0,"enemies":"Transient","floor":39.0,"turns":5.0},{"damage":11.0,"enemies":"Spire Growth","floor":41.0,"turns":3.0},{"damage":16.0,"enemies":"Sphere and 2 Shapes","floor":44.0,"turns":7.0},{"damage":18.0,"enemies":"2 Orb Walkers","floor":46.0,"turns":5.0},{"damage":39,"enemies":"Donu and Deca","floor":50,"turns":6},{"damage":73,"enemies":"Shield and Spear","floor":54,"turns":6},{"damage":33,"enemies":"The Heart","floor":55,"turns":2}],"seed_played":"-1537815636215920519","potions_obtained":[{"floor":1.0,"key":"EssenceOfSteel"},{"floor":5.0,"key":"GamblersBrew"},{"floor":7.0,"key":"Swift Potion"},{"floor":14.0,"key":"PowerPotion"},{"floor":23.0,"key":"Weak Potion"},{"floor":25.0,"key":"Weak Potion"},{"floor":30.0,"key":"Explosive Potion"},{"floor":36.0,"key":"SkillPotion"},{"floor":41.0,"key":"Regen Potion"},{"floor":44.0,"key":"PowerPotion"}],"is_trial":false,"path_per_floor":["M","$","$","?","M","M","E","R","T","E","M","M","?","M","R","B",null,"M","M","$","M","M","M","?","M","T","R","?","R","M","T","R","B",null,"M","M","$","?","M","R","M","R","T","M","$","?","R","$","R","B",null,"R","$","E","B"],"character_chosen":"THE_SILENT","items_purchased":["Infinite Blades","Poisoned Stab","Corpse Explosion","Whetstone","Backflip","Apotheosis","Dexterity Potion","LiquidBronze"],"campfire_rested":6,"item_purchase_floors":[2,3,20,20,20,37,48,53],"current_hp_per_floor":[70,70,70,70,70,70,42,63,63,46,41,29,29,27,51,13,80,70,68,68,43,38,28,28,10,10,34,34,58,26,26,50,24,80,75,73,73,73,62,62,51,51,51,50,50,32,32,32,56,17,80,80,80,7,0],"gold":56,"neow_bonus":"THREE_ENEMY_KILL","is_prod":false,"is_daily":false,"chose_seed":false,"campfire_upgraded":3,"win_rate":0,"timestamp":1545028649,"path_taken":["M","?","$","?","?","M","E","R","T","E","M","M","?","M","R","BOSS","M","M","$","?","M","M","?","M","T","R","?","R","M","?","R","BOSS","M","M","$","?","M","R","M","R","T","M","?","?","R","$","R","BOSS","R","$","E","BOSS"],"build_version":"2018-12-13","purchased_purges":2,"victory":false,"max_hp_per_floor":[70,70,70,70,70,70,70,70,70,80,80,80,80,80,80,80,80,80,80,80,80,80,80,80,80,80,80,80,80,80,80,80,80,80,80,80,80,80,80,80,80,80,80,80,80,80,80,80,80,80,80,80,80,80,80],"card_choices":[{"not_picked":["Distraction","Reflex"],"picked":"Dash","floor":1.0},{"not_picked":["Underhanded Strike","Dagger Throw"],"picked":"Bane","floor":5.0},{"not_picked":["Footwork","Predator"],"picked":"Poisoned Stab","floor":6.0},{"not_picked":["Bane","PiercingWail"],"picked":"Deadly Poison","floor":7.0},{"not_picked":["Dagger Throw","Storm of Steel"],"picked":"Prepared","floor":10.0},{"not_picked":["Dodge and Roll","Cloak And Dagger"],"picked":"Poisoned Stab","floor":11.0},{"not_picked":["Blade Dance","Flying Knee"],"picked":"Escape Plan","floor":12.0},{"not_picked":["Flying Knee","Distraction","Riddle With Holes"],"picked":"SKIP","floor":14.0},{"not_picked":["Burst","Storm of Steel"],"picked":"Envenom","floor":16.0},{"not_picked":["Deflect","Footwork"],"picked":"Deadly Poison","floor":18.0},{"not_picked":["Dagger Throw","Underhanded Strike+1"],"picked":"Dagger Spray","floor":19.0},{"not_picked":["Deflect","Dagger Spray+1"],"picked":"Footwork","floor":21.0},{"not_picked":["Leg Sweep","Predator"],"picked":"Blade Dance","floor":22.0},{"not_picked":["Wraith Form v2","Dash","Deflect"],"picked":"SKIP","floor":23.0},{"not_picked":["Quick Slash","Riddle With Holes","Flechettes"],"picked":"SKIP","floor":25.0},{"not_picked":["Deflect","Dagger Throw"],"picked":"Well Laid Plans","floor":30.0},{"not_picked":["Blur+1","Quick Slash+1"],"picked":"Catalyst","floor":32.0},{"not_picked":["Envenom","Grand Finale"],"picked":"Bullet Time","floor":33.0},{"not_picked":["Poisoned Stab","Dodge and Roll+1"],"picked":"Caltrops+1","floor":35.0},{"not_picked":["Outmaneuver","Prepared+1"],"picked":"Catalyst+1","floor":36.0},{"not_picked":["Deflect","Bane+1"],"picked":"Cloak And Dagger","floor":39.0},{"not_picked":["Blur+1","Backflip+1","Dagger Throw+1"],"picked":"SKIP","floor":41.0},{"not_picked":["Distraction","Predator"],"picked":"Escape Plan","floor":44.0},{"not_picked":["Slice+1","Eviscerate+1"],"picked":"Deflect+1","floor":49.0},{"not_picked":["Dagger Spray","Predator"],"picked":"Venomology","floor":54}],"player_experience":757776,"relics_obtained":[{"floor":7.0,"key":"MawBank"},{"floor":9.0,"key":"Bag of Marbles"},{"floor":10.0,"key":"Pear"},{"floor":31.0,"key":"Dream Catcher"},{"floor":43.0,"key":"Oddly Smooth Stone"},{"floor":46.0,"key":"FossilizedHelix"},{"floor":54,"key":"Du-Vu Doll"}],"event_choices":[{"damage_healed":0.0,"max_hp_gain":0.0,"max_hp_loss":0.0,"gold_gain":0.0,"event_name":"NoteForYourself","player_choice":"Ignored","floor":4.0,"gold_loss":0.0,"damage_taken":0.0},{"damage_healed":0.0,"max_hp_gain":0.0,"max_hp_loss":0.0,"gold_gain":0.0,"event_name":"Upgrade Shrine","player_choice":"Upgraded","floor":13.0,"gold_loss":0.0,"damage_taken":0.0,"cards_upgraded":["Neutralize"]},{"damage_healed":0.0,"max_hp_gain":0.0,"max_hp_loss":0.0,"gold_gain":0.0,"event_name":"Ghosts","player_choice":"Ignored","floor":24.0,"gold_loss":0.0,"damage_taken":0.0},{"damage_healed":0.0,"max_hp_gain":0.0,"max_hp_loss":0.0,"gold_gain":0.0,"event_name":"Back to Basics","player_choice":"Simplicity","floor":28.0,"gold_loss":0.0,"damage_taken":0.0,"cards_upgraded":["Defend_G","Defend_G","Defend_G","Defend_G","Defend_G","Strike_G","Strike_G","Strike_G"]},{"cards_removed":["Well Laid Plans"],"damage_healed":0.0,"max_hp_gain":0.0,"max_hp_loss":0.0,"gold_gain":0.0,"event_name":"Purifier","player_choice":"Purged","floor":38.0,"gold_loss":0.0,"damage_taken":0.0},{"damage_healed":0.0,"max_hp_gain":0.0,"max_hp_loss":0.0,"gold_gain":0.0,"event_name":"Mysterious Sphere","player_choice":"Fight","floor":46.0,"gold_loss":0.0,"damage_taken":0.0}],"is_beta":false,"boss_relics":[{"not_picked":["HoveringKite","Calling Bell"],"picked":"WristBlade"},{"not_picked":["Fusion Hammer","Snecko Eye"],"picked":"Runic Pyramid"}],"items_purged_floors":[20,37],"is_endless":false,"potions_floor_spawned":[1,5,7,14,23,25,30,36,41,44],"killed_by":"The Heart","ascension_level":0}