{"gold_per_floor":[115,130,143,63,78,78,108,108,108,118,118],"floor_reached":11,"playtime":415,"items_purged":[],"score":150,"play_id":"f9d6c1b5-effb-4829-bf65-b64e5574ff20","local_time":"20190515234815","is_ascension_mode":true,"campfire_choices":[{"data":"Bash","floor":6,"key":"SMITH"},{"data":"Shockwave","floor":8,"key":"SMITH"}],"neow_cost":"NONE","seed_source_timestamp":1730229859566616,"circlet_count":0,"master_deck":["AscendersBane","Strike_R","Strike_R","Strike_R","Strike_R","Strike_R","Defend_R","Defend_R","Defend_R","Defend_R","Bash+1","Wild Strike","Rampage","Shockwave+1","Metallicize","Cleave"],"relics":["Burning Blood","Boot","The Courier","Ornamental Fan"],"potions_floor_usage":[7,7],"damage_taken":[{"damage":9,"enemies":"Small Slimes","floor":1,"turns":4},{"damage":0,"enemies":"2 Louse","floor":2,"turns":3},{"damage":1,"enemies":"Cultist","floor":3,"turns":3},{"damage":13,"enemies":"Blue Slaver","floor":5,"turns":5},{"damage":26,"enemies":"Gremlin Nob","floor":7,"turns":5},{"damage":24,"enemies":"Gremlin Gang","floor":10,"turns":6},{"damage":30,"enemies":"Exordium Thugs","floor":11,"turns":3}],"seed_played":"8034214566432114372","potions_obtained":[{"floor":2,"key":"Ancient Potion"},{"floor":5,"key":"FearPotion"},{"floor":10,"key":"SpeedPotion"}],"is_trial":false,"path_per_floor":["M","M","M","$","M","R","E","R","T","M","M"],"character_chosen":"IRONCLAD","items_purchased":["Metallicize"],"campfire_rested":0,"item_purchase_floors":[4],"current_hp_per_floor":[65,71,75,75,68,68,48,48,48,30,0],"gold":118,"neow_bonus":"RANDOM_COMMON_RELIC","is_prod":false,"is_daily":false,"chose_seed":false,"campfire_upgraded":2,"win_rate":0,"timestamp":1557989295,"path_taken":["M","M","M","$","M","R","E","R","T","M","M"],"build_version":"2019-05-07","purchased_purges":0,"victory":false,"max_hp_per_floor":[75,75,75,75,75,75,75,75,75,75,75],"card_choices":[{"not_picked":["Clash","Armaments"],"picked":"Wild Strike","floor":1},{"not_picked":["Warcry","True Grit"],"picked":"Rampage","floor":2},{"not_picked":["Clash","Twin Strike"],"picked":"Shockwave","floor":3},{"not_picked":["Anger","Seeing Red","Perfected Strike"],"picked":"SKIP","floor":5},{"not_picked":["Reckless Charge","Fire Breathing","Sword Boomerang"],"picked":"SKIP","floor":7},{"not_picked":["Twin Strike","Wild Strike"],"picked":"Cleave","floor":10}],"player_experience":1256152,"relics_obtained":[{"floor":7,"key":"The Courier"},{"floor":9,"key":"Ornamental Fan"}],"event_choices":[],"is_beta":true,"boss_relics":[],"items_purged_floors":[],"is_endless":false,"potions_floor_spawned":[2,5,10],"killed_by":"Exordium Thugs","ascension_level":20}