{"gold_per_floor":[109,33,51,51,65,99,99,115,185,185,185,51,51,51],"floor_reached":14,"playtime":474,"items_purged":["Strike_B"],"score":163,"play_id":"a0f4737c-5430-444d-a8b2-ce63bdd82e8a","local_time":"20190830135212","is_ascension_mode":true,"campfire_choices":[{"data":"Chaos","floor":7,"key":"SMITH"},{"data":"Zap","floor":11,"key":"SMITH"},{"data":"Redo","floor":13,"key":"SMITH"}],"neow_cost":"NONE","seed_source_timestamp":349332967614900,"circlet_count":0,"master_deck":["AscendersBane","Strike_B","Strike_B","Defend_B","Defend_B","Defend_B","Defend_B","Zap+1","Dualcast","Chaos+1","Doom and Gloom","Chaos","Tempest","Reprogram","Redo+1"],"relics":["Cracked Core","NeowsBlessing","Calipers","Gremlin Horn"],"potions_floor_usage":[8],"damage_taken":[{"damage":0,"enemies":"Cultist","floor":1,"turns":1},{"damage":0,"enemies":"2 Louse","floor":3,"turns":1},{"damage":0,"enemies":"Small Slimes","floor":5,"turns":1},{"damage":25,"enemies":"Gremlin Nob","floor":6,"turns":4},{"damage":27,"enemies":"Exordium Thugs","floor":8,"turns":4},{"damage":15,"enemies":"Gremlin Gang","floor":14,"turns":1}],"seed_played":"6154409166138085342","potions_obtained":[{"floor":1,"key":"AttackPotion"},{"floor":5,"key":"Ancient Potion"},{"floor":6,"key":"Block Potion"},{"floor":10,"key":"EssenceOfSteel"}],"is_trial":false,"path_per_floor":["M","$","M","?","M","E","R","M","T","?","R","$","R","M"],"character_chosen":"DEFECT","items_purchased":["Doom and Gloom","Redo"],"campfire_rested":0,"item_purchase_floors":[2,12],"current_hp_per_floor":[64,64,64,64,64,39,39,12,12,12,12,12,12,0],"gold":51,"neow_bonus":"THREE_ENEMY_KILL","is_prod":false,"is_daily":false,"chose_seed":false,"campfire_upgraded":3,"win_rate":0,"timestamp":1567187532,"path_taken":["M","?","?","?","M","E","R","?","T","?","R","$","R","M"],"build_version":"2019-07-17","purchased_purges":1,"victory":false,"max_hp_per_floor":[71,71,71,71,71,71,71,71,71,71,71,71,71,71],"card_choices":[{"not_picked":["Loop","Melter"],"picked":"Chaos","floor":1},{"not_picked":["Sweeping Beam","Gash"],"picked":"Chaos","floor":3},{"not_picked":["Fusion","Hello World"],"picked":"Tempest","floor":5},{"not_picked":["Force Field","Steam"],"picked":"Reprogram","floor":6},{"not_picked":["Streamline","Stack","Static Discharge"],"picked":"SKIP","floor":8}],"player_experience":754319,"relics_obtained":[{"floor":6,"key":"Calipers"},{"floor":9,"key":"Gremlin Horn"}],"event_choices":[{"cards_removed":["Strike_B"],"damage_healed":0,"gold_gain":0,"player_choice":"Purged","damage_taken":0,"max_hp_gain":0,"max_hp_loss":0,"event_name":"Purifier","floor":4,"gold_loss":0},{"damage_healed":0,"gold_gain":0,"player_choice":"Got Potions","damage_taken":0,"max_hp_gain":0,"max_hp_loss":0,"event_name":"Lab","floor":10,"gold_loss":0}],"is_beta":false,"boss_relics":[],"items_purged_floors":[12],"is_endless":false,"potions_floor_spawned":[1,5,6],"killed_by":"Gremlin Gang","ascension_level":17}