{"gold_per_floor":[116,116,131,143,156,156,181,200,200,200,225,243,259,29,29,107,107,123,135,0,0,0,0,0,0],"floor_reached":25,"playtime":1348,"items_purged":[],"score":451,"play_id":"a2b1460b-8298-45f5-b2eb-2fe0dc5988af","local_time":"20190425140610","is_ascension_mode":true,"campfire_choices":[{"data":"Adrenaline","floor":6.0,"key":"SMITH"},{"floor":10.0,"key":"REST"},{"data":"Doppelganger","floor":15.0,"key":"SMITH"},{"floor":23,"key":"REST"}],"neow_cost":"NONE","seed_source_timestamp":0,"circlet_count":0,"master_deck":["AscendersBane","Defend_G","Defend_G","Defend_G","Defend_G","Defend_G","Survivor","Neutralize+1","Adrenaline+1","Choke","Caltrops","Cloak And Dagger","Predator","Well Laid Plans","Poisoned Stab","Doppelganger+1","Crippling Poison","Backflip","A Thousand Cuts","Backstab","Caltrops+1","Bite","Bite","Bite","Bite","Bite","Ghostly","Ghostly","Ghostly"],"special_seed":0,"relics":["Ring of the Snake","Calipers","Bottled Tornado","The Specimen","Medical Kit","Black Star"],"potions_floor_usage":[16,19],"damage_taken":[{"damage":0.0,"enemies":"2 Louse","floor":1.0,"turns":4.0},{"damage":1.0,"enemies":"Cultist","floor":3.0,"turns":4.0},{"damage":1.0,"enemies":"Jaw Worm","floor":4.0,"turns":4.0},{"damage":3.0,"enemies":"Blue Slaver","floor":5.0,"turns":3.0},{"damage":16.0,"enemies":"Lagavulin","floor":7.0,"turns":6.0},{"damage":3.0,"enemies":"Looter","floor":8.0,"turns":3.0},{"damage":23.0,"enemies":"3 Sentries","floor":11.0,"turns":8.0},{"damage":0.0,"enemies":"Exordium Wildlife","floor":12.0,"turns":3.0},{"damage":0.0,"enemies":"Large Slime","floor":13.0,"turns":4.0},{"damage":20,"enemies":"Slime Boss","floor":16,"turns":11},{"damage":21,"enemies":"Spheric Guardian","floor":18,"turns":6},{"damage":23,"enemies":"2 Thieves","floor":19,"turns":4},{"damage":25,"enemies":"Gremlin Leader","floor":25,"turns":5}],"seed_played":"1829781083037839729","potions_obtained":[{"floor":1.0,"key":"Weak Potion"},{"floor":3.0,"key":"AttackPotion"},{"floor":11.0,"key":"Block Potion"},{"floor":13.0,"key":"LiquidBronze"}],"is_trial":false,"path_per_floor":["M","?","M","M","M","R","E","M","T","R","E","M","M","$","R","B",null,"M","M","?","?","$","R","?","E"],"character_chosen":"THE_SILENT","items_purchased":["Medical Kit"],"campfire_rested":2,"item_purchase_floors":[14],"current_hp_per_floor":[59,59,58,57,54,54,38,35,35,54,31,31,31,31,31,11,52,31,8,8,8,8,21,21,0],"gold":0,"neow_bonus":"ONE_RANDOM_RARE_CARD","is_prod":false,"is_daily":false,"chose_seed":false,"campfire_upgraded":2,"win_rate":0,"timestamp":1556215570,"path_taken":["M","?","?","M","M","R","E","M","T","R","E","M","M","$","R","BOSS","M","M","?","?","$","R","?","E"],"build_version":"2019-01-23","purchased_purges":0,"victory":false,"max_hp_per_floor":[66,66,66,66,66,66,66,66,66,66,66,66,66,66,66,66,66,66,66,66,46,46,46,23,23],"card_choices":[{"not_picked":["Concentrate","Outmaneuver"],"picked":"Choke","floor":1.0},{"not_picked":["Escape Plan","Bane"],"picked":"Caltrops","floor":3.0},{"not_picked":["Heel Hook","Dagger Throw"],"picked":"Cloak And Dagger","floor":4.0},{"not_picked":["Concentrate","Dagger Throw"],"picked":"Predator","floor":5.0},{"not_picked":["Escape Plan","Catalyst"],"picked":"Well Laid Plans","floor":7.0},{"not_picked":["Cloak And Dagger","Underhanded Strike"],"picked":"Poisoned Stab","floor":8.0},{"not_picked":["Bane","Outmaneuver"],"picked":"Doppelganger","floor":11.0},{"not_picked":["Reflex","Blade Dance"],"picked":"Crippling Poison","floor":12.0},{"not_picked":["Endless Agony","Poisoned Stab"],"picked":"Backflip","floor":13.0},{"not_picked":["Unload","Phantasmal Killer"],"picked":"A Thousand Cuts","floor":16},{"not_picked":["Accuracy","Quick Slash"],"picked":"Backstab","floor":18},{"not_picked":["Skewer","Poisoned Stab"],"picked":"Caltrops+1","floor":19}],"player_experience":532366,"relics_obtained":[{"floor":7.0,"key":"Calipers"},{"floor":9.0,"key":"Bottled Tornado"},{"floor":11.0,"key":"The Specimen"}],"event_choices":[{"damage_healed":0.0,"max_hp_gain":0.0,"max_hp_loss":0.0,"gold_gain":0.0,"event_name":"Upgrade Shrine","player_choice":"Upgraded","floor":2.0,"gold_loss":0.0,"damage_taken":0.0,"cards_upgraded":["Neutralize"]},{"damage_healed":0,"gold_gain":0,"player_choice":"Paid Fearfully","damage_taken":0,"max_hp_gain":0,"max_hp_loss":0,"event_name":"Masked Bandits","floor":20,"gold_loss":135},{"damage_healed":0,"gold_gain":0,"player_choice":"Became a vampire","damage_taken":0,"max_hp_gain":0,"max_hp_loss":20,"event_name":"Vampires","floor":21,"gold_loss":0,"cards_obtained":["Bite","Bite","Bite","Bite","Bite"]},{"damage_healed":0,"gold_gain":0,"player_choice":"Became a Ghost","damage_taken":0,"max_hp_gain":0,"max_hp_loss":23,"event_name":"Ghosts","floor":24,"gold_loss":0,"cards_obtained":["Ghostly","Ghostly","Ghostly"]}],"is_beta":false,"boss_relics":[{"not_picked":["White Beast Statue","Coffee Dripper"],"picked":"Black Star"}],"items_purged_floors":[],"is_endless":false,"potions_floor_spawned":[1,3,5,11,13],"killed_by":"Gremlin Leader","ascension_level":20}