{"gold_per_floor":[117,133,144,2,18,45,10,39,39,1,65,99,99,119,119,216,216,216,216,216,216,216,216,216,216,216,216,216,216,21,21,21,21,21,21,21,0,0,0,0,0,0,0,0,0,0,0,0,0,0],"floor_reached":51,"playtime":3738,"items_purged":["Strike_R"],"score":775,"play_id":"6aaac4a5-ea6c-4ce9-a3a0-1edf604ec823","local_time":"20181104145354","is_ascension_mode":true,"campfire_choices":[{"floor":13,"key":"REST"},{"floor":15,"key":"REST"},{"data":"Corruption","floor":23,"key":"SMITH"},{"floor":27,"key":"REST"},{"data":"Armaments","floor":32,"key":"SMITH"},{"floor":40,"key":"REST"},{"data":"Juggernaut","floor":42,"key":"SMITH"},{"floor":44,"key":"REST"},{"floor":49,"key":"REST"}],"neow_cost":"NONE","seed_source_timestamp":195279030497566,"circlet_count":0,"master_deck":["Strike_R","Strike_R","Defend_R","Defend_R","Defend_R","Defend_R","Bash","Limit Break","Sword Boomerang","Battle Trance","Juggernaut+1","Inflame","Rampage","Armaments+1","Flame Barrier","Corruption+1","Shrug It Off+1","Ghostly Armor+1","Demon Form","Limit Break+1","Shrug It Off+1","RitualDagger","Rage+1","Infernal Blade+1","Double Tap+1","Shockwave+1","Shrug It Off+1","Dropkick","Flex+1","Limit Break+1","Heavy Blade+1","Shrug It Off+1","Shockwave+1","Madness+1","Madness+1","Offering+1","Armaments+1","Metallicize+1","Bash","Offering+1"],"relics":["Burning Blood","Mercury Hourglass","Ancient Tea Set","Strawberry","Toxic Egg 2","Calipers","Ectoplasm","Shuriken","Blood Vial","Lantern","Sozu","Red Mask","Torii","Bronze Scales","Kunai"],"potions_floor_usage":[6,8,29,33,50],"damage_taken":[{"damage":10,"enemies":"Jaw Worm","floor":1,"turns":4},{"damage":0,"enemies":"Small Slimes","floor":2,"turns":3},{"damage":1,"enemies":"Cultist","floor":3,"turns":3},{"damage":9,"enemies":"Blue Slaver","floor":5,"turns":3},{"damage":33,"enemies":"Lagavulin","floor":6,"turns":7},{"damage":17,"enemies":"3 Sentries","floor":8,"turns":5},{"damage":34,"enemies":"Gremlin Nob","floor":11,"turns":5},{"damage":15,"enemies":"Lagavulin","floor":12,"turns":5},{"damage":0,"enemies":"Looter","floor":14,"turns":4},{"damage":47,"enemies":"Hexaghost","floor":16,"turns":8},{"damage":27,"enemies":"Spheric Guardian","floor":18,"turns":5},{"damage":1,"enemies":"Chosen","floor":20,"turns":6},{"damage":6,"enemies":"3 Cultists","floor":22,"turns":5},{"damage":15,"enemies":"Shelled Parasite and Fungi","floor":24,"turns":4},{"damage":1,"enemies":"Snecko","floor":25,"turns":5},{"damage":11,"enemies":"Gremlin Leader","floor":29,"turns":4},{"damage":15,"enemies":"Snake Plant","floor":31,"turns":3},{"damage":35,"enemies":"Automaton","floor":33,"turns":7},{"damage":12,"enemies":"3 Shapes","floor":35,"turns":3},{"damage":2,"enemies":"3 Darklings","floor":36,"turns":4},{"damage":35,"enemies":"Mind Bloom Boss Battle","floor":38,"turns":5},{"damage":20,"enemies":"Reptomancer","floor":41,"turns":5},{"damage":12,"enemies":"Sphere and 2 Shapes","floor":45,"turns":4},{"damage":25,"enemies":"4 Shapes","floor":47,"turns":3},{"damage":29,"enemies":"Donu and Deca","floor":50,"turns":6}],"seed_played":"-4138648247873727494","potions_obtained":[{"floor":2,"key":"GamblersBrew"},{"floor":5,"key":"Dexterity Potion"},{"floor":6,"key":"Dexterity Potion"},{"floor":12,"key":"SkillPotion"},{"floor":14,"key":"Explosive Potion"},{"floor":20,"key":"EssenceOfSteel"},{"floor":24,"key":"PowerPotion"}],"is_trial":false,"path_per_floor":["M","M","M","$","M","E","?","E","T","$","?","E","R","M","R","B",null,"M","?","M","?","M","R","M","M","T","R","?","E","$","M","R","B",null,"M","M","?","?","?","R","E","R","T","R","M","?","M","?","R","B",null],"character_chosen":"IRONCLAD","items_purchased":["Inflame","Corruption","Lantern","Dropkick"],"campfire_rested":6,"item_purchase_floors":[4,10,30,30],"current_hp_per_floor":[76,80,80,80,77,50,70,59,66,66,38,29,55,61,87,46,87,66,60,65,65,65,65,56,61,61,87,87,82,82,75,75,48,87,81,87,87,58,47,73,61,61,61,87,81,81,64,64,87,64],"gold":0,"neow_bonus":"ONE_RANDOM_RARE_CARD","is_prod":false,"is_daily":false,"chose_seed":false,"campfire_upgraded":3,"win_rate":1,"timestamp":1541339634,"path_taken":["M","M","M","$","M","E","?","E","T","$","?","E","R","M","R","BOSS","M","?","M","?","M","R","?","M","T","R","?","E","$","M","R","BOSS","M","M","?","?","?","R","E","R","T","R","M","?","?","?","R","BOSS"],"build_version":"2018-11-02","purchased_purges":1,"victory":true,"max_hp_per_floor":[80,80,80,80,80,80,80,80,87,87,87,87,87,87,87,87,87,87,87,87,87,87,87,87,87,87,87,87,87,87,87,87,87,87,87,87,87,87,87,87,87,87,87,87,87,87,87,87,87,87],"card_choices":[{"not_picked":["Body Slam","Twin Strike"],"picked":"Sword Boomerang","floor":1},{"not_picked":["Headbutt","Whirlwind"],"picked":"Battle Trance","floor":2},{"not_picked":["Clothesline","Perfected Strike"],"picked":"Juggernaut","floor":3},{"not_picked":["Thunderclap","Entrench"],"picked":"Rampage","floor":5},{"not_picked":["Body Slam","Dropkick"],"picked":"Armaments","floor":6},{"not_picked":["Cleave","Pummel"],"picked":"Flame Barrier","floor":8},{"not_picked":["Body Slam","Flex"],"picked":"Shrug It Off","floor":11},{"not_picked":["Anger","Sever Soul"],"picked":"Ghostly Armor+1","floor":12},{"not_picked":["Body Slam","Clash"],"picked":"Demon Form","floor":14},{"not_picked":["Reaper","Berserk"],"picked":"Limit Break+1","floor":16},{"not_picked":["Anger+1","Clothesline"],"picked":"Shrug It Off+1","floor":18},{"not_picked":["Dual Wield+1","Clash"],"picked":"Rage+1","floor":20},{"not_picked":["Dropkick+1","Anger"],"picked":"Infernal Blade+1","floor":22},{"not_picked":["Cleave","Shrug It Off+1"],"picked":"Double Tap+1","floor":24},{"not_picked":["Sword Boomerang","Perfected Strike"],"picked":"Shockwave+1","floor":25},{"not_picked":["Pommel Strike","Searing Blow"],"picked":"Shrug It Off+1","floor":29},{"not_picked":["Second Wind+1","Warcry+1"],"picked":"Flex+1","floor":31},{"not_picked":["Brutality","Feed"],"picked":"Limit Break+1","floor":33},{"not_picked":["Perfected Strike+1","Sever Soul+1"],"picked":"Heavy Blade+1","floor":35},{"not_picked":["Sword Boomerang","Warcry+1"],"picked":"Shrug It Off+1","floor":36},{"not_picked":["Shrug It Off+1","Sword Boomerang"],"picked":"Shockwave+1","floor":38},{"not_picked":["Body Slam","Clothesline"],"picked":"Offering+1","floor":41},{"not_picked":["Clash+1","Juggernaut"],"picked":"Armaments+1","floor":45},{"not_picked":["Inflame","Thunderclap+1"],"picked":"Metallicize+1","floor":47}],"player_experience":4638,"relics_obtained":[{"floor":6,"key":"Mercury Hourglass"},{"floor":8,"key":"Ancient Tea Set"},{"floor":9,"key":"Strawberry"},{"floor":11,"key":"Toxic Egg 2"},{"floor":12,"key":"Calipers"},{"floor":26,"key":"Shuriken"},{"floor":29,"key":"Blood Vial"},{"floor":38,"key":"Torii"},{"floor":41,"key":"Bronze Scales"},{"floor":43,"key":"Kunai"}],"event_choices":[{"damage_healed":20,"gold_gain":0,"player_choice":"Healed","damage_taken":0,"max_hp_gain":0,"max_hp_loss":0,"event_name":"The Cleric","floor":7,"gold_loss":35},{"damage_healed":0,"gold_gain":0,"player_choice":"Searched \u00271\u0027 times","damage_taken":0,"max_hp_gain":0,"max_hp_loss":0,"event_name":"Dead Adventurer","floor":11,"gold_loss":0},{"damage_healed":0,"gold_gain":0,"player_choice":"Joined the Cult","damage_taken":6,"max_hp_gain":0,"max_hp_loss":0,"event_name":"Nest","floor":19,"gold_loss":0,"cards_obtained":["RitualDagger"]},{"cards_removed":["Strike_R"],"damage_healed":0,"gold_gain":0,"player_choice":"Offered Basic","damage_taken":0,"max_hp_gain":0,"max_hp_loss":0,"event_name":"Bonfire Elementals","floor":21,"gold_loss":0},{"cards_removed":["Strike_R"],"damage_healed":0,"gold_gain":0,"player_choice":"Elegance","damage_taken":0,"max_hp_gain":0,"max_hp_loss":0,"event_name":"Back to Basics","floor":28,"gold_loss":0},{"damage_healed":0,"gold_gain":0,"player_choice":"Paid","damage_taken":0,"relics_obtained":["Red Mask"],"max_hp_gain":0,"max_hp_loss":0,"event_name":"Tomb of Lord Red Mask","floor":37,"gold_loss":21},{"damage_healed":0,"gold_gain":0,"player_choice":"Fight","damage_taken":0,"max_hp_gain":0,"max_hp_loss":0,"event_name":"MindBloom","floor":38,"gold_loss":0},{"damage_healed":0,"gold_gain":0,"player_choice":"Embrace Madness","damage_taken":11,"max_hp_gain":0,"max_hp_loss":0,"event_name":"Winding Halls","floor":39,"gold_loss":0,"cards_obtained":["Madness","Madness"]},{"damage_healed":0,"gold_gain":0,"player_choice":"Ignored","damage_taken":0,"max_hp_gain":0,"max_hp_loss":0,"event_name":"Golden Shrine","floor":46,"gold_loss":0},{"damage_healed":0,"gold_gain":0,"player_choice":"2 cards matched","damage_taken":0,"max_hp_gain":0,"max_hp_loss":0,"event_name":"Match and Keep!","floor":48,"gold_loss":0,"cards_obtained":["Bash","Offering"]}],"is_beta":true,"boss_relics":[{"not_picked":["Black Star","Eternal Feather"],"picked":"Ectoplasm"},{"not_picked":["Astrolabe","Runic Cube"],"picked":"Sozu"}],"items_purged_floors":[4],"is_endless":false,"potions_floor_spawned":[2,5,6,12,14,20,24,25,35,45],"ascension_level":1}