{"gold_per_floor":[20,20,35,48,48,48,75,90,116,43,43,106,106,122,122,223,223,235,235,235,14,14,49,149,149,218,250,250,263,294,308,308,412,412,432,40,93,111,121,150,150,179,205,205,280,155,155,175,175,175],"floor_reached":51,"playtime":3974,"items_purged":["Normality","Venomology+1","Defend_G"],"score":1237,"play_id":"40413965-54b7-40f5-ae9e-a56f371c950c","local_time":"20190328033006","is_ascension_mode":true,"campfire_choices":[{"data":"Neutralize","floor":6,"key":"SMITH"},{"data":"Crippling Poison","floor":11,"key":"SMITH"},{"data":"Bouncing Flask","floor":13,"key":"SMITH"},{"floor":15,"key":"REST"},{"floor":25,"key":"DIG"},{"floor":32,"key":"DIG"},{"floor":41,"key":"DIG"},{"data":"Defend_G","floor":44,"key":"PURGE"},{"data":"Defend_G","floor":47,"key":"PURGE"},{"data":"Slice","floor":49,"key":"PURGE"}],"neow_cost":"NO_GOLD","seed_source_timestamp":340184555114473,"circlet_count":0,"master_deck":["Defend_G","Defend_G","Survivor","Neutralize+1","PiercingWail","Quick Slash","Crippling Poison+1","Cloak And Dagger","Bouncing Flask+1","Caltrops","Deadly Poison","Corpse Explosion","Leg Sweep+1","Dagger Spray","Necronomicurse","Bite","Bite","Bite","Bite","Bite","Noxious Fumes","Ghostly","Ghostly","Ghostly","Ghostly","Ghostly","Acrobatics","Riddle With Holes","Backflip","Noxious Fumes+1","Backflip+1","Envenom","Backflip","Acrobatics","Eviscerate+1","Noxious Fumes+1","Predator"],"relics":["Ring of the Snake","Happy Flower","Omamori","Calling Bell","Orichalcum","Pear","Prayer Wheel","Necronomicon","Shovel","WingedGreaves","Bottled Tornado","Singing Bowl","Bottled Flame","Ice Cream","Sundial","Gambling Chip","Sozu","Peace Pipe","Ginger","Art of War","Pantograph","Vajra","Bag of Preparation"],"potions_floor_usage":[3,7,7,8,12,12,12,14,16,16,16,23,24,24,24,27,29,30,30,33,33,33,33],"damage_taken":[{"damage":4,"enemies":"2 Louse","floor":1,"turns":4},{"damage":9,"enemies":"Jaw Worm","floor":3,"turns":8},{"damage":1,"enemies":"Small Slimes","floor":4,"turns":4},{"damage":34,"enemies":"Gremlin Nob","floor":7,"turns":6},{"damage":7,"enemies":"3 Louse","floor":8,"turns":3},{"damage":9,"enemies":"Lagavulin Event","floor":12,"turns":6},{"damage":14,"enemies":"Large Slime","floor":14,"turns":5},{"damage":3,"enemies":"The Guardian","floor":16,"turns":8},{"damage":14,"enemies":"2 Thieves","floor":18,"turns":4},{"damage":0,"enemies":"Slavers","floor":23,"turns":5},{"damage":0,"enemies":"Colosseum Slavers","floor":24,"turns":6},{"damage":0,"enemies":"Colosseum Nobs","floor":24,"turns":6},{"damage":3,"enemies":"Book of Stabbing","floor":27,"turns":6},{"damage":0,"enemies":"Chosen","floor":29,"turns":5},{"damage":12,"enemies":"Slavers","floor":30,"turns":6},{"damage":0,"enemies":"Snake Plant","floor":31,"turns":4},{"damage":32,"enemies":"Collector","floor":33,"turns":9},{"damage":0,"enemies":"3 Darklings","floor":35,"turns":5},{"damage":16,"enemies":"2 Orb Walkers","floor":37,"turns":4},{"damage":0,"enemies":"Orb Walker","floor":38,"turns":4},{"damage":1,"enemies":"Jaw Worm Horde","floor":39,"turns":4},{"damage":0,"enemies":"Reptomancer","floor":40,"turns":6},{"damage":42,"enemies":"Giant Head","floor":42,"turns":9},{"damage":0,"enemies":"Spire Growth","floor":48,"turns":5},{"damage":36,"enemies":"Donu and Deca","floor":50,"turns":7}],"seed_played":"8406019282634462774","potions_obtained":[{"floor":1,"key":"SneckoOil"},{"floor":7,"key":"Block Potion"},{"floor":12,"key":"PowerPotion"},{"floor":18,"key":"Block Potion"},{"floor":30,"key":"FearPotion"},{"floor":31,"key":"FearPotion"}],"is_trial":false,"path_per_floor":["M","?","M","M","?","R","E","M","T","$","R","?","R","M","R","B",null,"M","?","?","$","?","E","?","R","T","E","?","M","E","M","R","B",null,"M","$","?","M","M","E","R","E","T","R","?","$","R","M","R","B",null],"character_chosen":"THE_SILENT","items_purchased":["Bouncing Flask","Noxious Fumes","GhostInAJar","Peace Pipe"],"campfire_rested":1,"item_purchase_floors":[10,21,21,36],"current_hp_per_floor":[59,59,63,62,67,67,33,26,26,26,26,19,19,7,29,28,73,61,45,45,45,42,42,42,42,42,44,38,44,36,46,46,26,46,52,52,43,51,52,61,61,31,31,31,25,25,25,33,33,28],"gold":175,"neow_bonus":"THREE_RARE_CARDS","is_prod":false,"is_daily":false,"chose_seed":false,"campfire_upgraded":3,"win_rate":0,"timestamp":1553740206,"path_taken":["M","?","M","M","?","R","E","M","T","?","R","?","R","M","R","BOSS","M","?","?","$","?","E","?","R","T","E","?","?","E","?","R","BOSS","M","$","?","M","M","E","R","E","T","R","?","$","R","M","R","BOSS"],"build_version":"2019-03-15","purchased_purges":3,"victory":true,"max_hp_per_floor":[70,70,70,70,75,75,75,75,75,75,75,75,75,75,75,75,85,85,85,85,85,42,42,42,42,42,44,49,51,51,53,53,53,53,55,55,57,59,59,61,61,63,63,63,63,63,63,65,65,65],"card_choices":[{"not_picked":["Envenom","Burst"],"picked":"Venomology","floor":0},{"not_picked":["Underhanded Strike","Blade Dance"],"picked":"PiercingWail","floor":1},{"not_picked":["Sucker Punch","Prepared"],"picked":"Quick Slash","floor":3},{"not_picked":["Venomology","Prepared"],"picked":"Slice","floor":4},{"not_picked":["Setup","Concentrate"],"picked":"Crippling Poison","floor":7},{"not_picked":["Backflip","Slice"],"picked":"Cloak And Dagger","floor":8},{"not_picked":["Concentrate","Dagger Throw"],"picked":"Caltrops","floor":12},{"not_picked":["Quick Slash","Accuracy"],"picked":"Deadly Poison","floor":14},{"not_picked":["Envenom","Tools of the Trade"],"picked":"Corpse Explosion","floor":16},{"not_picked":["Dagger Throw","Bane"],"picked":"Leg Sweep+1","floor":18},{"not_picked":["Bouncing Flask","Dagger Throw+1"],"picked":"Dagger Spray","floor":18},{"not_picked":["Quick Slash","Bouncing Flask"],"picked":"Acrobatics","floor":23},{"not_picked":["Distraction","Deflect"],"picked":"Riddle With Holes","floor":24},{"not_picked":["Riddle With Holes","Deflect","Flying Knee"],"picked":"Singing Bowl","floor":27},{"not_picked":["Cloak And Dagger+1","Catalyst+1"],"picked":"Backflip","floor":29},{"not_picked":["Blade Dance","Doppelganger","Escape Plan"],"picked":"Singing Bowl","floor":29},{"not_picked":["Sucker Punch","Riddle With Holes"],"picked":"Noxious Fumes+1","floor":30},{"not_picked":["Bane","Deflect"],"picked":"Backflip+1","floor":31},{"not_picked":["Escape Plan","Sucker Punch+1","Deflect"],"picked":"Singing Bowl","floor":31},{"not_picked":["Corpse Explosion","Doppelganger"],"picked":"Envenom","floor":33},{"not_picked":["Deadly Poison+1","Slice+1"],"picked":"Backflip","floor":35},{"not_picked":["Acrobatics","Escape Plan+1","Dodge and Roll+1"],"picked":"Singing Bowl","floor":35},{"not_picked":["Dodge and Roll","Finisher+1","Sucker Punch"],"picked":"Singing Bowl","floor":37},{"not_picked":["Accuracy","Dodge and Roll+1"],"picked":"Acrobatics","floor":38},{"not_picked":["Acrobatics","Outmaneuver+1","Dodge and Roll+1"],"picked":"Singing Bowl","floor":38},{"not_picked":["Flechettes","Deflect+1"],"picked":"Eviscerate+1","floor":39},{"not_picked":["Acrobatics","Envenom"],"picked":"Noxious Fumes+1","floor":39},{"not_picked":["Slice+1","PiercingWail+1","Prepared"],"picked":"Singing Bowl","floor":40},{"not_picked":["Deflect","Dagger Spray+1","Infinite Blades+1"],"picked":"Singing Bowl","floor":42},{"not_picked":["All Out Attack","A Thousand Cuts"],"picked":"Predator","floor":48},{"not_picked":["Dagger Spray","Underhanded Strike+1","Outmaneuver+1"],"picked":"Singing Bowl","floor":48}],"player_experience":392321,"relics_obtained":[{"floor":7,"key":"Happy Flower"},{"floor":9,"key":"Blood Vial"},{"floor":12,"key":"Omamori"},{"floor":17,"key":"Orichalcum"},{"floor":17,"key":"Pear"},{"floor":17,"key":"Prayer Wheel"},{"floor":19,"key":"Necronomicon"},{"floor":23,"key":"Shovel"},{"floor":24,"key":"WingedGreaves"},{"floor":24,"key":"Bottled Tornado"},{"floor":25,"key":"Singing Bowl"},{"floor":26,"key":"Bottled Flame"},{"floor":27,"key":"Ice Cream"},{"floor":30,"key":"Sundial"},{"floor":32,"key":"Gambling Chip"},{"floor":37,"key":"Ginger"},{"floor":40,"key":"Art of War"},{"floor":41,"key":"Pantograph"},{"floor":42,"key":"Vajra"},{"floor":43,"key":"Bag of Preparation"}],"event_choices":[{"damage_healed":0,"gold_gain":0,"player_choice":"Grow","damage_taken":0,"max_hp_gain":0,"max_hp_loss":0,"event_name":"Living Wall","floor":2,"gold_loss":0,"cards_upgraded":["Venomology"]},{"damage_healed":0,"gold_gain":0,"player_choice":"Donut","damage_taken":0,"max_hp_gain":5,"max_hp_loss":0,"event_name":"Big Fish","floor":5,"gold_loss":0},{"damage_healed":0,"gold_gain":0,"player_choice":"Searched \u00271\u0027 times","damage_taken":0,"max_hp_gain":0,"max_hp_loss":0,"event_name":"Dead Adventurer","floor":12,"gold_loss":0},{"damage_healed":0,"gold_gain":0,"player_choice":"Obtained Book","damage_taken":16,"max_hp_gain":0,"max_hp_loss":0,"event_name":"Cursed Tome","floor":19,"gold_loss":0},{"damage_healed":0,"gold_gain":0,"player_choice":"Became a vampire (Vial)","damage_taken":0,"max_hp_gain":0,"max_hp_loss":0,"event_name":"Vampires","floor":20,"relics_lost":["Blood Vial"],"gold_loss":0,"cards_obtained":["Bite","Bite","Bite","Bite","Bite"]},{"damage_healed":0,"gold_gain":0,"player_choice":"Became a Ghost","damage_taken":0,"max_hp_gain":0,"max_hp_loss":43,"event_name":"Ghosts","floor":22,"gold_loss":0,"cards_obtained":["Ghostly","Ghostly","Ghostly","Ghostly","Ghostly"]},{"damage_healed":0,"gold_gain":0,"player_choice":"Fight","damage_taken":0,"max_hp_gain":0,"max_hp_loss":0,"event_name":"Colosseum","floor":24,"gold_loss":0},{"damage_healed":0,"gold_gain":0,"player_choice":"Fought Nobs","damage_taken":0,"max_hp_gain":0,"max_hp_loss":0,"event_name":"Colosseum","floor":24,"gold_loss":0},{"damage_healed":0,"gold_gain":0,"player_choice":"Shed Blood","damage_taken":11,"max_hp_gain":5,"max_hp_loss":0,"event_name":"Forgotten Altar","floor":28,"gold_loss":0},{"damage_healed":0,"gold_gain":0,"player_choice":"Fight","damage_taken":0,"max_hp_gain":0,"max_hp_loss":0,"event_name":"Mysterious Sphere","floor":37,"gold_loss":0},{"damage_healed":0,"gold_gain":75,"player_choice":"Touch","damage_taken":6,"max_hp_gain":0,"max_hp_loss":0,"event_name":"FaceTrader","floor":45,"gold_loss":0}],"is_beta":true,"boss_relics":[{"not_picked":["Ring of the Serpent","WristBlade"],"picked":"Calling Bell"},{"not_picked":["Lizard Tail","Runic Pyramid"],"picked":"Sozu"}],"items_purged_floors":[21,36,46],"is_endless":false,"potions_floor_spawned":[1,7,12,18,23,24,30,31,37,38,40,48],"ascension_level":9}