{"gold_per_floor":[217,231,231,231,246,246,271,271,295,295,58,86,97,109,109,109],"floor_reached":16,"playtime":803,"items_purged":["Strike_R"],"score":220,"play_id":"d1e9f085-78b6-4478-9ff5-47a16a2d4e13","local_time":"20190424020852","is_ascension_mode":true,"campfire_choices":[{"data":"Bash","floor":6,"key":"SMITH"},{"data":"True Grit","floor":8,"key":"SMITH"},{"data":"Pommel Strike","floor":10,"key":"SMITH"},{"floor":15,"key":"REST"}],"neow_cost":"NONE","seed_source_timestamp":293142949870292,"circlet_count":0,"master_deck":["AscendersBane","Strike_R","Strike_R","Strike_R+1","Defend_R","Defend_R","Defend_R","Defend_R","Bash+1","Pommel Strike+1","Clothesline+1","Seeing Red","True Grit+1","Shrug It Off","Cleave","Power Through","Iron Wave"],"relics":["Burning Blood","Whetstone","Regal Pillow","Ginger"],"potions_floor_usage":[12,12,16,16],"damage_taken":[{"damage":9,"enemies":"Jaw Worm","floor":1,"turns":4},{"damage":14,"enemies":"Small Slimes","floor":2,"turns":4},{"damage":1,"enemies":"Cultist","floor":5,"turns":3},{"damage":57,"enemies":"Lagavulin","floor":7,"turns":7},{"damage":3,"enemies":"3 Sentries","floor":12,"turns":5},{"damage":0,"enemies":"3 Louse","floor":13,"turns":4},{"damage":11,"enemies":"Exordium Thugs","floor":14,"turns":5},{"damage":69,"enemies":"Slime Boss","floor":16,"turns":12}],"seed_played":"2885620797810652731","potions_obtained":[{"floor":7,"key":"Explosive Potion"},{"floor":13,"key":"BloodPotion"},{"floor":14,"key":"PowerPotion"}],"is_trial":false,"path_per_floor":["M","M","?","?","M","R","E","R","T","R","$","E","M","M","R","B"],"character_chosen":"IRONCLAD","items_purchased":["Shrug It Off","Explosive Potion","Cleave"],"campfire_rested":1,"item_purchase_floors":[11,11,11],"current_hp_per_floor":[65,57,62,55,60,60,9,9,9,9,9,12,18,13,52,0],"gold":109,"neow_bonus":"HUNDRED_GOLD","is_prod":false,"is_daily":false,"chose_seed":false,"campfire_upgraded":3,"win_rate":0,"timestamp":1556064532,"path_taken":["M","M","?","?","M","R","E","R","T","R","$","E","M","M","R","BOSS"],"build_version":"2019-04-21","purchased_purges":1,"victory":false,"max_hp_per_floor":[75,75,80,80,80,80,80,80,80,80,80,80,80,80,80,80],"card_choices":[{"not_picked":["Thunderclap","Warcry"],"picked":"Pommel Strike","floor":1},{"not_picked":["Searing Blow","Whirlwind"],"picked":"Clothesline","floor":2},{"not_picked":["Pommel Strike","Disarm"],"picked":"Seeing Red","floor":5},{"not_picked":["Heavy Blade","Bludgeon"],"picked":"True Grit","floor":7},{"not_picked":["Searing Blow","Cleave","Wild Strike"],"picked":"SKIP","floor":12},{"not_picked":["Warcry","Evolve"],"picked":"Power Through","floor":13},{"not_picked":["Entrench","Rupture"],"picked":"Iron Wave","floor":14}],"player_experience":494407,"relics_obtained":[{"floor":7,"key":"Whetstone"},{"floor":9,"key":"Regal Pillow"},{"floor":12,"key":"Ginger"}],"event_choices":[{"damage_healed":0,"gold_gain":0,"player_choice":"Donut","damage_taken":0,"max_hp_gain":5,"max_hp_loss":0,"event_name":"Big Fish","floor":3,"gold_loss":0},{"cards_removed":["Strike_R"],"damage_healed":0,"gold_gain":0,"player_choice":"Card Removal","damage_taken":7,"max_hp_gain":0,"max_hp_loss":0,"event_name":"Golden Wing","floor":4,"gold_loss":0}],"is_beta":true,"boss_relics":[],"items_purged_floors":[11],"is_endless":false,"potions_floor_spawned":[7,13,14],"killed_by":"Slime Boss","ascension_level":20}