{"gold_per_floor":[114,114,131,151,32,32,44,63,63,63,63,63,76,76,76,152,152,162,162,162,9,209,229,229,259,283,303,303,321,321,339,339,410,410,420,7,7,21,31,31,31],"floor_reached":41,"playtime":2920,"items_purged":["Regret","Pain"],"score":830,"play_id":"5c02a37b-1604-4ccd-ad5a-7330d20d7da6","local_time":"20190725032502","is_ascension_mode":true,"campfire_choices":[{"data":"Noxious Fumes","floor":6.0,"key":"SMITH"},{"data":"Neutralize","floor":12.0,"key":"SMITH"},{"floor":15.0,"key":"REST"},{"floor":24.0,"key":"REST"},{"floor":30.0,"key":"REST"},{"floor":32.0,"key":"REST"},{"data":"1","floor":40,"key":"LIFT"}],"neow_cost":"NONE","seed_source_timestamp":2685475576378000,"circlet_count":0,"master_deck":["AscendersBane","Defend_G","Defend_G","Defend_G","Defend_G","Defend_G","Survivor","Neutralize+1","Noxious Fumes+1","Backflip","Flying Knee","Choke","Heel Hook","Finisher","Escape Plan","Burst","Bane","Sucker Punch","Calculated Gamble","Terror","Prepared","Bite","Bite","Bite","Bite","Bite","Malaise","Noxious Fumes","Envenom","Backstab","Parasite","Blur"],"special_seed":0,"relics":["Ring of the Snake","Art of War","Ginger","WingedGreaves","Bottled Lightning","WarpedTongs","Runic Pyramid","Enchiridion","Mercury Hourglass","Pear","Boot","HoveringKite","Girya","Spirit Poop"],"potions_floor_usage":[38,41,41],"damage_taken":[{"damage":6.0,"enemies":"Small Slimes","floor":1.0,"turns":4.0},{"damage":8.0,"enemies":"Jaw Worm","floor":3.0,"turns":4.0},{"damage":1.0,"enemies":"2 Louse","floor":4.0,"turns":3.0},{"damage":18.0,"enemies":"Gremlin Gang","floor":7.0,"turns":6.0},{"damage":9.0,"enemies":"3 Louse","floor":8.0,"turns":3.0},{"damage":12.0,"enemies":"Red Slaver","floor":13.0,"turns":6.0},{"damage":22.0,"enemies":"The Guardian","floor":16.0,"turns":12.0},{"damage":15.0,"enemies":"3 Byrds","floor":18.0,"turns":5.0},{"damage":2.0,"enemies":"2 Thieves","floor":23.0,"turns":4.0},{"damage":20.0,"enemies":"Gremlin Leader","floor":25.0,"turns":6.0},{"damage":0.0,"enemies":"Snecko","floor":27.0,"turns":4.0},{"damage":19.0,"enemies":"3 Cultists","floor":29.0,"turns":5.0},{"damage":0.0,"enemies":"Centurion and Healer","floor":31.0,"turns":4.0},{"damage":47.0,"enemies":"Collector","floor":33.0,"turns":9.0},{"damage":1.0,"enemies":"Orb Walker","floor":35.0,"turns":3.0},{"damage":6,"enemies":"3 Shapes","floor":38,"turns":6},{"damage":24,"enemies":"Writhing Mass","floor":39,"turns":6},{"damage":48,"enemies":"Nemesis","floor":41,"turns":4}],"seed_played":"7001009627259576159","potions_obtained":[{"floor":1.0,"key":"SkillPotion"},{"floor":16.0,"key":"EntropicBrew"},{"floor":18.0,"key":"GamblersBrew"},{"floor":23.0,"key":"FearPotion"},{"floor":25.0,"key":"FearPotion"},{"floor":29.0,"key":"SteroidPotion"},{"floor":38,"key":"GamblersBrew"}],"is_trial":false,"path_per_floor":["M","?","M","M","$","R","M","M","T","T","?","R","M","?","R","B",null,"M","?","?","$","?","M","R","E","T","M","?","M","R","M","R","B",null,"M","$","?","M","M","R","E"],"character_chosen":"THE_SILENT","items_purchased":["Choke","Sucker Punch","Girya","Regen Potion"],"campfire_rested":4,"item_purchase_floors":[5,21,36,36],"current_hp_per_floor":[53,53,45,44,44,44,26,17,17,17,17,17,5,5,24,2,50,35,14,14,14,14,12,31,21,21,21,21,12,27,38,53,17,44,45,45,45,47,30,30,0],"gold":31,"neow_bonus":"RANDOM_COMMON_RELIC","is_prod":false,"is_daily":false,"chose_seed":false,"campfire_upgraded":2,"win_rate":0,"timestamp":1564050302,"path_taken":["M","?","M","M","$","R","M","M","T","?","?","R","?","?","R","BOSS","M","?","?","$","?","?","R","E","T","M","?","M","R","M","R","BOSS","M","$","?","?","?","R","E"],"build_version":"2019-07-18","purchased_purges":2,"victory":false,"max_hp_per_floor":[66,66,66,66,66,66,66,66,66,66,66,66,66,66,66,66,66,66,66,66,66,66,66,66,76,76,76,53,53,53,53,53,53,53,53,53,53,53,53,53,53],"card_choices":[{"not_picked":["Bane","PiercingWail"],"picked":"Noxious Fumes","floor":1.0},{"not_picked":["Slice","Infinite Blades"],"picked":"Backflip","floor":3.0},{"not_picked":["Dagger Spray","Dagger Throw"],"picked":"Flying Knee","floor":4.0},{"not_picked":["Setup","Blade Dance"],"picked":"Heel Hook","floor":7.0},{"not_picked":["Flying Knee","Outmaneuver"],"picked":"Finisher","floor":8.0},{"not_picked":["Flying Knee","Prepared"],"picked":"Escape Plan","floor":13.0},{"not_picked":["Doppelganger","Grand Finale"],"picked":"Burst","floor":16.0},{"not_picked":["Underhanded Strike+1","Outmaneuver"],"picked":"Bane","floor":18.0},{"not_picked":["Deflect","Flying Knee"],"picked":"Calculated Gamble","floor":23.0},{"not_picked":["Outmaneuver+1","Deadly Poison"],"picked":"Terror","floor":25.0},{"not_picked":["Well Laid Plans","Endless Agony"],"picked":"Prepared","floor":27.0},{"not_picked":["Catalyst","Setup"],"picked":"Malaise","floor":29.0},{"not_picked":["Deflect","Underhanded Strike"],"picked":"Noxious Fumes","floor":31.0},{"not_picked":["Die Die Die","Phantasmal Killer"],"picked":"Envenom","floor":33.0},{"not_picked":["Sucker Punch","Outmaneuver","Escape Plan"],"picked":"SKIP","floor":35.0},{"not_picked":["Sucker Punch","Outmaneuver","Escape Plan"],"picked":"SKIP","floor":35.0},{"not_picked":["Dagger Spray","PiercingWail"],"picked":"Backstab","floor":38},{"not_picked":["Setup","Sucker Punch"],"picked":"Blur","floor":39}],"player_experience":3485068,"relics_obtained":[{"floor":9.0,"key":"WingedGreaves"},{"floor":10.0,"key":"Bottled Lightning"},{"floor":19.0,"key":"Enchiridion"},{"floor":25.0,"key":"Pear"},{"floor":26.0,"key":"Boot"}],"event_choices":[{"damage_healed":0.0,"max_hp_gain":0.0,"max_hp_loss":0.0,"gold_gain":0.0,"event_name":"Big Fish","player_choice":"Box","floor":2.0,"gold_loss":0.0,"damage_taken":0.0,"relics_obtained":["Ginger"],"cards_obtained":["Regret"]},{"cards_removed":["Strike_G"],"damage_healed":0.0,"max_hp_gain":0.0,"max_hp_loss":0.0,"gold_gain":0.0,"event_name":"Purifier","player_choice":"Purged","floor":11.0,"gold_loss":0.0,"damage_taken":0.0},{"damage_healed":0.0,"max_hp_gain":0.0,"max_hp_loss":0.0,"gold_gain":0.0,"event_name":"Accursed Blacksmith","player_choice":"Rummage","floor":14.0,"gold_loss":0.0,"damage_taken":0.0,"relics_obtained":["WarpedTongs"],"cards_obtained":["Pain"]},{"damage_healed":0.0,"max_hp_gain":0.0,"max_hp_loss":0.0,"gold_gain":0.0,"event_name":"Cursed Tome","player_choice":"Obtained Book","floor":19.0,"gold_loss":0.0,"damage_taken":21.0},{"damage_healed":0.0,"max_hp_gain":0.0,"max_hp_loss":0.0,"gold_gain":0.0,"event_name":"The Mausoleum","player_choice":"Opened","floor":20.0,"gold_loss":0.0,"damage_taken":0.0,"relics_obtained":["Mercury Hourglass"],"cards_obtained":["Writhe"]},{"damage_healed":0.0,"max_hp_gain":0.0,"max_hp_loss":0.0,"gold_gain":200.0,"event_name":"Wheel of Change","player_choice":"Gold","floor":22.0,"gold_loss":0.0,"damage_taken":0.0},{"damage_healed":0.0,"max_hp_gain":0.0,"max_hp_loss":23.0,"gold_gain":0.0,"event_name":"Vampires","player_choice":"Became a vampire","floor":28.0,"gold_loss":0.0,"damage_taken":0.0,"cards_obtained":["Bite","Bite","Bite","Bite","Bite"]},{"cards_removed":["Writhe"],"damage_healed":0.0,"max_hp_gain":0.0,"max_hp_loss":0.0,"gold_gain":0.0,"event_name":"Bonfire Elementals","player_choice":"Offered Curse","floor":37.0,"gold_loss":0.0,"damage_taken":0.0,"relics_obtained":["Spirit Poop"]}],"is_beta":true,"boss_relics":[{"not_picked":["Tiny House","Lizard Tail"],"picked":"Runic Pyramid"},{"not_picked":["Orrery","Calling Bell"],"picked":"HoveringKite"}],"items_purged_floors":[5,21],"is_endless":false,"potions_floor_spawned":[1,16,18,23,25,29,33,35,38],"killed_by":"Nemesis","ascension_level":20}