{"gold_per_floor":[362,372,91,29,45,45,76,95,95,19,38,57,83,10,10,107,107,127,144,157,157,157,157,186,199,199,199,227,227],"floor_reached":29,"playtime":1977,"items_purged":["Shame"],"score":316,"play_id":"17a81f05-df42-4992-9ca6-afd2133d528e","local_time":"20190317191843","is_ascension_mode":true,"campfire_choices":[{"data":"Neutralize","floor":6,"key":"SMITH"},{"floor":15,"key":"REST"},{"floor":23,"key":"REST"},{"floor":27,"key":"REST"}],"neow_cost":"CURSE","seed_source_timestamp":21571243567153,"circlet_count":0,"master_deck":["Defend_G+1","Defend_G+1","Defend_G+1","Defend_G+1","Defend_G+1","Strike_G+1","Strike_G+1","Strike_G+1","Strike_G+1","Strike_G+1","Survivor","Neutralize+1","Endless Agony","Cloak And Dagger","Acrobatics","Bouncing Flask","Caltrops","Escape Plan","Noxious Fumes","Predator","Flechettes","Dodge and Roll","Footwork","Dodge and Roll","Endless Agony","Corpse Explosion","PiercingWail+1","Deadly Poison","Flechettes+1","Dagger Spray"],"relics":["Ring of the Snake","Shuriken","Shovel","Tough Bandages","Mummified Hand","Busted Crown","Vajra","Bottled Tornado","Ice Cream"],"potions_floor_usage":[7,12,13,13,20,28],"damage_taken":[{"damage":3,"enemies":"2 Louse","floor":1,"turns":3},{"damage":3,"enemies":"Cultist","floor":2,"turns":4},{"damage":2,"enemies":"Jaw Worm","floor":5,"turns":4},{"damage":13,"enemies":"Lagavulin","floor":7,"turns":5},{"damage":5,"enemies":"Blue Slaver","floor":8,"turns":4},{"damage":18,"enemies":"Exordium Wildlife","floor":11,"turns":4},{"damage":5,"enemies":"2 Fungi Beasts","floor":12,"turns":3},{"damage":11,"enemies":"3 Sentries","floor":13,"turns":7},{"damage":39,"enemies":"Slime Boss","floor":16,"turns":10},{"damage":19,"enemies":"2 Thieves","floor":18,"turns":3},{"damage":21,"enemies":"Chosen","floor":19,"turns":5},{"damage":0,"enemies":"3 Cultists","floor":20,"turns":2},{"damage":23,"enemies":"Slavers","floor":24,"turns":3},{"damage":6,"enemies":"Chosen and Byrds","floor":25,"turns":4},{"damage":20,"enemies":"Gremlin Leader","floor":28,"turns":6},{"damage":24,"enemies":"Snake Plant","floor":29,"turns":2}],"seed_played":"5388701816303874350","potions_obtained":[{"floor":2,"key":"FairyPotion"},{"floor":8,"key":"SpeedPotion"},{"floor":11,"key":"LiquidBronze"},{"floor":12,"key":"Strength Potion"},{"floor":19,"key":"SkillPotion"},{"floor":24,"key":"Fire Potion"}],"is_trial":false,"path_per_floor":["M","M","$","?","M","R","E","M","T","$","M","M","E","$","R","B",null,"M","M","M","?","?","R","E","M","T","R","E","M"],"character_chosen":"THE_SILENT","items_purchased":["Acrobatics","Bouncing Flask","Caltrops","Dexterity Potion","Flechettes","Endless Agony"],"campfire_rested":3,"item_purchase_floors":[3,3,3,3,10,14],"current_hp_per_floor":[67,64,64,64,62,62,49,44,44,44,26,21,10,10,31,7,70,51,30,30,30,30,51,28,22,22,43,23,0],"gold":227,"neow_bonus":"TWO_FIFTY_GOLD","is_prod":false,"is_daily":false,"chose_seed":false,"campfire_upgraded":1,"win_rate":0,"timestamp":1552846723,"path_taken":["M","M","$","?","M","R","E","M","T","?","?","M","E","$","R","BOSS","M","M","M","?","?","R","E","M","T","R","E","M"],"build_version":"2019-03-15","purchased_purges":1,"victory":false,"max_hp_per_floor":[70,70,70,70,70,70,70,70,70,70,70,70,70,70,70,70,70,70,70,70,70,70,70,70,70,70,70,70,70],"card_choices":[{"not_picked":["Accuracy","Flying Knee"],"picked":"Endless Agony","floor":1},{"not_picked":["Dagger Throw","Sucker Punch"],"picked":"Cloak And Dagger","floor":2},{"not_picked":["Calculated Gamble","Outmaneuver"],"picked":"Escape Plan","floor":5},{"not_picked":["PiercingWail","Dagger Throw"],"picked":"Noxious Fumes","floor":7},{"not_picked":["Flying Knee","Masterful Stab"],"picked":"Predator","floor":8},{"not_picked":["Quick Slash","PiercingWail"],"picked":"Dodge and Roll","floor":11},{"not_picked":["Acrobatics","Quick Slash"],"picked":"Footwork","floor":12},{"not_picked":["Poisoned Stab","Cloak And Dagger"],"picked":"Dodge and Roll","floor":13},{"not_picked":["Envenom","A Thousand Cuts"],"picked":"Corpse Explosion","floor":16},{"not_picked":[],"picked":"PiercingWail+1","floor":18},{"not_picked":["Quick Slash"],"picked":"SKIP","floor":19},{"not_picked":[],"picked":"Deadly Poison","floor":20},{"not_picked":[],"picked":"Flechettes+1","floor":24},{"not_picked":[],"picked":"Dagger Spray","floor":25},{"not_picked":["Setup"],"picked":"SKIP","floor":28}],"player_experience":284303,"relics_obtained":[{"floor":7,"key":"Shovel"},{"floor":9,"key":"Tough Bandages"},{"floor":13,"key":"Mummified Hand"},{"floor":24,"key":"Vajra"},{"floor":26,"key":"Bottled Tornado"},{"floor":28,"key":"Ice Cream"}],"event_choices":[{"damage_healed":0,"gold_gain":0,"player_choice":"Paid Gold","damage_taken":0,"relics_obtained":["Shuriken"],"max_hp_gain":0,"max_hp_loss":0,"event_name":"WeMeetAgain","floor":4,"gold_loss":62},{"damage_healed":0,"gold_gain":0,"player_choice":"Ignored","damage_taken":0,"max_hp_gain":0,"max_hp_loss":0,"event_name":"Ghosts","floor":21,"gold_loss":0},{"damage_healed":0,"gold_gain":0,"player_choice":"Simplicity","damage_taken":0,"max_hp_gain":0,"max_hp_loss":0,"event_name":"Back to Basics","floor":22,"gold_loss":0,"cards_upgraded":["Defend_G","Defend_G","Defend_G","Defend_G","Defend_G","Strike_G","Strike_G","Strike_G","Strike_G","Strike_G"]}],"is_beta":true,"boss_relics":[{"not_picked":["WristBlade","Ectoplasm"],"picked":"Busted Crown"}],"items_purged_floors":[3],"is_endless":false,"potions_floor_spawned":[2,8,11,12,19,24],"killed_by":"Snake Plant","ascension_level":3}