{"gold_per_floor":[12,12,22,34,49,49,78,98,123,123,123,150,176,33,33,128,128,138,152,165,181,191,191,208,0,0,0,25,58,58],"floor_reached":30,"playtime":1733,"items_purged":[],"score":405,"play_id":"12d17299-0ec7-4c1d-b662-0c7ee2842213","local_time":"20190101185639","is_ascension_mode":true,"campfire_choices":[{"floor":6.0,"key":"REST"},{"floor":11,"key":"REST"},{"floor":15,"key":"REST"},{"floor":23,"key":"REST"}],"neow_cost":"NO_GOLD","seed_source_timestamp":0,"circlet_count":0,"master_deck":["Defend_G","Defend_G","Defend_G","Defend_G","Survivor","Neutralize","Cloak And Dagger","Terror","Flechettes","Infinite Blades","Infinite Blades","Malaise","Corpse Explosion","All Out Attack","Accuracy","Crippling Poison","Accuracy","Unload","Backflip+1","Bite","Bite","Bite","Bite","Bite","PiercingWail+1"],"special_seed":0,"relics":["Ring of the Snake","Torii","Letter Opener","Snake Skull","Happy Flower","Bronze Scales","Vajra","WristBlade","Darkstone Periapt","Ancient Tea Set","Blood Vial"],"potions_floor_usage":[7,16,20,22,29,29],"damage_taken":[{"damage":1.0,"enemies":"Jaw Worm","floor":1.0,"turns":6.0},{"damage":0.0,"enemies":"Cultist","floor":3.0,"turns":3.0},{"damage":0.0,"enemies":"Small Slimes","floor":4.0,"turns":4.0},{"damage":24.0,"enemies":"Exordium Wildlife","floor":5.0,"turns":6.0},{"damage":21,"enemies":"Lagavulin","floor":7,"turns":7},{"damage":8,"enemies":"Lots of Slimes","floor":8,"turns":6},{"damage":24,"enemies":"Gremlin Nob","floor":13,"turns":4},{"damage":27,"enemies":"Slime Boss","floor":16,"turns":8},{"damage":12,"enemies":"2 Thieves","floor":18,"turns":2},{"damage":1,"enemies":"Spheric Guardian","floor":19,"turns":3},{"damage":8,"enemies":"Snake Plant","floor":20,"turns":3},{"damage":25,"enemies":"Centurion and Healer","floor":21,"turns":4},{"damage":0,"enemies":"Chosen and Byrds","floor":22,"turns":3},{"damage":11,"enemies":"Shelled Parasite and Fungi","floor":24,"turns":6},{"damage":20,"enemies":"Gremlin Leader","floor":29,"turns":6},{"damage":16,"enemies":"Sentry and Sphere","floor":30,"turns":3}],"seed_played":"1063092946206536046","potions_obtained":[{"floor":3.0,"key":"Swift Potion"},{"floor":8,"key":"Poison Potion"},{"floor":13,"key":"Weak Potion"},{"floor":16,"key":"Weak Potion"},{"floor":20,"key":"FearPotion"},{"floor":21,"key":"Block Potion"},{"floor":22,"key":"EssenceOfSteel"}],"is_trial":false,"path_per_floor":["M","?","M","M","M","R","E","M","T","?","R","T","E","$","R","B",null,"M","M","M","M","M","R","M","?","T","?","T","E","M"],"character_chosen":"THE_SILENT","items_purchased":["Vajra"],"campfire_rested":4,"item_purchase_floors":[14],"current_hp_per_floor":[62,62,62,62,38,59,38,30,30,23,44,44,20,20,41,14,56,44,43,35,10,10,31,20,20,20,20,20,8,0],"gold":58,"neow_bonus":"ONE_RARE_RELIC","is_prod":false,"is_daily":false,"chose_seed":false,"campfire_upgraded":0,"win_rate":0,"timestamp":1546386999,"path_taken":["M","?","M","M","M","R","E","?","T","?","R","?","E","?","R","BOSS","M","M","M","?","M","R","M","?","T","?","?","E","M"],"build_version":"2018-12-20","purchased_purges":0,"victory":false,"max_hp_per_floor":[70,70,70,70,70,70,70,70,70,70,70,70,70,70,70,70,70,70,70,70,70,70,70,70,70,70,49,49,49,49],"card_choices":[{"not_picked":["Terror","Acrobatics"],"picked":"Cloak And Dagger","floor":1.0},{"not_picked":["Well Laid Plans","Underhanded Strike"],"picked":"Flechettes","floor":3.0},{"not_picked":["Slice","Underhanded Strike"],"picked":"Infinite Blades","floor":4.0},{"not_picked":["Flying Knee","Dagger Throw","Poisoned Stab"],"picked":"SKIP","floor":5.0},{"not_picked":["Bane","Backflip"],"picked":"Infinite Blades","floor":7},{"not_picked":["Bane","Poisoned Stab","Reflex"],"picked":"SKIP","floor":8},{"not_picked":["Skewer","Bane"],"picked":"Malaise","floor":13},{"not_picked":["Venomology","Envenom"],"picked":"Corpse Explosion","floor":16},{"not_picked":["Poisoned Stab","Skewer"],"picked":"All Out Attack","floor":18},{"not_picked":["Sucker Punch","Deflect"],"picked":"Accuracy","floor":19},{"not_picked":["Accuracy","Tactician"],"picked":"Crippling Poison","floor":20},{"not_picked":["Dodge and Roll","Bane"],"picked":"Accuracy","floor":21},{"not_picked":["Heel Hook","Underhanded Strike"],"picked":"Unload","floor":22},{"not_picked":["Prepared+1","Eviscerate"],"picked":"Backflip+1","floor":24},{"not_picked":["Noxious Fumes","Acrobatics"],"picked":"PiercingWail+1","floor":29}],"player_experience":227707,"relics_obtained":[{"floor":7,"key":"Letter Opener"},{"floor":9,"key":"Snake Skull"},{"floor":12,"key":"Happy Flower"},{"floor":13,"key":"Bronze Scales"},{"floor":26,"key":"Darkstone Periapt"},{"floor":28,"key":"Ancient Tea Set"},{"floor":29,"key":"Blood Vial"}],"event_choices":[{"damage_healed":0.0,"max_hp_gain":0.0,"max_hp_loss":0.0,"gold_gain":0.0,"cards_transformed":["Defend_G"],"event_name":"Transmorgrifier","player_choice":"Transformed","floor":2.0,"gold_loss":0.0,"damage_taken":0.0,"cards_obtained":["Terror"]},{"cards_removed":["Strike_G"],"damage_healed":0,"gold_gain":0,"player_choice":"Card Removal","damage_taken":7,"max_hp_gain":0,"max_hp_loss":0,"event_name":"Golden Wing","floor":10,"gold_loss":0},{"damage_healed":0,"gold_gain":0,"player_choice":"Paid Fearfully","damage_taken":0,"max_hp_gain":0,"max_hp_loss":0,"event_name":"Masked Bandits","floor":25,"gold_loss":208},{"damage_healed":0,"gold_gain":0,"player_choice":"Became a vampire","damage_taken":0,"max_hp_gain":0,"max_hp_loss":21,"event_name":"Vampires","floor":27,"gold_loss":0,"cards_obtained":["Bite","Bite","Bite","Bite","Bite"]}],"is_beta":false,"boss_relics":[{"not_picked":["Fusion Hammer","Philosopher\u0027s Stone"],"picked":"WristBlade"}],"items_purged_floors":[],"is_endless":false,"potions_floor_spawned":[3,8,13,16,20,21,22],"killed_by":"Sentry and Sphere","ascension_level":9}