{"gold_per_floor":[119,135,148,148,166,166,166,11,11,11,11,11,22,22,22,99,99,115,142,142,161,9,9,43,43,117,117,134,146,171,184,184,262,262,273,273,373,373,387,421,433,433,457,457,137,155,155,30,30,30,30],"floor_reached":52,"playtime":3700,"items_purged":["Strike_R","Strike_R","Strike_R"],"score":1766,"play_id":"480d5d57-b083-4a16-b0fe-ebc67d4143e6","local_time":"20190818041003","is_ascension_mode":true,"campfire_choices":[{"data":"Armaments","floor":6.0,"key":"SMITH"},{"data":"Disarm","floor":10.0,"key":"SMITH"},{"data":"Bash","floor":12.0,"key":"SMITH"},{"data":"Carnage","floor":15.0,"key":"SMITH"},{"data":"Rupture","floor":23.0,"key":"SMITH"},{"data":"Barricade","floor":25.0,"key":"SMITH"},{"data":"RitualDagger","floor":32.0,"key":"SMITH"},{"floor":42.0,"key":"REST"},{"floor":44.0,"key":"REST"},{"data":"Brutality","floor":47.0,"key":"SMITH"},{"floor":49.0,"key":"REST"}],"neow_cost":"NONE","seed_source_timestamp":4760893781204200,"circlet_count":0,"master_deck":["AscendersBane","Strike_R","Defend_R","Defend_R","Defend_R","Defend_R","Bash+1","Armaments+1","Battle Trance+1","Carnage+1","Evolve","Flame Barrier","Exhume","Iron Wave","Disarm+1","Rupture+1","Barricade+1","Battle Trance","Pain","Shockwave+1","Bludgeon","Dropkick","RitualDagger+1","Ghostly Armor","Seeing Red+1","Impervious","Feel No Pain","Brutality+1","Intimidate+1"],"special_seed":0,"relics":["Burning Blood","Juzu Bracelet","Kunai","Blue Candle","Velvet Choker","Anchor","WarpedTongs","Self Forming Clay","Mummified Hand","Dead Branch","Mark of Pain","Mango","Vajra","Ancient Tea Set","OrangePellets"],"potions_floor_usage":[51],"damage_taken":[{"damage":2.0,"enemies":"Cultist","floor":1.0,"turns":4.0},{"damage":7.0,"enemies":"Small Slimes","floor":2.0,"turns":4.0},{"damage":0.0,"enemies":"Jaw Worm","floor":3.0,"turns":5.0},{"damage":13.0,"enemies":"Red Slaver","floor":5.0,"turns":3.0},{"damage":4.0,"enemies":"Exordium Wildlife","floor":13.0,"turns":4.0},{"damage":42.0,"enemies":"Hexaghost","floor":16.0,"turns":12.0},{"damage":8.0,"enemies":"Shell Parasite","floor":18.0,"turns":3.0},{"damage":6.0,"enemies":"Chosen","floor":21.0,"turns":3.0},{"damage":30.0,"enemies":"Slavers","floor":24.0,"turns":9.0},{"damage":1.0,"enemies":"Centurion and Healer","floor":28.0,"turns":6.0},{"damage":1.0,"enemies":"Snecko","floor":29.0,"turns":4.0},{"damage":5.0,"enemies":"Book of Stabbing","floor":30.0,"turns":4.0},{"damage":7.0,"enemies":"3 Cultists","floor":31.0,"turns":6.0},{"damage":39.0,"enemies":"Collector","floor":33.0,"turns":11.0},{"damage":7.0,"enemies":"3 Shapes","floor":35.0,"turns":2.0},{"damage":2.0,"enemies":"Mind Bloom Boss Battle","floor":37.0,"turns":8.0},{"damage":23.0,"enemies":"3 Darklings","floor":39.0,"turns":7.0},{"damage":49.0,"enemies":"Reptomancer","floor":40.0,"turns":5.0},{"damage":4.0,"enemies":"Spire Growth","floor":41.0,"turns":4.0},{"damage":2.0,"enemies":"Maw","floor":46.0,"turns":5.0},{"damage":36.0,"enemies":"Time Eater","floor":50.0,"turns":10.0},{"damage":37,"enemies":"Donu and Deca","floor":51,"turns":11}],"seed_played":"-532145890454241115","potions_obtained":[{"floor":1.0,"key":"AttackPotion"},{"floor":2.0,"key":"Swift Potion"},{"floor":18.0,"key":"AttackPotion"},{"floor":24.0,"key":"LiquidBronze"},{"floor":29.0,"key":"Poison Potion"},{"floor":30.0,"key":"Dexterity Potion"},{"floor":33.0,"key":"AttackPotion"},{"floor":35.0,"key":"Fire Potion"},{"floor":37.0,"key":"GamblersBrew"},{"floor":41.0,"key":"Energy Potion"}],"is_trial":false,"path_per_floor":["M","M","M","?","M","R","?","$","T","R","?","R","M","$","R","B",null,"M","T","?","M","$","R","E","R","T","?","M","M","E","M","R","B",null,"M","?","?","?","M","E","M","R","T","R","$","M","R","$","R","B","B",null],"character_chosen":"IRONCLAD","items_purchased":["Disarm","Bludgeon","OrangePellets"],"campfire_rested":3,"item_purchase_floors":[8,22,45],"current_hp_per_floor":[72,71,75,70,63,63,63,63,63,63,63,63,65,65,65,29,64,62,62,62,62,62,62,38,38,38,32,37,42,43,42,42,9,59,58,58,76,76,59,16,18,44,44,70,70,74,74,74,89,59,28],"gold":30,"neow_bonus":"RANDOM_COMMON_RELIC","is_prod":false,"is_daily":false,"chose_seed":false,"campfire_upgraded":8,"win_rate":0,"timestamp":1566126603,"path_taken":["M","M","M","?","M","R","?","?","T","R","?","R","M","$","R","BOSS","M","?","?","M","$","R","E","R","T","?","M","M","E","M","R","BOSS","M","?","?","?","M","E","M","R","T","R","$","M","R","$","R","BOSS","BOSS"],"build_version":"2019-08-15","purchased_purges":3,"victory":true,"max_hp_per_floor":[75,75,75,75,75,75,75,75,75,75,75,75,75,75,75,75,75,75,75,75,75,75,75,75,75,75,75,75,75,75,75,75,75,75,75,75,89,89,89,89,89,89,89,89,89,89,89,89,89,89,89],"card_choices":[{"not_picked":["Fire Breathing","Clash"],"picked":"Armaments","floor":1.0},{"not_picked":["Clash","Havoc"],"picked":"Battle Trance","floor":2.0},{"not_picked":["Rage","Shrug It Off"],"picked":"Carnage","floor":3.0},{"not_picked":["True Grit","Clothesline"],"picked":"Evolve","floor":5.0},{"not_picked":["Clothesline","Cleave"],"picked":"Rupture","floor":13.0},{"not_picked":["Reaper","Impervious"],"picked":"Barricade","floor":16.0},{"not_picked":["Reckless Charge","Clash"],"picked":"Battle Trance","floor":18.0},{"not_picked":["Clash","Inflame"],"picked":"Shockwave+1","floor":21.0},{"not_picked":["Disarm","Battle Trance"],"picked":"Dropkick","floor":24.0},{"not_picked":["Warcry","Second Wind"],"picked":"Ghostly Armor","floor":28.0},{"not_picked":["Shockwave","Second Wind+1"],"picked":"Seeing Red+1","floor":29.0},{"not_picked":["Iron Wave","Perfected Strike","Shockwave"],"picked":"SKIP","floor":30.0},{"not_picked":["Second Wind+1","Rampage+1","Sever Soul"],"picked":"SKIP","floor":31.0},{"not_picked":["Fiend Fire","Barricade"],"picked":"Impervious","floor":33.0},{"not_picked":["Headbutt","Thunderclap","Sword Boomerang"],"picked":"SKIP","floor":35.0},{"not_picked":["Flex","Pommel Strike","Cleave"],"picked":"SKIP","floor":39.0},{"not_picked":["Flex","Pommel Strike","Cleave"],"picked":"SKIP","floor":39.0},{"not_picked":["Headbutt+1","Shockwave"],"picked":"Feel No Pain","floor":40.0},{"not_picked":["Clothesline","Flex"],"picked":"Brutality","floor":41.0},{"not_picked":["Heavy Blade","Headbutt"],"picked":"Intimidate+1","floor":46.0}],"player_experience":3560243,"relics_obtained":[{"floor":9.0,"key":"Blue Candle"},{"floor":19.0,"key":"Anchor"},{"floor":24.0,"key":"Self Forming Clay"},{"floor":26.0,"key":"Mummified Hand"},{"floor":30.0,"key":"Dead Branch"},{"floor":37.0,"key":"Mango"},{"floor":40.0,"key":"Vajra"},{"floor":43.0,"key":"Ancient Tea Set"}],"event_choices":[{"damage_healed":0.0,"max_hp_gain":0.0,"max_hp_loss":0.0,"gold_gain":0.0,"event_name":"Scrap Ooze","player_choice":"Success","floor":4.0,"gold_loss":0.0,"damage_taken":5.0,"relics_obtained":["Kunai"]},{"damage_healed":0.0,"max_hp_gain":0.0,"max_hp_loss":0.0,"gold_gain":0.0,"event_name":"Match and Keep!","player_choice":"3 cards matched","floor":7.0,"gold_loss":0.0,"damage_taken":0.0,"cards_obtained":["Flame Barrier","Exhume","Iron Wave"]},{"damage_healed":0.0,"max_hp_gain":0.0,"max_hp_loss":0.0,"gold_gain":0.0,"event_name":"Upgrade Shrine","player_choice":"Upgraded","floor":11.0,"gold_loss":0.0,"damage_taken":0.0,"cards_upgraded":["Battle Trance"]},{"damage_healed":0.0,"max_hp_gain":0.0,"max_hp_loss":0.0,"gold_gain":0.0,"event_name":"Accursed Blacksmith","player_choice":"Rummage","floor":20.0,"gold_loss":0.0,"damage_taken":0.0,"relics_obtained":["WarpedTongs"],"cards_obtained":["Pain"]},{"damage_healed":0.0,"max_hp_gain":0.0,"max_hp_loss":0.0,"gold_gain":0.0,"event_name":"Nest","player_choice":"Joined the Cult","floor":27.0,"gold_loss":0.0,"damage_taken":6.0,"cards_obtained":["RitualDagger"]},{"cards_removed":["Strike_R"],"damage_healed":0.0,"max_hp_gain":0.0,"max_hp_loss":0.0,"gold_gain":0.0,"event_name":"Falling","player_choice":"Removed Attack","floor":36.0,"gold_loss":0.0,"damage_taken":0.0},{"damage_healed":0.0,"max_hp_gain":0.0,"max_hp_loss":0.0,"gold_gain":0.0,"event_name":"MindBloom","player_choice":"Fight","floor":37.0,"gold_loss":0.0,"damage_taken":0.0},{"damage_healed":0.0,"max_hp_gain":0.0,"max_hp_loss":0.0,"gold_gain":0.0,"event_name":"Tomb of Lord Red Mask","player_choice":"Ignored","floor":38.0,"gold_loss":0.0,"damage_taken":0.0}],"is_beta":true,"boss_relics":[{"not_picked":["Coffee Dripper","Tiny House"],"picked":"Velvet Choker"},{"not_picked":["Philosopher\u0027s Stone","Orrery"],"picked":"Mark of Pain"}],"items_purged_floors":[8,45,48],"is_endless":false,"potions_floor_spawned":[1,2,13,16,18,24,29,30,33,35,37,41],"ascension_level":20}