{"gold_per_floor":[114,114,264,193,209,234,234,250,331,331,331,33,43,59,59,133,133,146,146,163,179,1,32,32,32,32,52,52,69,79,129,129,200,200,216,216,216,8,19,19,35,47,47,47,67,67,84,84,84,84,84],"floor_reached":52,"playtime":16715,"items_purged":["Pain","Doubt","Strike_G"],"score":1748,"play_id":"cbae5923-ff8e-4e7e-8fc7-da7bca265e67","local_time":"20190607105007","is_ascension_mode":true,"campfire_choices":[{"floor":7.0,"key":"REST"},{"data":"Dodge and Roll","floor":10.0,"key":"SMITH"},{"data":"Skewer","floor":15.0,"key":"SMITH"},{"floor":25.0,"key":"REST"},{"data":"Wraith Form v2","floor":28.0,"key":"SMITH"},{"data":"Catalyst","floor":32.0,"key":"SMITH"},{"data":"Ghostly","floor":40.0,"key":"SMITH"},{"data":"Ghostly","floor":44.0,"key":"SMITH"},{"data":"The Bomb","floor":49.0,"key":"SMITH"}],"neow_cost":"TEN_PERCENT_HP_LOSS","seed_source_timestamp":0,"circlet_count":0,"master_deck":["AscendersBane","Defend_G","Defend_G","Defend_G","Defend_G","Defend_G","Strike_G","Strike_G","Strike_G","Survivor","Neutralize+1","Sucker Punch","Dodge and Roll+1","Catalyst+1","Dagger Throw","Deadly Poison","Skewer+1","Wraith Form v2+1","Cloak And Dagger","Ghostly+1","Ghostly","Ghostly+1","Backstab","Leg Sweep","Backstab","PiercingWail","Skewer","Doppelganger","Well Laid Plans","Crippling Poison+1","Adrenaline","Decay","The Bomb","The Bomb+1"],"special_seed":0,"relics":["Ring of the Snake","Pocketwatch","Ancient Tea Set","Pantograph","Ninja Scroll","WarpedTongs","Chemical X","WristBlade","Question Card","Singing Bowl","Cursed Key","Shuriken"],"potions_floor_usage":[51,51],"damage_taken":[{"damage":3.0,"enemies":"Small Slimes","floor":1.0,"turns":4.0},{"damage":0.0,"enemies":"2 Louse","floor":5.0,"turns":3.0},{"damage":42.0,"enemies":"Gremlin Nob","floor":6.0,"turns":6.0},{"damage":0.0,"enemies":"Cultist","floor":8.0,"turns":4.0},{"damage":0.0,"enemies":"2 Fungi Beasts","floor":13.0,"turns":3.0},{"damage":0.0,"enemies":"Exordium Thugs","floor":14.0,"turns":3.0},{"damage":0.0,"enemies":"The Guardian","floor":16.0,"turns":8.0},{"damage":4.0,"enemies":"2 Thieves","floor":18.0,"turns":4.0},{"damage":0.0,"enemies":"Spheric Guardian","floor":20.0,"turns":1.0},{"damage":3.0,"enemies":"Cultist and Chosen","floor":21.0,"turns":6.0},{"damage":26.0,"enemies":"Book of Stabbing","floor":23.0,"turns":8.0},{"damage":0.0,"enemies":"Centurion and Healer","floor":27.0,"turns":5.0},{"damage":2.0,"enemies":"3 Cultists","floor":29.0,"turns":7.0},{"damage":0.0,"enemies":"Chosen and Byrds","floor":30.0,"turns":3.0},{"damage":32.0,"enemies":"Champ","floor":33.0,"turns":13.0},{"damage":9.0,"enemies":"3 Shapes","floor":35.0,"turns":6.0},{"damage":2.0,"enemies":"3 Darklings","floor":39.0,"turns":6.0},{"damage":1.0,"enemies":"Sphere and 2 Shapes","floor":41.0,"turns":5.0},{"damage":16.0,"enemies":"Spire Growth","floor":42.0,"turns":5.0},{"damage":3.0,"enemies":"4 Shapes","floor":45.0,"turns":5.0},{"damage":0.0,"enemies":"Jaw Worm Horde","floor":47.0,"turns":4.0},{"damage":37.0,"enemies":"Awakened One","floor":50.0,"turns":20.0},{"damage":26,"enemies":"Time Eater","floor":51,"turns":12}],"seed_played":"6436225035572122585","potions_obtained":[{"floor":1.0,"key":"SteroidPotion"},{"floor":5.0,"key":"LiquidBronze"},{"floor":23.0,"key":"Regen Potion"},{"floor":39.0,"key":"Regen Potion"},{"floor":41.0,"key":"Dexterity Potion"},{"floor":42.0,"key":"Poison Potion"}],"is_trial":false,"path_per_floor":["M","?","?","?","M","E","R","M","T","R","?","$","M","M","R","B",null,"M","?","M","M","$","E","?","R","T","M","R","M","M","?","R","B",null,"M","?","?","$","M","R","M","M","T","R","M","$","M","?","R","B","B",null],"character_chosen":"THE_SILENT","items_purchased":["Chemical X","Backstab","Well Laid Plans"],"campfire_rested":2,"item_purchase_floors":[12,22,38],"current_hp_per_floor":[56,56,56,56,56,14,32,32,32,32,32,32,32,32,32,57,59,55,30,30,27,27,1,1,10,10,12,12,10,12,12,12,16,30,23,23,23,23,21,21,22,21,21,21,20,20,22,17,17,3,2],"gold":84,"neow_bonus":"ONE_RARE_RELIC","is_prod":false,"is_daily":false,"chose_seed":false,"campfire_upgraded":7,"win_rate":0,"timestamp":1559919007,"path_taken":["M","?","?","?","M","E","R","?","T","R","?","$","?","M","R","BOSS","M","?","M","M","$","E","?","R","T","M","R","M","M","?","R","BOSS","M","?","?","?","M","R","M","M","T","R","M","$","?","?","R","BOSS","BOSS"],"build_version":"2019-01-23","purchased_purges":3,"victory":true,"max_hp_per_floor":[60,60,60,60,60,60,60,60,60,60,60,60,60,60,60,60,60,60,30,30,30,30,30,30,30,30,32,32,32,34,34,34,34,34,36,36,34,34,34,34,36,36,36,36,38,38,40,40,40,40,40],"card_choices":[{"not_picked":["Heel Hook","Underhanded Strike"],"picked":"Sucker Punch","floor":1.0},{"not_picked":["Slice","Prepared"],"picked":"Dodge and Roll","floor":5.0},{"not_picked":["Calculated Gamble","Expertise"],"picked":"Catalyst","floor":6.0},{"not_picked":["Bane","Eviscerate"],"picked":"Dagger Throw","floor":8.0},{"not_picked":["Sucker Punch","Dodge and Roll"],"picked":"Deadly Poison","floor":13.0},{"not_picked":["Well Laid Plans","Dagger Throw"],"picked":"Skewer","floor":14.0},{"not_picked":["Glass Knife","Storm of Steel"],"picked":"Wraith Form v2","floor":16.0},{"not_picked":["Catalyst","Poisoned Stab"],"picked":"Cloak And Dagger","floor":18.0},{"not_picked":["Concentrate","Quick Slash"],"picked":"Backstab","floor":20.0},{"not_picked":["Poisoned Stab","Eviscerate"],"picked":"Leg Sweep","floor":21.0},{"not_picked":["Infinite Blades","Predator"],"picked":"PiercingWail","floor":23.0},{"not_picked":["Slice","PiercingWail","Outmaneuver","Poisoned Stab"],"picked":"Singing Bowl","floor":27.0},{"not_picked":["Outmaneuver","Deflect","Tactician+1"],"picked":"Skewer","floor":29.0},{"not_picked":["Poisoned Stab","Slice","Prepared","Dagger Spray+1"],"picked":"Singing Bowl","floor":30.0},{"not_picked":["Phantasmal Killer","Glass Knife","Night Terror"],"picked":"Doppelganger","floor":33.0},{"not_picked":["Dagger Throw","Underhanded Strike+1","Outmaneuver","Infinite Blades"],"picked":"Singing Bowl","floor":35.0},{"not_picked":["Flechettes","Cloak And Dagger","Dagger Spray"],"picked":"Crippling Poison+1","floor":39.0},{"not_picked":["Flechettes","Flying Knee","Deadly Poison","Heel Hook"],"picked":"Singing Bowl","floor":41.0},{"not_picked":["Dagger Spray","Poisoned Stab","Choke+1"],"picked":"Adrenaline","floor":42.0},{"not_picked":["Dodge and Roll","Dagger Spray","All Out Attack","Accuracy"],"picked":"Singing Bowl","floor":45.0},{"not_picked":["Flying Knee","Bane","Backstab","Slice"],"picked":"Singing Bowl","floor":47.0},{"not_picked":["Blind","Finesse","Secret Technique"],"picked":"The Bomb","floor":48.0},{"not_picked":["Sadistic Nature","Jack Of All Trades","Deep Breath"],"picked":"The Bomb","floor":48.0}],"player_experience":598408,"relics_obtained":[{"floor":6.0,"key":"Pantograph"},{"floor":9.0,"key":"Ninja Scroll"},{"floor":23.0,"key":"Question Card"},{"floor":26.0,"key":"Singing Bowl"},{"floor":43.0,"key":"Shuriken"}],"event_choices":[{"damage_healed":0.0,"max_hp_gain":0.0,"max_hp_loss":0.0,"gold_gain":0.0,"event_name":"Living Wall","player_choice":"Grow","floor":2.0,"gold_loss":0.0,"damage_taken":0.0,"cards_upgraded":["Neutralize"]},{"damage_healed":0.0,"max_hp_gain":0.0,"max_hp_loss":0.0,"gold_gain":150.0,"event_name":"Liars Game","player_choice":"AGREE","floor":3.0,"gold_loss":0.0,"damage_taken":0.0,"cards_obtained":["Doubt"]},{"damage_healed":0.0,"max_hp_gain":0.0,"max_hp_loss":0.0,"gold_gain":0.0,"event_name":"WeMeetAgain","player_choice":"Paid Gold","floor":4.0,"gold_loss":71.0,"damage_taken":0.0,"relics_obtained":["Ancient Tea Set"]},{"damage_healed":0.0,"max_hp_gain":0.0,"max_hp_loss":0.0,"gold_gain":0.0,"event_name":"Accursed Blacksmith","player_choice":"Rummage","floor":11.0,"gold_loss":0.0,"damage_taken":0.0,"relics_obtained":["WarpedTongs"],"cards_obtained":["Pain"]},{"damage_healed":0.0,"max_hp_gain":0.0,"max_hp_loss":30.0,"gold_gain":0.0,"event_name":"Ghosts","player_choice":"Became a Ghost","floor":19.0,"gold_loss":0.0,"damage_taken":0.0,"cards_obtained":["Ghostly","Ghostly","Ghostly"]},{"damage_healed":0.0,"max_hp_gain":0.0,"max_hp_loss":0.0,"gold_gain":0.0,"event_name":"Beggar","player_choice":"Ignored","floor":24.0,"gold_loss":0.0,"damage_taken":0.0},{"damage_healed":0.0,"max_hp_gain":0.0,"max_hp_loss":0.0,"gold_gain":50.0,"event_name":"Nest","player_choice":"Stole From Cult","floor":31.0,"gold_loss":0.0,"damage_taken":0.0},{"cards_removed":["Strike_G"],"damage_healed":0.0,"max_hp_gain":0.0,"max_hp_loss":0.0,"gold_gain":0.0,"event_name":"Falling","player_choice":"Removed Attack","floor":36.0,"gold_loss":0.0,"damage_taken":0.0},{"damage_healed":0.0,"max_hp_gain":0.0,"max_hp_loss":2.0,"gold_gain":0.0,"event_name":"Winding Halls","player_choice":"Max HP","floor":37.0,"gold_loss":0.0,"damage_taken":0.0},{"damage_healed":0.0,"max_hp_gain":0.0,"max_hp_loss":0.0,"gold_gain":0.0,"event_name":"SensoryStone","player_choice":"Memory 2","floor":48.0,"gold_loss":0.0,"damage_taken":5.0}],"is_beta":false,"boss_relics":[{"not_picked":["HoveringKite","Calling Bell"],"picked":"WristBlade"},{"not_picked":["Empty Cage","Black Star"],"picked":"Cursed Key"}],"items_purged_floors":[12,22,38],"is_endless":false,"potions_floor_spawned":[1,5,23,27,29,30,39,41,42],"ascension_level":20}