{"gold_per_floor":[117,292,309,44,44,73,73,108,165,165,184,212,212,231,231,302,302,319,319,346,371,391,391,416,442,468,468,468,468,484,496,496,496],"floor_reached":33,"playtime":1760,"items_purged":["Doubt"],"score":545,"play_id":"e384a5a7-d984-4daf-9997-a66705927e22","local_time":"20190405202157","is_ascension_mode":true,"campfire_choices":[{"data":"Noxious Fumes","floor":7,"key":"SMITH"},{"floor":10,"key":"REST"},{"data":"Leg Sweep","floor":15,"key":"SMITH"},{"floor":23,"key":"REST"},{"data":"Malaise","floor":27,"key":"SMITH"},{"data":"Concentrate","floor":29,"key":"SMITH"},{"floor":32,"key":"REST"}],"neow_cost":"NONE","seed_source_timestamp":15460876530446,"circlet_count":0,"master_deck":["AscendersBane","Defend_G+1","Defend_G","Defend_G","Defend_G","Defend_G","Strike_G","Strike_G","Strike_G+1","Strike_G","Survivor","Neutralize","Leg Sweep+1","Predator","Noxious Fumes+1","Poisoned Stab","Die Die Die","Quick Slash","Dodge and Roll","Malaise+1","Concentrate+1","PiercingWail","Calculated Gamble+1","Dagger Throw","Ghostly","Ghostly","Ghostly","Ghostly","Ghostly","Riddle With Holes"],"relics":["Ring of the Snake","NeowsBlessing","Sling","Regal Pillow","Turnip","Tiny Chest","Bag of Preparation","Busted Crown","Blood Vial","Red Mask","Boot","Gremlin Horn","Juzu Bracelet"],"potions_floor_usage":[8,12,21,21,25,25],"damage_taken":[{"damage":0,"enemies":"Jaw Worm","floor":1,"turns":1},{"damage":0,"enemies":"2 Louse","floor":3,"turns":2},{"damage":0,"enemies":"3 Sentries","floor":6,"turns":1},{"damage":26,"enemies":"Gremlin Nob","floor":8,"turns":5},{"damage":1,"enemies":"Cultist","floor":11,"turns":3},{"damage":19,"enemies":"Lagavulin","floor":12,"turns":5},{"damage":0,"enemies":"3 Louse","floor":14,"turns":1},{"damage":2,"enemies":"Hexaghost","floor":16,"turns":11},{"damage":17,"enemies":"3 Byrds","floor":18,"turns":4},{"damage":0,"enemies":"Masked Bandits","floor":21,"turns":4},{"damage":17,"enemies":"2 Thieves","floor":22,"turns":4},{"damage":3,"enemies":"Gremlin Leader","floor":25,"turns":9},{"damage":2,"enemies":"Centurion and Healer","floor":30,"turns":9},{"damage":28,"enemies":"3 Cultists","floor":31,"turns":7},{"damage":31,"enemies":"Collector","floor":33,"turns":10}],"seed_played":"2664799403102741699","potions_obtained":[{"floor":6,"key":"SpeedPotion"},{"floor":8,"key":"Strength Potion"},{"floor":14,"key":"SteroidPotion"},{"floor":18,"key":"SteroidPotion"},{"floor":21,"key":"Strength Potion"},{"floor":22,"key":"AttackPotion"},{"floor":31,"key":"Dexterity Potion"}],"is_trial":false,"path_per_floor":["M","?","M","$","?","E","R","E","T","R","M","E","?","M","R","B",null,"M","?","T","?","M","R","T","E","T","R","?","R","M","M","R","B"],"character_chosen":"THE_SILENT","items_purchased":["Sling"],"campfire_rested":3,"item_purchase_floors":[4],"current_hp_per_floor":[59,59,59,59,46,46,46,20,20,54,53,34,34,34,34,32,58,41,41,41,43,28,62,62,61,61,61,33,33,31,5,29,0],"gold":496,"neow_bonus":"THREE_ENEMY_KILL","is_prod":false,"is_daily":false,"chose_seed":false,"campfire_upgraded":4,"win_rate":0,"timestamp":1554488517,"path_taken":["M","?","M","$","?","E","R","E","T","R","M","E","?","?","R","BOSS","M","?","?","?","M","R","?","E","T","R","?","R","M","M","R","BOSS"],"build_version":"2019-04-04","purchased_purges":1,"victory":false,"max_hp_per_floor":[66,66,66,66,66,66,66,66,66,66,66,66,66,66,66,66,66,66,66,66,66,66,66,66,66,66,66,33,33,33,33,33,33],"card_choices":[{"not_picked":["Cloak And Dagger","Blade Dance"],"picked":"Leg Sweep","floor":1},{"not_picked":["Blur","Underhanded Strike"],"picked":"Predator","floor":3},{"not_picked":["Bane","Blade Dance"],"picked":"Noxious Fumes","floor":6},{"not_picked":["Outmaneuver","Bouncing Flask"],"picked":"Poisoned Stab","floor":8},{"not_picked":["Dodge and Roll","Bane"],"picked":"Die Die Die","floor":11},{"not_picked":["Acrobatics","Envenom"],"picked":"Quick Slash","floor":12},{"not_picked":["Cloak And Dagger","Acrobatics"],"picked":"Dodge and Roll","floor":14},{"not_picked":["Tools of the Trade","Grand Finale"],"picked":"Malaise","floor":16},{"not_picked":[],"picked":"Concentrate","floor":18},{"not_picked":[],"picked":"Calculated Gamble+1","floor":22},{"not_picked":[],"picked":"Dagger Throw","floor":25},{"not_picked":["PiercingWail"],"picked":"SKIP","floor":30},{"not_picked":[],"picked":"Riddle With Holes","floor":31}],"player_experience":454385,"relics_obtained":[{"floor":6,"key":"Regal Pillow"},{"floor":8,"key":"Turnip"},{"floor":9,"key":"Tiny Chest"},{"floor":12,"key":"Bag of Preparation"},{"floor":20,"key":"Blood Vial"},{"floor":21,"key":"Red Mask"},{"floor":24,"key":"Boot"},{"floor":25,"key":"Gremlin Horn"},{"floor":26,"key":"Juzu Bracelet"}],"event_choices":[{"damage_healed":0,"gold_gain":175,"player_choice":"AGREE","damage_taken":0,"max_hp_gain":0,"max_hp_loss":0,"event_name":"Liars Game","floor":2,"gold_loss":0,"cards_obtained":["Doubt"]},{"damage_healed":0,"gold_gain":0,"player_choice":"Entered Light","damage_taken":13,"max_hp_gain":0,"max_hp_loss":0,"event_name":"Shining Light","floor":5,"gold_loss":0,"cards_upgraded":["Strike_G","Defend_G"]},{"cards_removed":["Strike_G"],"damage_healed":0,"gold_gain":0,"player_choice":"Offered Basic","damage_taken":0,"max_hp_gain":0,"max_hp_loss":0,"event_name":"Bonfire Elementals","floor":13,"gold_loss":0},{"damage_healed":0,"gold_gain":0,"player_choice":"Read","damage_taken":0,"max_hp_gain":0,"max_hp_loss":0,"event_name":"The Library","floor":19,"gold_loss":0,"cards_obtained":["PiercingWail"]},{"damage_healed":0,"gold_gain":0,"player_choice":"Fought Bandits","damage_taken":0,"max_hp_gain":0,"max_hp_loss":0,"event_name":"Masked Bandits","floor":21,"gold_loss":0},{"damage_healed":0,"gold_gain":0,"player_choice":"Became a Ghost","damage_taken":0,"max_hp_gain":0,"max_hp_loss":33,"event_name":"Ghosts","floor":28,"gold_loss":0,"cards_obtained":["Ghostly","Ghostly","Ghostly","Ghostly","Ghostly"]}],"is_beta":true,"boss_relics":[{"not_picked":["Black Star","HoveringKite"],"picked":"Busted Crown"}],"items_purged_floors":[4],"is_endless":false,"potions_floor_spawned":[6,8,14,18,21,22,31],"killed_by":"Collector","ascension_level":14}