{"gold_per_floor":[116,129,145,157,157,191,191,225,248,260,286,309,321,350,362,447,459,484,496,508,520,532,575,587,632,644,656,376,389,414,47,47,47],"floor_reached":33,"playtime":1623,"items_purged":["Strike_R+1","Strike_R+1"],"score":626,"play_id":"8b780d96-d0dc-46a9-a9b0-575198d84ce3","local_time":"20190112002511","is_ascension_mode":true,"campfire_choices":[{"data":"Spot Weakness","floor":7.0,"key":"SMITH"},{"floor":10,"key":"REST"},{"data":"Intimidate","floor":13,"key":"SMITH"},{"data":"Battle Trance","floor":15,"key":"SMITH"},{"floor":24,"key":"REST"},{"data":"Secret Technique","floor":32,"key":"SMITH"}],"neow_cost":"NONE","seed_source_timestamp":0,"circlet_count":0,"master_deck":["AscendersBane","Strike_R+1","Strike_R+1","Strike_R+1","Defend_R+1","Defend_R+1","Defend_R+1","Defend_R+1","Bash+1","Iron Wave","Anger","Intimidate+1","Spot Weakness+1","Sword Boomerang","Metallicize","Battle Trance+1","Reaper","Clothesline","J.A.X.","Reaper","Reaper","Evolve","Secret Technique+1","Headbutt","Feed"],"special_seed":0,"relics":["Burning Blood","Gambling Chip","Orichalcum","MawBank","Mark of Pain","Lantern","Juzu Bracelet","Charon\u0027s Ashes","Sundial","Kunai"],"potions_floor_usage":[23,33],"damage_taken":[{"damage":7.0,"enemies":"Cultist","floor":1.0,"turns":4.0},{"damage":4.0,"enemies":"Jaw Worm","floor":2.0,"turns":5.0},{"damage":4.0,"enemies":"Small Slimes","floor":3.0,"turns":4.0},{"damage":10.0,"enemies":"3 Louse","floor":4.0,"turns":5.0},{"damage":15.0,"enemies":"Gremlin Nob","floor":6.0,"turns":4.0},{"damage":47.0,"enemies":"Lagavulin","floor":8.0,"turns":6.0},{"damage":4,"enemies":"Large Slime","floor":11,"turns":5},{"damage":6,"enemies":"2 Fungi Beasts","floor":12,"turns":3},{"damage":3,"enemies":"Blue Slaver","floor":14,"turns":4},{"damage":23,"enemies":"Hexaghost","floor":16,"turns":9},{"damage":15,"enemies":"2 Thieves","floor":18,"turns":4},{"damage":37,"enemies":"Book of Stabbing","floor":23,"turns":5},{"damage":22,"enemies":"Gremlin Leader","floor":25,"turns":6},{"damage":6,"enemies":"Chosen","floor":29,"turns":3},{"damage":33,"enemies":"Book of Stabbing","floor":30,"turns":4},{"damage":126,"enemies":"Collector","floor":33,"turns":9}],"seed_played":"-4665688201928504533","potions_obtained":[{"floor":3.0,"key":"Block Potion"},{"floor":4.0,"key":"Poison Potion"},{"floor":8,"key":"SkillPotion"},{"floor":14,"key":"Explosive Potion"},{"floor":25,"key":"SteroidPotion"}],"is_trial":false,"path_per_floor":["M","M","M","M","?","E","R","E","T","R","M","M","R","M","R","B",null,"M","?","?","?","?","E","R","E","T","?","$","M","E","$","R","B"],"character_chosen":"IRONCLAD","items_purchased":["Secret Technique","Kunai"],"campfire_rested":2,"item_purchase_floors":[28,31],"current_hp_per_floor":[67,69,71,67,67,58,58,17,17,39,41,41,41,44,44,27,63,62,62,62,41,41,28,52,77,77,77,77,80,63,63,63,0],"gold":47,"neow_bonus":"UPGRADE_CARD","is_prod":false,"is_daily":false,"chose_seed":false,"campfire_upgraded":4,"win_rate":0,"timestamp":1547281511,"path_taken":["M","M","?","M","?","E","R","E","T","R","M","M","R","M","R","BOSS","M","?","?","?","?","E","R","E","T","?","$","M","E","$","R","BOSS"],"build_version":"2019-01-10","purchased_purges":2,"victory":false,"max_hp_per_floor":[75,75,75,75,75,75,75,75,75,75,75,75,75,75,75,75,75,75,75,75,80,80,80,80,80,80,80,80,80,80,80,80,80],"card_choices":[{"not_picked":["Clash","Heavy Blade"],"picked":"Iron Wave","floor":1.0},{"not_picked":["Sword Boomerang","Pommel Strike"],"picked":"Anger","floor":2.0},{"not_picked":["Heavy Blade","Thunderclap"],"picked":"Intimidate","floor":3.0},{"not_picked":["Berserk","Corruption"],"picked":"Spot Weakness","floor":4.0},{"not_picked":["Sword Boomerang","Second Wind","Corruption"],"picked":"SKIP","floor":6.0},{"not_picked":["Warcry","Twin Strike"],"picked":"Sword Boomerang","floor":8},{"not_picked":["Searing Blow","Seeing Red","Body Slam"],"picked":"SKIP","floor":11},{"not_picked":["Shrug It Off","Anger"],"picked":"Metallicize","floor":12},{"not_picked":["Headbutt","Twin Strike"],"picked":"Battle Trance","floor":14},{"not_picked":["Double Tap","Brutality"],"picked":"Reaper","floor":16},{"not_picked":["Armaments","Heavy Blade"],"picked":"Clothesline","floor":18},{"not_picked":["Shrug It Off","Flame Barrier+1"],"picked":"Reaper","floor":23},{"not_picked":["Exhume","Double Tap"],"picked":"Reaper","floor":25},{"not_picked":["Perfected Strike","Twin Strike"],"picked":"Headbutt","floor":29},{"not_picked":["Perfected Strike","Havoc"],"picked":"Feed","floor":30}],"player_experience":1162841,"relics_obtained":[{"floor":6.0,"key":"Gambling Chip"},{"floor":8,"key":"Orichalcum"},{"floor":9,"key":"MawBank"},{"floor":23,"key":"Lantern"},{"floor":25,"key":"Juzu Bracelet"},{"floor":26,"key":"Charon\u0027s Ashes"},{"floor":30,"key":"Sundial"}],"event_choices":[{"damage_healed":0.0,"max_hp_gain":0.0,"max_hp_loss":0.0,"gold_gain":0.0,"event_name":"Liars Game","player_choice":"Ignored","floor":5.0,"gold_loss":0.0,"damage_taken":0.0},{"damage_healed":0,"gold_gain":0,"player_choice":"Obtain J.A.X.","damage_taken":0,"max_hp_gain":0,"max_hp_loss":0,"event_name":"Drug Dealer","floor":19,"gold_loss":0,"cards_obtained":["J.A.X."]},{"damage_healed":0,"gold_gain":0,"player_choice":"Simplicity","damage_taken":0,"max_hp_gain":0,"max_hp_loss":0,"event_name":"Back to Basics","floor":20,"gold_loss":0,"cards_upgraded":["Strike_R","Strike_R","Strike_R","Strike_R","Strike_R","Defend_R","Defend_R","Defend_R","Defend_R"]},{"damage_healed":0,"gold_gain":0,"player_choice":"Shed Blood","damage_taken":26,"max_hp_gain":5,"max_hp_loss":0,"event_name":"Forgotten Altar","floor":21,"gold_loss":0},{"damage_healed":0,"gold_gain":0,"player_choice":"Ignored","damage_taken":0,"max_hp_gain":0,"max_hp_loss":0,"event_name":"Ghosts","floor":22,"gold_loss":0},{"damage_healed":0,"gold_gain":0,"player_choice":"Read","damage_taken":0,"max_hp_gain":0,"max_hp_loss":0,"event_name":"The Library","floor":27,"gold_loss":0,"cards_obtained":["Evolve"]}],"is_beta":true,"boss_relics":[{"not_picked":["Black Blood","Fusion Hammer"],"picked":"Mark of Pain"}],"items_purged_floors":[28,31],"is_endless":false,"potions_floor_spawned":[3,4,8,14,25,29],"killed_by":"Collector","ascension_level":20}