{"gold_per_floor":[111,123,123,123,123,123,143,183,253,253,253,253,274,294,294,419,419,443,467,481,7,62,62,78,78,78,99,119,19,50,62],"floor_reached":31,"playtime":1509,"items_purged":["Strike_B","Strike_B"],"score":307,"play_id":"d55798df-f689-4471-b517-787e953ab16c","local_time":"20181106215759","is_ascension_mode":false,"campfire_choices":[{"floor":6,"key":"REST"},{"floor":10,"key":"REST"},{"data":"Biased Cognition","floor":12,"key":"SMITH"},{"floor":15,"key":"REST"},{"floor":23,"key":"REST"},{"floor":25,"key":"REST"}],"neow_cost":"NONE","seed_source_timestamp":395769485989660,"circlet_count":0,"master_deck":["Strike_B+1","Defend_B","Defend_B","Defend_B","Defend_B","Zap","Dualcast+1","Cold Snap","Doom and Gloom+1","Hologram","Chaos","Go for the Eyes","Biased Cognition+1","Skim","Redo","Conserve Battery","Electrodynamics","Heatsinks+1","Hologram","Genetic Algorithm+1","Defragment","Undo","White Noise+1","Redo+1","Double Energy","Capacitor"],"relics":["Cracked Core","NeowsBlessing","Golden Idol","Dream Catcher","Dodecahedron","Black Star","ClockworkSouvenir","Tiny Chest","Whetstone","Gremlin Horn","MawBank","Boot"],"potions_floor_usage":[16,16,16,30,30],"damage_taken":[{"damage":0,"enemies":"Small Slimes","floor":1,"turns":1},{"damage":0,"enemies":"Jaw Worm","floor":2,"turns":1},{"damage":0,"enemies":"Cultist","floor":7,"turns":1},{"damage":30,"enemies":"Gremlin Nob","floor":8,"turns":5},{"damage":0,"enemies":"Large Slime","floor":13,"turns":4},{"damage":6,"enemies":"Red Slaver","floor":14,"turns":3},{"damage":0,"enemies":"Slime Boss","floor":16,"turns":5},{"damage":5,"enemies":"Chosen","floor":18,"turns":4},{"damage":14,"enemies":"Shell Parasite","floor":19,"turns":5},{"damage":11,"enemies":"Centurion and Healer","floor":20,"turns":6},{"damage":22,"enemies":"Shelled Parasite and Fungi","floor":24,"turns":5},{"damage":16,"enemies":"3 Cultists","floor":27,"turns":6},{"damage":4,"enemies":"Cultist and Chosen","floor":28,"turns":4},{"damage":35,"enemies":"Slavers","floor":30,"turns":4},{"damage":13,"enemies":"Snake Plant","floor":31,"turns":1}],"seed_played":"3857096497900465176","potions_obtained":[{"floor":1,"key":"Poison Potion"},{"floor":8,"key":"FearPotion"},{"floor":14,"key":"PowerPotion"},{"floor":24,"key":"SteroidPotion"},{"floor":27,"key":"SteroidPotion"},{"floor":30,"key":"Explosive Potion"}],"is_trial":false,"path_per_floor":["M","M","?","?","?","R","M","E","T","R","?","R","M","M","R","B",null,"M","M","M","$","T","R","M","R","T","M","M","$","E","M"],"character_chosen":"DEFECT","items_purchased":["ClockworkSouvenir","Tiny Chest","Defragment"],"campfire_rested":5,"item_purchase_floors":[21,21,21],"current_hp_per_floor":[75,75,68,50,50,72,72,42,42,64,64,64,64,58,75,75,75,70,56,45,45,45,67,45,67,67,51,47,47,12,0],"gold":62,"neow_bonus":"THREE_ENEMY_KILL","is_prod":false,"is_daily":false,"chose_seed":false,"campfire_upgraded":1,"win_rate":0.0,"timestamp":1541537879,"path_taken":["M","M","?","?","?","R","?","E","T","R","?","R","?","M","R","BOSS","M","M","M","$","?","R","M","R","T","M","M","$","E","M"],"build_version":"2018-11-05","purchased_purges":2,"victory":false,"max_hp_per_floor":[75,75,75,75,75,75,75,75,75,75,75,75,75,75,75,75,75,75,75,75,75,75,75,75,75,75,75,75,75,75,75],"card_choices":[{"not_picked":["Blizzard","Go for the Eyes"],"picked":"Cold Snap","floor":1},{"not_picked":["Steam","Undo"],"picked":"Doom and Gloom","floor":2},{"not_picked":["Cold Snap","Force Field"],"picked":"Hologram","floor":7},{"not_picked":["Loop","Force Field"],"picked":"Chaos","floor":8},{"not_picked":["Glacier","Loop"],"picked":"Go for the Eyes","floor":10},{"not_picked":["Compile Driver","Steam"],"picked":"Skim","floor":13},{"not_picked":["Amplify","Gash"],"picked":"Redo","floor":14},{"not_picked":["Compile Driver","Heatsinks"],"picked":"Conserve Battery","floor":15},{"not_picked":["Machine Learning","All For One"],"picked":"Electrodynamics","floor":16},{"not_picked":["Barrage","Rebound"],"picked":"Heatsinks+1","floor":18},{"not_picked":["Aggregate","Barrage"],"picked":"Hologram","floor":19},{"not_picked":["Consume","Darkness"],"picked":"Genetic Algorithm+1","floor":20},{"not_picked":["Coolheaded","Barrage"],"picked":"Undo","floor":24},{"not_picked":["Streamline+1","Coolheaded"],"picked":"White Noise+1","floor":25},{"not_picked":["Glacier","Beam Cell"],"picked":"Redo+1","floor":27},{"not_picked":["Multi-Cast","BootSequence+1"],"picked":"Double Energy","floor":28},{"not_picked":["Conserve Battery","Rebound+1"],"picked":"Capacitor","floor":30}],"player_experience":28874,"relics_obtained":[{"floor":8,"key":"Dream Catcher"},{"floor":9,"key":"Dodecahedron"},{"floor":22,"key":"Whetstone"},{"floor":26,"key":"Gremlin Horn"},{"floor":30,"key":"MawBank"},{"floor":30,"key":"Boot"}],"event_choices":[{"cards_removed":["Strike_B"],"damage_healed":0,"gold_gain":0,"player_choice":"Card Removal","damage_taken":7,"max_hp_gain":0,"max_hp_loss":0,"event_name":"Golden Wing","floor":3,"gold_loss":0},{"damage_healed":0,"gold_gain":0,"player_choice":"Take Damage","damage_taken":18,"relics_obtained":["Golden Idol"],"max_hp_gain":0,"max_hp_loss":0,"event_name":"Golden Idol","floor":4,"gold_loss":0},{"damage_healed":0,"gold_gain":0,"player_choice":"Forge","damage_taken":0,"max_hp_gain":0,"max_hp_loss":0,"event_name":"Accursed Blacksmith","floor":5,"gold_loss":0,"cards_upgraded":["Dualcast"]},{"damage_healed":0,"gold_gain":0,"player_choice":"1 cards matched","damage_taken":0,"max_hp_gain":0,"max_hp_loss":0,"event_name":"Match and Keep!","floor":11,"gold_loss":0,"cards_obtained":["Biased Cognition"]}],"is_beta":true,"boss_relics":[{"not_picked":["Empty Cage","Runic Pyramid"],"picked":"Black Star"}],"items_purged_floors":[21,29],"is_endless":false,"potions_floor_spawned":[1,8,14,24,27,30],"killed_by":"Snake Plant","ascension_level":0}