{"gold_per_floor":[119,138,63,83,25,58,58,93,93,93,110,110,140,157,157,235,235,254,265,190,202,219,219,236,236,236,236,262,187,187,217,229,315,327,351,373,151,171,186,186,212,212,212,212,231,231,249,267,267,267],"floor_reached":51,"playtime":4077,"items_purged":["Strike_R","Strike_R"],"score":1275,"play_id":"a9f553af-4669-486b-be04-7736f99b9ea8","local_time":"20190314030459","is_ascension_mode":true,"campfire_choices":[{"data":"Bash","floor":7.0,"key":"SMITH"},{"floor":10.0,"key":"REST"},{"floor":15.0,"key":"REST"},{"data":"Limit Break","floor":23.0,"key":"SMITH"},{"floor":25.0,"key":"REST"},{"floor":27.0,"key":"REST"},{"floor":32.0,"key":"REST"},{"data":"Armaments","floor":40.0,"key":"SMITH"},{"data":"Heavy Blade","floor":44.0,"key":"SMITH"},{"data":"Shockwave","floor":46.0,"key":"SMITH"},{"data":"Shrug It Off","floor":49.0,"key":"SMITH"}],"neow_cost":"NONE","seed_source_timestamp":0,"circlet_count":0,"master_deck":["AscendersBane","Strike_R","Defend_R","Defend_R","Defend_R","Defend_R","Bash+1","Impervious","Disarm","Pummel","Shrug It Off+1","Thunderclap","Anger","Shrug It Off","Battle Trance","Limit Break+1","Iron Wave","Armaments+1","Metallicize","Flex","Inflame+1","Shockwave+1","Fiend Fire","Flame Barrier+1","Heavy Blade+1","Corruption","Sword Boomerang","Parasite","Sentinel","Entrench"],"special_seed":0,"relics":["Burning Blood","PreservedInsect","Ornamental Fan","Mercury Hourglass","Vajra","Sozu","Pantograph","Bronze Scales","CultistMask","MawBank","Velvet Choker","Happy Flower","Letter Opener"],"potions_floor_usage":[],"damage_taken":[{"damage":10.0,"enemies":"Small Slimes","floor":1.0,"turns":4.0},{"damage":3.0,"enemies":"2 Louse","floor":2.0,"turns":5.0},{"damage":10.0,"enemies":"Cultist","floor":4.0,"turns":4.0},{"damage":31.0,"enemies":"Lagavulin","floor":6.0,"turns":9.0},{"damage":22.0,"enemies":"3 Sentries","floor":8.0,"turns":9.0},{"damage":6.0,"enemies":"Large Slime","floor":11.0,"turns":6.0},{"damage":32.0,"enemies":"Gremlin Nob","floor":13.0,"turns":4.0},{"damage":12.0,"enemies":"Exordium Thugs","floor":14.0,"turns":6.0},{"damage":26.0,"enemies":"Hexaghost","floor":16.0,"turns":11.0},{"damage":5.0,"enemies":"Chosen","floor":18.0,"turns":4.0},{"damage":18.0,"enemies":"3 Byrds","floor":19.0,"turns":5.0},{"damage":9.0,"enemies":"Centurion and Healer","floor":21.0,"turns":5.0},{"damage":19.0,"enemies":"Sentry and Sphere","floor":22.0,"turns":8.0},{"damage":32.0,"enemies":"Cultist and Chosen","floor":24.0,"turns":9.0},{"damage":7.0,"enemies":"Gremlin Leader","floor":28.0,"turns":6.0},{"damage":9.0,"enemies":"Book of Stabbing","floor":31.0,"turns":3.0},{"damage":58.0,"enemies":"Automaton","floor":33.0,"turns":9.0},{"damage":0.0,"enemies":"Orb Walker","floor":35.0,"turns":2.0},{"damage":8.0,"enemies":"3 Shapes","floor":36.0,"turns":5.0},{"damage":24.0,"enemies":"Maw","floor":38.0,"turns":7.0},{"damage":0.0,"enemies":"Writhing Mass","floor":39.0,"turns":6.0},{"damage":45.0,"enemies":"Reptomancer","floor":41.0,"turns":4.0},{"damage":21.0,"enemies":"Jaw Worm Horde","floor":45.0,"turns":5.0},{"damage":1.0,"enemies":"4 Shapes","floor":47.0,"turns":7.0},{"damage":24.0,"enemies":"Writhing Mass","floor":48.0,"turns":6.0},{"damage":26,"enemies":"Time Eater","floor":50,"turns":12}],"seed_played":"-222126176114769927","potions_obtained":[{"floor":2.0,"key":"EssenceOfSteel"},{"floor":6.0,"key":"GamblersBrew"},{"floor":14.0,"key":"Weak Potion"}],"is_trial":false,"path_per_floor":["M","M","?","M","$","E","R","E","T","R","M","?","E","M","R","B",null,"M","M","$","M","M","R","M","R","T","R","E","?","?","E","R","B",null,"M","M","$","M","M","R","E","?","T","R","M","R","M","M","R","B",null],"character_chosen":"IRONCLAD","items_purchased":["Shrug It Off","Heavy Blade","Corruption"],"campfire_rested":5,"item_purchase_floors":[5,37,37],"current_hp_per_floor":[64,67,67,63,63,38,38,22,22,44,44,44,18,12,34,14,60,61,49,49,46,33,33,7,29,29,51,50,50,50,47,69,23,62,68,66,66,48,54,54,15,61,61,61,46,46,51,33,33,38],"gold":267,"neow_bonus":"ONE_RANDOM_RARE_CARD","is_prod":false,"is_daily":false,"chose_seed":false,"campfire_upgraded":6,"win_rate":0,"timestamp":1552529099,"path_taken":["M","M","?","M","$","E","R","E","T","R","M","?","E","M","R","BOSS","M","M","$","M","M","R","M","R","T","R","E","?","?","E","R","BOSS","M","M","$","M","?","R","E","?","T","R","M","R","M","M","R","BOSS"],"build_version":"2019-02-06","purchased_purges":2,"victory":true,"max_hp_per_floor":[75,75,75,75,75,75,75,75,75,75,75,75,75,75,75,75,75,75,75,75,75,75,75,75,75,75,75,75,75,75,75,75,75,75,75,75,75,75,75,75,75,61,61,61,61,61,61,61,61,61],"card_choices":[{"not_picked":["Thunderclap","Cleave","Warcry"],"picked":"SKIP","floor":1.0},{"not_picked":["Body Slam","Warcry"],"picked":"Disarm","floor":2.0},{"not_picked":["Searing Blow","Second Wind"],"picked":"Pummel","floor":4.0},{"not_picked":["Havoc","Entrench"],"picked":"Thunderclap","floor":6.0},{"not_picked":["Clash","Cleave"],"picked":"Anger","floor":8.0},{"not_picked":["Pommel Strike","Pummel"],"picked":"Shrug It Off","floor":11.0},{"not_picked":["Anger","Double Tap"],"picked":"Battle Trance","floor":13.0},{"not_picked":["Cleave","Thunderclap","Burning Pact"],"picked":"SKIP","floor":14.0},{"not_picked":["Bludgeon","Impervious"],"picked":"Limit Break","floor":16.0},{"not_picked":["Bloodletting","Cleave"],"picked":"Iron Wave","floor":18.0},{"not_picked":["Wild Strike","Pommel Strike"],"picked":"Armaments","floor":19.0},{"not_picked":["Twin Strike","Perfected Strike"],"picked":"Metallicize","floor":21.0},{"not_picked":["Wild Strike+1","Armaments"],"picked":"Flex","floor":22.0},{"not_picked":["Demon Form","Heavy Blade"],"picked":"Inflame+1","floor":24.0},{"not_picked":["Searing Blow+1","Infernal Blade"],"picked":"Shockwave","floor":28.0},{"not_picked":["Twin Strike","Uppercut","Infernal Blade"],"picked":"SKIP","floor":31.0},{"not_picked":["Dark Embrace","Bludgeon"],"picked":"Fiend Fire","floor":33.0},{"not_picked":["Iron Wave","Perfected Strike","Wild Strike"],"picked":"SKIP","floor":35.0},{"not_picked":["Flex+1","Pummel"],"picked":"Flame Barrier+1","floor":36.0},{"not_picked":["Intimidate","Power Through"],"picked":"Sword Boomerang","floor":38.0},{"not_picked":["Rage","Seeing Red"],"picked":"Sentinel","floor":39.0},{"not_picked":["Ghostly Armor","Iron Wave+1","Second Wind"],"picked":"SKIP","floor":41.0},{"not_picked":["Clothesline","Clash","Sentinel"],"picked":"SKIP","floor":45.0},{"not_picked":["Second Wind","Seeing Red+1"],"picked":"Entrench","floor":47.0},{"not_picked":["Flex","Whirlwind","Ghostly Armor"],"picked":"SKIP","floor":48.0}],"player_experience":268128,"relics_obtained":[{"floor":6.0,"key":"PreservedInsect"},{"floor":8.0,"key":"Ornamental Fan"},{"floor":9.0,"key":"Mercury Hourglass"},{"floor":13.0,"key":"Vajra"},{"floor":26.0,"key":"Pantograph"},{"floor":28.0,"key":"Bronze Scales"},{"floor":31.0,"key":"MawBank"},{"floor":41.0,"key":"Happy Flower"},{"floor":43.0,"key":"Letter Opener"}],"event_choices":[{"cards_removed":["Strike_R"],"damage_healed":0.0,"max_hp_gain":0.0,"max_hp_loss":0.0,"gold_gain":0.0,"event_name":"The Cleric","player_choice":"Card Removal","floor":3.0,"gold_loss":75.0,"damage_taken":0.0},{"damage_healed":0.0,"max_hp_gain":0.0,"max_hp_loss":0.0,"gold_gain":0.0,"event_name":"Dead Adventurer","player_choice":"Searched \u00270\u0027 times","floor":12.0,"gold_loss":0.0,"damage_taken":0.0},{"cards_removed":["Strike_R"],"damage_healed":0.0,"max_hp_gain":0.0,"max_hp_loss":0.0,"gold_gain":0.0,"event_name":"Beggar","player_choice":"Gave Gold","floor":29.0,"gold_loss":75.0,"damage_taken":0.0},{"damage_healed":0.0,"max_hp_gain":0.0,"max_hp_loss":0.0,"gold_gain":0.0,"event_name":"FaceTrader","player_choice":"Trade","floor":30.0,"gold_loss":0.0,"damage_taken":0.0,"relics_obtained":["CultistMask"]},{"damage_healed":61.0,"max_hp_gain":0.0,"max_hp_loss":14.0,"gold_gain":0.0,"event_name":"The Moai Head","player_choice":"Heal","floor":42.0,"gold_loss":0.0,"damage_taken":0.0}],"is_beta":true,"boss_relics":[{"not_picked":["Cursed Key","Runic Cube"],"picked":"Sozu"},{"not_picked":["Empty Cage","Tiny House"],"picked":"Velvet Choker"}],"items_purged_floors":[20,37],"is_endless":false,"potions_floor_spawned":[2,6,14,19,21,33,39,45,47,48],"ascension_level":17}