{"gold_per_floor":[109,284,303,303,324,324,359,359,409,424,424,462,462,94,94,222,285,306,324,39,39],"floor_reached":21,"playtime":826,"items_purged":["Doubt","Strike_R"],"score":230,"play_id":"cfbe199c-e229-49e6-a235-2556105f10af","local_time":"20190408174737","is_ascension_mode":true,"campfire_choices":[{"data":"Limit Break","floor":6,"key":"SMITH"},{"data":"Pummel","floor":8,"key":"SMITH"},{"floor":11,"key":"REST"},{"data":"Flex","floor":15,"key":"SMITH"}],"neow_cost":"NONE","seed_source_timestamp":528331317786460,"circlet_count":0,"master_deck":["Strike_R+1","Strike_R","Strike_R","Strike_R","Defend_R","Defend_R","Defend_R","Defend_R","Bash","Limit Break+1","Pummel+1","Heavy Blade","Evolve","Flex+1","Offering","Fiend Fire","Corruption","Pummel","Inflame"],"special_seed":0,"relics":["Burning Blood","Golden Idol","Bronze Scales","Ancient Tea Set","Odd Mushroom","Pantograph","FossilizedHelix","Tiny House","Membership Card"],"potions_floor_usage":[7,7,12,18],"damage_taken":[{"damage":9.0,"enemies":"Jaw Worm","floor":1.0,"turns":6.0},{"damage":0,"enemies":"Small Slimes","floor":3,"turns":3},{"damage":0,"enemies":"2 Louse","floor":5,"turns":2},{"damage":50,"enemies":"Lagavulin","floor":7,"turns":8},{"damage":7,"enemies":"Looter","floor":10,"turns":3},{"damage":12,"enemies":"The Mushroom Lair","floor":12,"turns":4},{"damage":41,"enemies":"The Guardian","floor":16,"turns":9},{"damage":34,"enemies":"2 Thieves","floor":18,"turns":4},{"damage":22,"enemies":"Shell Parasite","floor":19,"turns":4},{"damage":27,"enemies":"Centurion and Healer","floor":21,"turns":2}],"seed_played":"-8716611194007278621","potions_obtained":[{"floor":3,"key":"Explosive Potion"},{"floor":5,"key":"Energy Potion"},{"floor":10,"key":"FearPotion"},{"floor":17,"key":"SneckoOil"},{"floor":19,"key":"Strength Potion"}],"is_trial":false,"path_per_floor":["M","?","M","?","M","R","E","R","T","M","R","?","T","$","R","B",null,"M","M","$","M"],"character_chosen":"IRONCLAD","items_purchased":["FossilizedHelix","Membership Card","Inflame"],"campfire_rested":1,"item_purchase_floors":[14,20,20],"current_hp_per_floor":[69,69,75,55,61,61,17,17,17,16,40,34,34,34,34,24,71,43,27,27,0],"gold":39,"neow_bonus":"ONE_RANDOM_RARE_CARD","is_prod":false,"is_daily":false,"chose_seed":false,"campfire_upgraded":3,"win_rate":0,"timestamp":1554760057,"path_taken":["M","?","M","?","M","R","E","R","T","M","R","?","?","$","R","BOSS","M","M","$","M"],"build_version":"2019-01-23","purchased_purges":2,"victory":false,"max_hp_per_floor":[80,80,80,80,80,80,80,80,80,80,80,80,80,80,80,80,85,85,85,85,85],"card_choices":[{"not_picked":["Thunderclap","Flex"],"picked":"Pummel","floor":1.0},{"not_picked":["Seeing Red","Clothesline"],"picked":"Heavy Blade","floor":3},{"not_picked":["Pommel Strike","Combust"],"picked":"Evolve","floor":5},{"not_picked":["Headbutt","Cleave","Heavy Blade"],"picked":"SKIP","floor":7},{"not_picked":["Clash","Ghostly Armor"],"picked":"Flex","floor":10},{"not_picked":["Flex","Iron Wave"],"picked":"Offering","floor":12},{"not_picked":["Feed","Impervious"],"picked":"Fiend Fire","floor":16},{"not_picked":["Pommel Strike","Perfected Strike"],"picked":"Corruption","floor":17},{"not_picked":["Clash","Pommel Strike"],"picked":"Pummel","floor":18},{"not_picked":["Warcry","Twin Strike","Sword Boomerang"],"picked":"SKIP","floor":19}],"player_experience":513164,"relics_obtained":[{"floor":7,"key":"Bronze Scales"},{"floor":9,"key":"Ancient Tea Set"},{"floor":12,"key":"Odd Mushroom"},{"floor":13,"key":"Pantograph"}],"event_choices":[{"damage_healed":0.0,"max_hp_gain":0.0,"max_hp_loss":0.0,"gold_gain":175.0,"event_name":"Liars Game","player_choice":"AGREE","floor":2.0,"gold_loss":0.0,"damage_taken":0.0,"cards_obtained":["Doubt"]},{"damage_healed":0,"gold_gain":0,"player_choice":"Take Damage","damage_taken":20,"relics_obtained":["Golden Idol"],"max_hp_gain":0,"max_hp_loss":0,"event_name":"Golden Idol","floor":4,"gold_loss":0},{"damage_healed":0,"gold_gain":0,"player_choice":"Fought Mushrooms","damage_taken":0,"max_hp_gain":0,"max_hp_loss":0,"event_name":"Mushrooms","floor":12,"gold_loss":0}],"is_beta":false,"boss_relics":[{"not_picked":["Runic Dome","Empty Cage"],"picked":"Tiny House"}],"items_purged_floors":[14,20],"is_endless":false,"potions_floor_spawned":[3,5,10,19],"killed_by":"Centurion and Healer","ascension_level":6}