{"gold_per_floor":[117,117,128,140,140,165,179,179,179,179,192,192,192,220,220,220],"floor_reached":16,"playtime":675,"items_purged":[],"score":240,"play_id":"ae08bc04-ee8d-4e04-bcd0-2b602b3a8c95","local_time":"20190918114522","is_ascension_mode":true,"campfire_choices":[{"data":"Perfected Strike","floor":8.0,"key":"SMITH"},{"floor":10.0,"key":"REST"},{"floor":12.0,"key":"REST"},{"data":"Juggernaut","floor":15.0,"key":"SMITH"}],"neow_cost":"PERCENT_DAMAGE","seed_source_timestamp":159639870679800,"circlet_count":0,"master_deck":["AscendersBane","Strike_R","Strike_R","Strike_R","Strike_R","Strike_R","Defend_R","Defend_R","Bash","Perfected Strike+1","Cleave","Flame Barrier","Juggernaut+1","Pommel Strike","Headbutt","Iron Wave","Battle Trance"],"special_seed":0,"relics":["Burning Blood","Bottled Tornado","Mummified Hand","SsserpentHead","Pear"],"potions_floor_usage":[16],"damage_taken":[{"damage":1.0,"enemies":"2 Louse","floor":1.0,"turns":3.0},{"damage":0.0,"enemies":"Cultist","floor":3.0,"turns":2.0},{"damage":12.0,"enemies":"Jaw Worm","floor":4.0,"turns":2.0},{"damage":58.0,"enemies":"3 Sentries","floor":6.0,"turns":11.0},{"damage":1.0,"enemies":"2 Fungi Beasts","floor":7.0,"turns":3.0},{"damage":27.0,"enemies":"Gremlin Gang","floor":11.0,"turns":4.0},{"damage":8.0,"enemies":"Gremlin Nob","floor":14.0,"turns":3.0},{"damage":62,"enemies":"The Guardian","floor":16,"turns":9}],"seed_played":"-1216166646708253159","potions_obtained":[{"floor":3.0,"key":"GamblersBrew"},{"floor":11.0,"key":"Energy Potion"},{"floor":14.0,"key":"Ancient Potion"}],"is_trial":false,"path_per_floor":["M","?","M","M","?","E","M","R","T","R","M","R","?","E","R","B"],"character_chosen":"IRONCLAD","items_purchased":[],"campfire_rested":2,"item_purchase_floors":[],"current_hp_per_floor":[69,69,75,69,69,17,22,22,22,48,27,53,53,61,61,0],"gold":220,"neow_bonus":"TWENTY_PERCENT_HP_BONUS","is_prod":false,"is_daily":false,"chose_seed":false,"campfire_upgraded":2,"win_rate":0,"timestamp":1568832322,"path_taken":["M","?","?","M","?","E","M","R","T","R","?","R","?","E","R","BOSS"],"build_version":"2019-09-17","purchased_purges":0,"victory":false,"max_hp_per_floor":[89,89,89,89,89,89,89,89,89,89,89,89,89,99,99,99],"card_choices":[{"not_picked":["Clash","Headbutt"],"picked":"Perfected Strike","floor":1.0},{"not_picked":["Hemokinesis","Havoc"],"picked":"Cleave","floor":3.0},{"not_picked":["Headbutt","Warcry"],"picked":"Flame Barrier","floor":4.0},{"not_picked":["Sword Boomerang","Infernal Blade"],"picked":"Pommel Strike","floor":6.0},{"not_picked":["Shockwave","Thunderclap"],"picked":"Headbutt","floor":7.0},{"not_picked":["Heavy Blade","Armaments"],"picked":"Iron Wave","floor":11.0},{"not_picked":["Uppercut","Power Through"],"picked":"Battle Trance","floor":14.0}],"player_experience":1443822,"relics_obtained":[{"floor":6.0,"key":"Bottled Tornado"},{"floor":9.0,"key":"Mummified Hand"},{"floor":14.0,"key":"Pear"}],"event_choices":[{"cards_removed":["Defend_R"],"damage_healed":0.0,"max_hp_gain":0.0,"max_hp_loss":0.0,"gold_gain":0.0,"event_name":"Purifier","player_choice":"Purged","floor":2.0,"gold_loss":0.0,"damage_taken":0.0},{"damage_healed":0.0,"max_hp_gain":0.0,"max_hp_loss":0.0,"gold_gain":0.0,"cards_transformed":["Defend_R"],"event_name":"Transmorgrifier","player_choice":"Transformed","floor":5.0,"gold_loss":0.0,"damage_taken":0.0,"cards_obtained":["Juggernaut"]},{"damage_healed":0.0,"max_hp_gain":0.0,"max_hp_loss":0.0,"gold_gain":0.0,"event_name":"FaceTrader","player_choice":"Trade","floor":13.0,"gold_loss":0.0,"damage_taken":0.0,"relics_obtained":["SsserpentHead"]}],"is_beta":true,"boss_relics":[],"items_purged_floors":[],"is_endless":false,"potions_floor_spawned":[3,11,14],"killed_by":"The Guardian","ascension_level":19}