{"gold_per_floor":[119,137,153,153,8,8,39,39,39,39,39,54,19,53,53,127,127,145,160,85,85,10,44,44],"floor_reached":24,"playtime":1123,"items_purged":["Strike_G"],"score":444,"play_id":"cdd272c7-de09-4679-8d8d-776d99b8e4cf","local_time":"20190817230720","is_ascension_mode":true,"campfire_choices":[{"data":"Deadly Poison","floor":6.0,"key":"SMITH"},{"data":"Crippling Poison","floor":8.0,"key":"SMITH"},{"data":"Caltrops","floor":10.0,"key":"SMITH"},{"data":"Neutralize","floor":15.0,"key":"SMITH"}],"neow_cost":"NONE","seed_source_timestamp":4745467007325900,"circlet_count":0,"master_deck":["AscendersBane","Strike_G+1","Strike_G","Defend_G","Defend_G","Defend_G","Defend_G+1","Defend_G+1","Survivor","Neutralize+1","Dodge and Roll","Flechettes+1","Backflip","Caltrops+1","Deadly Poison+1","Crippling Poison+1","Footwork","Venomology","Corpse Explosion","Blur","Acrobatics","Bullet Time"],"special_seed":0,"relics":["Ring of the Snake","NeowsBlessing","Bottled Tornado","Sundial","Snake Skull","Sozu","Whetstone"],"potions_floor_usage":[16],"damage_taken":[{"damage":0.0,"enemies":"Small Slimes","floor":1.0,"turns":1.0},{"damage":0.0,"enemies":"2 Louse","floor":2.0,"turns":1.0},{"damage":0.0,"enemies":"Jaw Worm","floor":3.0,"turns":1.0},{"damage":20.0,"enemies":"3 Sentries","floor":7.0,"turns":10.0},{"damage":4.0,"enemies":"2 Fungi Beasts","floor":12.0,"turns":3.0},{"damage":3.0,"enemies":"Lagavulin","floor":14.0,"turns":7.0},{"damage":15,"enemies":"The Guardian","floor":16,"turns":11},{"damage":4,"enemies":"Shell Parasite","floor":18,"turns":5},{"damage":9,"enemies":"Spheric Guardian","floor":19,"turns":5},{"damage":30,"enemies":"Book of Stabbing","floor":23,"turns":5},{"damage":10,"enemies":"Shelled Parasite and Fungi","floor":24,"turns":4}],"seed_played":"998203331738292263","potions_obtained":[{"floor":1.0,"key":"Poison Potion"},{"floor":2.0,"key":"SpeedPotion"},{"floor":12.0,"key":"Dexterity Potion"},{"floor":16,"key":"FearPotion"}],"is_trial":false,"path_per_floor":["M","M","M","?","$","R","E","R","T","R","?","M","?","E","R","B",null,"M","M","?","?","$","E","M"],"character_chosen":"THE_SILENT","items_purchased":["Caltrops","Deadly Poison"],"campfire_rested":0,"item_purchase_floors":[5,5],"current_hp_per_floor":[59,59,59,39,39,39,19,19,19,19,12,8,24,21,21,6,51,47,38,38,38,38,8,0],"gold":44,"neow_bonus":"THREE_ENEMY_KILL","is_prod":false,"is_daily":false,"chose_seed":false,"campfire_upgraded":4,"win_rate":0,"timestamp":1566108440,"path_taken":["M","M","M","?","$","R","E","R","T","R","?","M","?","E","R","BOSS","M","M","?","?","$","E","M"],"build_version":"2019-08-15","purchased_purges":1,"victory":false,"max_hp_per_floor":[66,66,66,66,66,66,66,66,66,66,66,66,66,66,66,66,66,66,66,66,66,66,66,66],"card_choices":[{"not_picked":["Setup","Bane"],"picked":"Dodge and Roll","floor":1.0},{"not_picked":["Dodge and Roll","Calculated Gamble"],"picked":"Flechettes","floor":2.0},{"not_picked":["Dagger Throw","Calculated Gamble"],"picked":"Backflip","floor":3.0},{"not_picked":["Blade Dance","PiercingWail"],"picked":"Crippling Poison","floor":7.0},{"not_picked":["Bane","Slice"],"picked":"Footwork","floor":12.0},{"not_picked":["Flying Knee","Crippling Poison"],"picked":"Venomology","floor":14.0},{"not_picked":["Malaise","Tools of the Trade"],"picked":"Corpse Explosion","floor":16},{"not_picked":["Flying Knee+1","Acrobatics"],"picked":"Blur","floor":18},{"not_picked":["Slice","Eviscerate"],"picked":"Acrobatics","floor":19},{"not_picked":["Backstab","Calculated Gamble"],"picked":"Bullet Time","floor":23}],"player_experience":3551422,"relics_obtained":[{"floor":7.0,"key":"Bottled Tornado"},{"floor":9.0,"key":"Sundial"},{"floor":14.0,"key":"Snake Skull"},{"floor":23,"key":"Whetstone"}],"event_choices":[{"damage_healed":0.0,"max_hp_gain":0.0,"max_hp_loss":0.0,"gold_gain":0.0,"event_name":"Shining Light","player_choice":"Entered Light","floor":4.0,"gold_loss":0.0,"damage_taken":20.0,"cards_upgraded":["Defend_G","Defend_G"]},{"cards_removed":["Strike_G"],"damage_healed":0.0,"max_hp_gain":0.0,"max_hp_loss":0.0,"gold_gain":0.0,"event_name":"Golden Wing","player_choice":"Card Removal","floor":11.0,"gold_loss":0.0,"damage_taken":7.0},{"damage_healed":16.0,"max_hp_gain":0.0,"max_hp_loss":0.0,"gold_gain":0.0,"event_name":"The Cleric","player_choice":"Healed","floor":13.0,"gold_loss":35.0,"damage_taken":0.0},{"cards_removed":["Strike_G"],"damage_healed":0,"gold_gain":0,"player_choice":"Gave Gold","damage_taken":0,"max_hp_gain":0,"max_hp_loss":0,"event_name":"Beggar","floor":20,"gold_loss":75},{"damage_healed":0,"gold_gain":0,"player_choice":"Ignored","damage_taken":0,"max_hp_gain":0,"max_hp_loss":0,"event_name":"Ghosts","floor":21,"gold_loss":0}],"is_beta":true,"boss_relics":[{"not_picked":["Lizard Tail","WristBlade"],"picked":"Sozu"}],"items_purged_floors":[22],"is_endless":false,"potions_floor_spawned":[1,2,12,16,18],"killed_by":"Shelled Parasite and Fungi","ascension_level":20}