{"gold_per_floor":[112,112,112,133,156,156,181,221,221,241,262,262,305,321,321,321],"floor_reached":16,"playtime":663,"items_purged":[],"score":228,"play_id":"0f122212-05a9-4dda-94bb-3759788c0224","local_time":"20190422015938","is_ascension_mode":true,"campfire_choices":[{"data":"Bash","floor":6,"key":"SMITH"},{"floor":12,"key":"REST"},{"data":"Flame Barrier","floor":15,"key":"SMITH"}],"neow_cost":"NONE","seed_source_timestamp":119924539251724,"circlet_count":0,"master_deck":["AscendersBane","Strike_R","Strike_R","Strike_R","Strike_R","Strike_R","Defend_R","Defend_R","Defend_R","Defend_R","Bash+1","Flame Barrier+1","Wild Strike","Battle Trance","Anger","Cleave","Uppercut"],"relics":["Burning Blood","Bronze Scales","Golden Idol","Red Skull","Singing Bowl","Du-Vu Doll"],"potions_floor_usage":[8,10,16],"damage_taken":[{"damage":9,"enemies":"Jaw Worm","floor":1,"turns":4},{"damage":6,"enemies":"Cultist","floor":4,"turns":6},{"damage":2,"enemies":"Small Slimes","floor":5,"turns":3},{"damage":12,"enemies":"Looter","floor":7,"turns":3},{"damage":39,"enemies":"Lagavulin","floor":8,"turns":8},{"damage":0,"enemies":"Gremlin Gang","floor":10,"turns":1},{"damage":0,"enemies":"2 Fungi Beasts","floor":11,"turns":2},{"damage":18,"enemies":"3 Sentries","floor":13,"turns":7},{"damage":9,"enemies":"Large Slime","floor":14,"turns":3},{"damage":37,"enemies":"The Guardian","floor":16,"turns":9}],"seed_played":"6344500582560793982","potions_obtained":[{"floor":3,"key":"FearPotion"},{"floor":3,"key":"FairyPotion"},{"floor":4,"key":"Explosive Potion"},{"floor":8,"key":"AttackPotion"},{"floor":11,"key":"Ancient Potion"},{"floor":14,"key":"EssenceOfSteel"}],"is_trial":false,"path_per_floor":["M","?","?","M","M","R","M","E","T","M","M","R","E","M","R","B"],"character_chosen":"IRONCLAD","items_purchased":[],"campfire_rested":1,"item_purchase_floors":[],"current_hp_per_floor":[65,39,39,39,43,43,37,13,13,21,27,50,38,37,37,0],"gold":321,"neow_bonus":"RANDOM_COMMON_RELIC","is_prod":false,"is_daily":false,"chose_seed":false,"campfire_upgraded":2,"win_rate":0,"timestamp":1555891178,"path_taken":["M","?","?","M","M","R","M","E","T","?","M","R","E","M","R","BOSS"],"build_version":"2019-04-20","purchased_purges":0,"victory":false,"max_hp_per_floor":[75,75,75,75,75,75,75,75,75,77,77,77,77,79,79,79],"card_choices":[{"not_picked":["True Grit","Armaments"],"picked":"Flame Barrier","floor":1},{"not_picked":["Havoc","Armaments"],"picked":"Wild Strike","floor":4},{"not_picked":["Heavy Blade","Thunderclap","Pommel Strike"],"picked":"SKIP","floor":5},{"not_picked":["Anger","Twin Strike"],"picked":"Battle Trance","floor":7},{"not_picked":["Limit Break","Body Slam"],"picked":"Anger","floor":8},{"not_picked":["Seeing Red","Havoc","Clash"],"picked":"Singing Bowl","floor":10},{"not_picked":["Body Slam","Infernal Blade"],"picked":"Cleave","floor":11},{"not_picked":["Sword Boomerang","Fire Breathing"],"picked":"Uppercut","floor":13},{"not_picked":["Burning Pact","Warcry","Armaments"],"picked":"Singing Bowl","floor":14}],"player_experience":485261,"relics_obtained":[{"floor":8,"key":"Red Skull"},{"floor":9,"key":"Singing Bowl"},{"floor":13,"key":"Du-Vu Doll"}],"event_choices":[{"damage_healed":0,"gold_gain":0,"player_choice":"Take Damage","damage_taken":26,"relics_obtained":["Golden Idol"],"max_hp_gain":0,"max_hp_loss":0,"event_name":"Golden Idol","floor":2,"gold_loss":0},{"damage_healed":0,"gold_gain":0,"player_choice":"Got Potions","damage_taken":0,"max_hp_gain":0,"max_hp_loss":0,"event_name":"Lab","floor":3,"gold_loss":0}],"is_beta":true,"boss_relics":[],"items_purged_floors":[],"is_endless":false,"potions_floor_spawned":[4,8,11,14],"killed_by":"The Guardian","ascension_level":20}