{"gold_per_floor":[117,48,102,27,45,45,61,88,388,405,405,423,433,468,468,468],"floor_reached":16,"playtime":1316,"items_purged":["Writhe"],"score":146,"play_id":"29e8cb65-a187-4f47-92a1-813b088cbbde","local_time":"20190419164027","is_ascension_mode":true,"campfire_choices":[{"data":"Armaments","floor":6,"key":"SMITH"},{"floor":15,"key":"REST"}],"neow_cost":"CURSE","seed_source_timestamp":349599985296335,"circlet_count":0,"master_deck":["Strike_R","Strike_R","Strike_R","Strike_R","Strike_R","Defend_R","Defend_R","Defend_R","Defend_R","Bash","Havoc","Armaments+1","Heavy Blade","Whirlwind","Shrug It Off","Inflame","Exhume","Immolate","Intimidate","Second Wind"],"relics":["Burning Blood","Unceasing Top","Gremlin Horn","Old Coin","Singing Bowl"],"potions_floor_usage":[16,16],"damage_taken":[{"damage":9,"enemies":"Small Slimes","floor":1,"turns":5},{"damage":0,"enemies":"Jaw Worm","floor":5,"turns":3},{"damage":1,"enemies":"Cultist","floor":7,"turns":3},{"damage":32,"enemies":"3 Sentries","floor":8,"turns":7},{"damage":5,"enemies":"Blue Slaver","floor":10,"turns":5},{"damage":12,"enemies":"Red Slaver","floor":12,"turns":6},{"damage":0,"enemies":"Looter","floor":13,"turns":3},{"damage":42,"enemies":"Lagavulin","floor":14,"turns":8},{"damage":52,"enemies":"The Guardian","floor":16,"turns":6}],"seed_played":"3697730613042582304","potions_obtained":[{"floor":5,"key":"BloodPotion"},{"floor":8,"key":"Dexterity Potion"},{"floor":13,"key":"SneckoOil"},{"floor":14,"key":"AttackPotion"}],"is_trial":false,"path_per_floor":["M","$","?","$","M","R","M","E","T","M","?","M","M","E","R","B"],"character_chosen":"IRONCLAD","items_purchased":["Armaments","Heavy Blade"],"campfire_rested":1,"item_purchase_floors":[2,2],"current_hp_per_floor":[69,69,69,69,75,75,80,54,54,55,55,49,55,19,43,0],"gold":468,"neow_bonus":"ONE_RARE_RELIC","is_prod":false,"is_daily":false,"chose_seed":false,"campfire_upgraded":1,"win_rate":0,"timestamp":1555706427,"path_taken":["M","$","?","?","M","R","M","E","T","?","?","M","?","E","R","BOSS"],"build_version":"2019-01-23","purchased_purges":1,"victory":false,"max_hp_per_floor":[80,80,80,80,80,80,80,80,80,80,80,80,80,80,80,80],"card_choices":[{"not_picked":["Warcry","Body Slam"],"picked":"Havoc","floor":1},{"not_picked":["Shrug It Off","Pommel Strike"],"picked":"Whirlwind","floor":5},{"not_picked":["Fire Breathing","Anger"],"picked":"Shrug It Off","floor":7},{"not_picked":["Entrench","Armaments"],"picked":"Inflame","floor":8},{"not_picked":["Shrug It Off","Sword Boomerang"],"picked":"Exhume","floor":10},{"not_picked":["Anger","Perfected Strike"],"picked":"Intimidate","floor":12},{"not_picked":["Headbutt","Cleave","Anger"],"picked":"SKIP","floor":13},{"not_picked":["Searing Blow","Anger"],"picked":"Second Wind","floor":14}],"player_experience":520353,"relics_obtained":[{"floor":8,"key":"Gremlin Horn"},{"floor":9,"key":"Old Coin"},{"floor":14,"key":"Singing Bowl"}],"event_choices":[{"damage_healed":0,"gold_gain":54,"player_choice":"Gained Gold","damage_taken":0,"max_hp_gain":0,"max_hp_loss":0,"event_name":"Golden Wing","floor":3,"gold_loss":0},{"damage_healed":0,"gold_gain":0,"player_choice":"1 cards matched","damage_taken":0,"max_hp_gain":0,"max_hp_loss":0,"event_name":"Match and Keep!","floor":11,"gold_loss":0,"cards_obtained":["Immolate"]}],"is_beta":false,"boss_relics":[],"items_purged_floors":[4],"is_endless":false,"potions_floor_spawned":[5,8,13,14],"killed_by":"The Guardian","ascension_level":6}