{"gold_per_floor":[116,132,132,18,33,33,7,38,38,73,93,105,70,70,70,147,147,164,79,4,4,19,19,38,38],"floor_reached":25,"playtime":952,"items_purged":["Strike_R"],"score":411,"play_id":"4be88cdf-b327-48d5-b1bd-6fc3f644c497","local_time":"20190320212944","is_ascension_mode":true,"campfire_choices":[{"data":"Bash","floor":6,"key":"SMITH"},{"floor":15,"key":"REST"},{"floor":23,"key":"DIG"}],"neow_cost":"PERCENT_DAMAGE","seed_source_timestamp":289663464981621,"circlet_count":0,"master_deck":["AscendersBane","Strike_R+1","Strike_R+1","Strike_R+1","Defend_R+1","Defend_R+1","Defend_R+1","Defend_R+1","Bash+1","Immolate","Flex","Perfected Strike","Shrug It Off","Intimidate","Shrug It Off","Immolate","Battle Trance","Fiend Fire","Uppercut","Evolve"],"relics":["Burning Blood","Omamori","Pear","Shovel","Orichalcum","Velvet Choker","Du-Vu Doll","Ancient Tea Set"],"potions_floor_usage":[8,10,16,16,25],"damage_taken":[{"damage":9,"enemies":"2 Louse","floor":1,"turns":2},{"damage":7,"enemies":"Jaw Worm","floor":2,"turns":3},{"damage":0,"enemies":"Small Slimes","floor":5,"turns":2},{"damage":28,"enemies":"Gremlin Nob","floor":8,"turns":4},{"damage":7,"enemies":"3 Sentries","floor":10,"turns":3},{"damage":0,"enemies":"3 Louse","floor":11,"turns":1},{"damage":0,"enemies":"2 Fungi Beasts","floor":12,"turns":2},{"damage":47,"enemies":"Slime Boss","floor":16,"turns":11},{"damage":8,"enemies":"Shell Parasite","floor":18,"turns":3},{"damage":12,"enemies":"3 Byrds","floor":22,"turns":3},{"damage":12,"enemies":"Snake Plant","floor":24,"turns":3},{"damage":73,"enemies":"Gremlin Leader","floor":25,"turns":7}],"seed_played":"-3083291170747578620","potions_obtained":[{"floor":5,"key":"SteroidPotion"},{"floor":11,"key":"Block Potion"},{"floor":12,"key":"FearPotion"},{"floor":22,"key":"Strength Potion"}],"is_trial":false,"path_per_floor":["M","M","?","$","M","R","$","E","T","E","M","M","?","?","R","B",null,"M","?","$","?","M","R","M","E"],"character_chosen":"IRONCLAD","items_purchased":["Shrug It Off","Explosive Potion","Shrug It Off"],"campfire_rested":1,"item_purchase_floors":[4,4,7],"current_hp_per_floor":[47,46,39,39,45,45,45,23,33,32,38,44,65,54,79,38,73,71,71,71,71,65,65,59,0],"gold":38,"neow_bonus":"THREE_RARE_CARDS","is_prod":false,"is_daily":false,"chose_seed":false,"campfire_upgraded":1,"win_rate":0,"timestamp":1553113784,"path_taken":["M","M","?","$","M","R","$","E","T","E","M","M","?","?","R","BOSS","M","?","$","?","M","R","M","E"],"build_version":"2019-03-15","purchased_purges":1,"victory":false,"max_hp_per_floor":[75,75,75,75,75,75,75,75,85,85,85,85,85,85,85,85,85,85,85,85,85,85,85,85,85],"card_choices":[{"not_picked":["Bludgeon","Dark Embrace"],"picked":"Immolate","floor":0},{"not_picked":["Cleave","Wild Strike"],"picked":"Flex","floor":1},{"not_picked":["Feel No Pain","Flex"],"picked":"Perfected Strike","floor":2},{"not_picked":["Sword Boomerang","Warcry"],"picked":"Intimidate","floor":5},{"not_picked":["Rupture","Bloodletting","Searing Blow"],"picked":"SKIP","floor":8},{"not_picked":["Headbutt","Twin Strike"],"picked":"Immolate","floor":10},{"not_picked":["Sword Boomerang","Wild Strike"],"picked":"Battle Trance","floor":11},{"not_picked":["Heavy Blade","Intimidate","Thunderclap"],"picked":"SKIP","floor":12},{"not_picked":["Double Tap","Brutality"],"picked":"Fiend Fire","floor":16},{"not_picked":["Warcry","Dual Wield","Anger"],"picked":"SKIP","floor":18},{"not_picked":["Combust+1","Fire Breathing"],"picked":"Uppercut","floor":22},{"not_picked":["Warcry","Entrench"],"picked":"Evolve","floor":24}],"player_experience":352992,"relics_obtained":[{"floor":8,"key":"Omamori"},{"floor":9,"key":"Pear"},{"floor":10,"key":"Shovel"},{"floor":23,"key":"Ancient Tea Set"}],"event_choices":[{"cards_removed":["Strike_R"],"damage_healed":0,"gold_gain":0,"player_choice":"Card Removal","damage_taken":7,"max_hp_gain":0,"max_hp_loss":0,"event_name":"Golden Wing","floor":3,"gold_loss":0},{"damage_healed":21,"gold_gain":0,"player_choice":"Healed","damage_taken":0,"max_hp_gain":0,"max_hp_loss":0,"event_name":"The Cleric","floor":13,"gold_loss":35},{"damage_healed":0,"gold_gain":0,"player_choice":"Success","damage_taken":11,"relics_obtained":["Orichalcum"],"max_hp_gain":0,"max_hp_loss":0,"event_name":"Scrap Ooze","floor":14,"gold_loss":0},{"damage_healed":0,"gold_gain":0,"player_choice":"Obtained Relic","damage_taken":0,"relics_obtained":["Du-Vu Doll"],"max_hp_gain":0,"max_hp_loss":0,"event_name":"Addict","floor":19,"gold_loss":85},{"damage_healed":0,"gold_gain":0,"player_choice":"Simplicity","damage_taken":0,"max_hp_gain":0,"max_hp_loss":0,"event_name":"Back to Basics","floor":21,"gold_loss":0,"cards_upgraded":["Strike_R","Strike_R","Strike_R","Defend_R","Defend_R","Defend_R","Defend_R"]}],"is_beta":true,"boss_relics":[{"not_picked":["Calling Bell","Eternal Feather"],"picked":"Velvet Choker"}],"items_purged_floors":[20],"is_endless":false,"potions_floor_spawned":[5,11,12,22],"killed_by":"Gremlin Leader","ascension_level":19}