{"gold_per_floor":[114,114,36,36,36,36,49,49,101,111,122,133,145,159,159,159],"floor_reached":16,"playtime":713,"items_purged":[],"score":94,"play_id":"43ba93ee-0993-4558-8f99-2cf94a9a7bc5","local_time":"20190919013000","is_ascension_mode":false,"campfire_choices":[{"data":"Neutralize","floor":6,"key":"SMITH"},{"data":"Survivor","floor":8,"key":"SMITH"},{"data":"Dodge and Roll","floor":15,"key":"SMITH"}],"neow_cost":"NONE","seed_source_timestamp":573757237926400,"circlet_count":0,"master_deck":["Strike_G","Strike_G","Strike_G+1","Strike_G","Strike_G","Defend_G","Defend_G+1","Defend_G","Defend_G","Defend_G","Survivor+1","Neutralize+1","Quick Slash","Footwork","Dodge and Roll+1","Deflect","Backflip"],"relics":["Ring of the Snake","Strawberry"],"potions_floor_usage":[],"damage_taken":[{"damage":4,"enemies":"Small Slimes","floor":1,"turns":5},{"damage":0,"enemies":"2 Louse","floor":7,"turns":2},{"damage":0,"enemies":"Jaw Worm","floor":10,"turns":4},{"damage":0,"enemies":"Large Slime","floor":11,"turns":9},{"damage":2,"enemies":"Looter","floor":12,"turns":3},{"damage":0,"enemies":"Red Slaver","floor":13,"turns":3},{"damage":0,"enemies":"Blue Slaver","floor":14,"turns":6},{"damage":10,"enemies":"Hexaghost","floor":16,"turns":10}],"seed_played":"-46493014888296147","potions_obtained":[{"floor":7,"key":"GhostInAJar"}],"is_trial":false,"path_per_floor":["M","?","$","?","?","R","M","R","T","M","M","M","M","M","R","B"],"character_chosen":"THE_SILENT","items_purchased":["Footwork"],"campfire_rested":0,"item_purchase_floors":[3],"current_hp_per_floor":[73,58,58,77,77,77,77,77,84,84,84,82,82,82,82,72],"gold":159,"neow_bonus":"TEN_PERCENT_HP_BONUS","is_prod":false,"is_daily":false,"chose_seed":false,"campfire_upgraded":3,"win_rate":0,"timestamp":1568824200,"path_taken":["M","?","$","?","?","R","M","R","T","M","M","?","M","M","R","BOSS"],"build_version":"2019-09-17","purchased_purges":0,"victory":false,"max_hp_per_floor":[77,77,77,77,77,77,77,77,84,84,84,84,84,84,84,84],"card_choices":[{"not_picked":["Dagger Throw","Crippling Poison"],"picked":"Quick Slash","floor":1},{"not_picked":["Underhanded Strike","Caltrops","Sucker Punch"],"picked":"SKIP","floor":7},{"not_picked":["Distraction","Outmaneuver","Sucker Punch"],"picked":"SKIP","floor":10},{"not_picked":["PiercingWail","Concentrate"],"picked":"Dodge and Roll","floor":11},{"not_picked":["Malaise","Blade Dance","PiercingWail"],"picked":"SKIP","floor":12},{"not_picked":["Prepared","Bane"],"picked":"Deflect","floor":13},{"not_picked":["Underhanded Strike","Quick Slash"],"picked":"Backflip","floor":14}],"player_experience":487586,"relics_obtained":[{"floor":9,"key":"Strawberry"}],"event_choices":[{"damage_healed":0,"gold_gain":0,"player_choice":"Entered Light","damage_taken":15,"max_hp_gain":0,"max_hp_loss":0,"event_name":"Shining Light","floor":2,"gold_loss":0,"cards_upgraded":["Strike_G","Defend_G"]},{"damage_healed":25,"gold_gain":0,"player_choice":"Banana","damage_taken":0,"max_hp_gain":0,"max_hp_loss":0,"event_name":"Big Fish","floor":4,"gold_loss":0},{"damage_healed":0,"gold_gain":0,"player_choice":"Leave","damage_taken":0,"max_hp_gain":0,"max_hp_loss":0,"event_name":"The Cleric","floor":5,"gold_loss":0}],"is_beta":true,"boss_relics":[],"items_purged_floors":[],"is_endless":false,"potions_floor_spawned":[7],"killed_by":"Hexaghost","ascension_level":0}