{"gold_per_floor":[117,117,127,127,191,191,43,77,77,103,114,62,62,62,62,160,160,171,221,234,304,318,318,332,359,407,84,59,109,135,149,149,149],"floor_reached":33,"playtime":1557,"items_purged":["Strike_R","Strike_R"],"score":310,"play_id":"89fa6fa8-b8b6-4f06-af3c-bd1c35d0a365","local_time":"20190420002409","is_ascension_mode":true,"campfire_choices":[{"data":"Bash","floor":6,"key":"SMITH"},{"data":"Armaments","floor":13,"key":"SMITH"},{"data":"Wild Strike","floor":15,"key":"SMITH"},{"floor":23,"key":"REST"},{"floor":32,"key":"REST"}],"neow_cost":"PERCENT_DAMAGE","seed_source_timestamp":93817534914541,"circlet_count":0,"master_deck":["Strike_R+1","Strike_R+1","Strike_R+1","Defend_R","Defend_R","Defend_R","Bash+1","Shrug It Off","Armaments+1","Perfected Strike+1","Wild Strike+1","Flex","Twin Strike","Headbutt+1","Pommel Strike","Perfected Strike+1","Armaments+1","Havoc","True Grit","Iron Wave"],"relics":["Burning Blood","Incense Burner","SsserpentHead","Meat on the Bone","Darkstone Periapt","Whetstone","Fusion Hammer","Question Card","Oddly Smooth Stone","Frozen Eye","Ancient Tea Set"],"potions_floor_usage":[8,10,10,16,24,25,30,30,33],"damage_taken":[{"damage":6,"enemies":"2 Louse","floor":1,"turns":4},{"damage":1,"enemies":"Small Slimes","floor":3,"turns":3},{"damage":1,"enemies":"Cultist","floor":5,"turns":4},{"damage":12,"enemies":"Lagavulin","floor":8,"turns":5},{"damage":10,"enemies":"3 Sentries","floor":10,"turns":8},{"damage":7,"enemies":"Large Slime","floor":11,"turns":5},{"damage":31,"enemies":"The Guardian","floor":16,"turns":11},{"damage":0,"enemies":"Chosen","floor":18,"turns":4},{"damage":2,"enemies":"Shell Parasite","floor":20,"turns":5},{"damage":0,"enemies":"Centurion and Healer","floor":21,"turns":3},{"damage":10,"enemies":"Snecko","floor":22,"turns":4},{"damage":15,"enemies":"Snake Plant","floor":24,"turns":2},{"damage":10,"enemies":"Book of Stabbing","floor":25,"turns":3},{"damage":27,"enemies":"Slavers","floor":30,"turns":4},{"damage":2,"enemies":"Chosen and Byrds","floor":31,"turns":6},{"damage":91,"enemies":"Automaton","floor":33,"turns":10}],"seed_played":"-6100255600774538232","potions_obtained":[{"floor":1,"key":"AttackPotion"},{"floor":5,"key":"Dexterity Potion"},{"floor":8,"key":"SteroidPotion"},{"floor":11,"key":"Weak Potion"},{"floor":20,"key":"Fire Potion"},{"floor":24,"key":"Regen Potion"},{"floor":25,"key":"PowerPotion"},{"floor":31,"key":"LiquidBronze"}],"is_trial":false,"path_per_floor":["M","?","M","?","M","R","$","E","T","E","M","$","R","$","R","B",null,"M","?","M","M","M","R","M","E","T","$","?","?","E","M","R","B"],"character_chosen":"IRONCLAD","items_purchased":["Ancient Potion","Poison Potion","Frozen Eye","Havoc"],"campfire_rested":2,"item_purchase_floors":[7,12,27,27],"current_hp_per_floor":[56,40,45,45,50,50,50,44,44,52,51,51,51,51,51,38,80,80,80,80,80,76,80,71,76,76,76,76,76,55,59,80,0],"gold":149,"neow_bonus":"ONE_RARE_RELIC","is_prod":false,"is_daily":false,"chose_seed":false,"campfire_upgraded":3,"win_rate":0,"timestamp":1555712649,"path_taken":["M","?","M","?","?","R","$","E","T","E","M","$","R","$","R","BOSS","M","?","M","?","M","R","M","E","T","$","?","?","E","M","R","BOSS"],"build_version":"2019-04-04","purchased_purges":2,"victory":false,"max_hp_per_floor":[80,80,80,80,80,80,80,80,80,80,80,80,80,80,80,80,80,80,80,80,80,80,80,80,80,80,80,80,80,80,80,80,80],"card_choices":[{"not_picked":["Seeing Red","Wild Strike"],"picked":"Shrug It Off","floor":1},{"not_picked":["Heavy Blade","Reckless Charge"],"picked":"Armaments","floor":3},{"not_picked":["Hemokinesis","Battle Trance","Combust"],"picked":"SKIP","floor":5},{"not_picked":["Power Through","Corruption"],"picked":"Perfected Strike","floor":8},{"not_picked":["Immolate","Heavy Blade"],"picked":"Wild Strike","floor":10},{"not_picked":["Sever Soul","Heavy Blade"],"picked":"Flex","floor":11},{"not_picked":["Uppercut","Entrench+1"],"picked":"Headbutt","floor":18},{"not_picked":["Perfected Strike","Sword Boomerang"],"picked":"Twin Strike","floor":20},{"not_picked":["Searing Blow+1","Whirlwind"],"picked":"Headbutt+1","floor":21},{"not_picked":["Body Slam","Dropkick"],"picked":"Pommel Strike","floor":22},{"not_picked":["Seeing Red","Twin Strike"],"picked":"Perfected Strike+1","floor":24},{"not_picked":["Bludgeon","Shockwave"],"picked":"Armaments+1","floor":25},{"not_picked":["Heavy Blade+1","Whirlwind+1","Carnage"],"picked":"True Grit","floor":30},{"not_picked":["Hemokinesis+1","Warcry","Rage"],"picked":"Iron Wave","floor":31}],"player_experience":472014,"relics_obtained":[{"floor":8,"key":"Meat on the Bone"},{"floor":9,"key":"Darkstone Periapt"},{"floor":10,"key":"Whetstone"},{"floor":25,"key":"Question Card"},{"floor":26,"key":"Oddly Smooth Stone"},{"floor":30,"key":"Ancient Tea Set"}],"event_choices":[{"damage_healed":0,"gold_gain":0,"player_choice":"Entered Light","damage_taken":16,"max_hp_gain":0,"max_hp_loss":0,"event_name":"Shining Light","floor":2,"gold_loss":0,"cards_upgraded":["Strike_R","Strike_R"]},{"damage_healed":0,"gold_gain":0,"player_choice":"Trade","damage_taken":0,"relics_obtained":["SsserpentHead"],"max_hp_gain":0,"max_hp_loss":0,"event_name":"FaceTrader","floor":4,"gold_loss":0},{"cards_removed":["Defend_R"],"damage_healed":0,"gold_gain":0,"player_choice":"Purged","damage_taken":0,"max_hp_gain":0,"max_hp_loss":0,"event_name":"Purifier","floor":19,"gold_loss":0},{"cards_removed":["Headbutt"],"damage_healed":0,"gold_gain":0,"player_choice":"Gave Gold","damage_taken":0,"max_hp_gain":0,"max_hp_loss":0,"event_name":"Beggar","floor":28,"gold_loss":75},{"damage_healed":0,"gold_gain":0,"player_choice":"Ignored","damage_taken":0,"max_hp_gain":0,"max_hp_loss":0,"event_name":"Vampires","floor":29,"gold_loss":0}],"is_beta":true,"boss_relics":[{"not_picked":["Eternal Feather","Busted Crown"],"picked":"Fusion Hammer"}],"items_purged_floors":[7,27],"is_endless":false,"potions_floor_spawned":[1,5,8,11,20,24,25,31],"killed_by":"Automaton","ascension_level":1}