{"gold_per_floor":[110,121,133,143,113,143,143,173,209,240,286,373,385,397,409,521,533,562,592,638,665,677,689,701],"floor_reached":24,"playtime":2176,"items_purged":[],"score":227,"play_id":"d9d525b3-1743-41a1-b1cd-4bbd555eae9f","local_time":"20190903124023","is_ascension_mode":true,"campfire_choices":[{"floor":7,"key":"RECALL"},{"floor":13,"key":"REST"},{"floor":15,"key":"REST"},{"floor":23,"key":"REST"}],"neow_cost":"NONE","seed_source_timestamp":953051993140100,"circlet_count":0,"master_deck":["Strike_R","Strike_R","Strike_R","Strike_R","Strike_R","Defend_R","Defend_R","Defend_R","Defend_R","Bash","Fiend Fire","Cleave","Armaments","Rampage","Clash","Berserk","Second Wind","Clothesline","Pummel","Dark Embrace","Warcry","Infernal Blade","Cleave+1","Writhe"],"relics":["Burning Blood","Kunai","MawBank","Happy Flower","Juzu Bracelet","Dodecahedron","Sozu","Red Mask","Girya"],"potions_floor_usage":[6,8,10,11,16,18],"damage_taken":[{"damage":2,"enemies":"2 Louse","floor":1,"turns":2},{"damage":1,"enemies":"Cultist","floor":2,"turns":3},{"damage":10,"enemies":"Jaw Worm","floor":3,"turns":4},{"damage":11,"enemies":"2 Fungi Beasts","floor":4,"turns":3},{"damage":14,"enemies":"Gremlin Nob","floor":6,"turns":3},{"damage":31,"enemies":"Lagavulin","floor":8,"turns":6},{"damage":0,"enemies":"Exordium Wildlife","floor":10,"turns":3},{"damage":23,"enemies":"3 Sentries","floor":11,"turns":6},{"damage":41,"enemies":"Hexaghost","floor":16,"turns":10},{"damage":6,"enemies":"3 Byrds","floor":18,"turns":4},{"damage":37,"enemies":"Shell Parasite","floor":19,"turns":5},{"damage":48,"enemies":"Masked Bandits","floor":20,"turns":5},{"damage":6,"enemies":"Chosen and Byrds","floor":21,"turns":6},{"damage":37,"enemies":"Slavers","floor":24,"turns":2}],"seed_played":"-362003498435752395","potions_obtained":[{"floor":3,"key":"Poison Potion"},{"floor":5,"key":"GamblersBrew"},{"floor":5,"key":"SpeedPotion"},{"floor":10,"key":"Energy Potion"},{"floor":11,"key":"Weak Potion"},{"floor":16,"key":"AttackPotion"}],"is_trial":false,"path_per_floor":["M","M","M","M","?","E","R","E","T","M","E","?","R","?","R","B",null,"M","M","?","M","?","R","E"],"character_chosen":"IRONCLAD","items_purchased":[],"campfire_rested":3,"item_purchase_floors":[],"current_hp_per_floor":[80,80,76,71,71,63,63,38,38,44,27,16,40,37,61,26,80,80,49,7,7,7,31,0],"gold":701,"neow_bonus":"ONE_RANDOM_RARE_CARD","is_prod":false,"is_daily":false,"chose_seed":false,"campfire_upgraded":0,"win_rate":0,"timestamp":1567485623,"path_taken":["M","M","M","M","?","E","R","E","T","?","E","?","R","?","R","BOSS","M","M","?","M","?","R","E"],"build_version":"2019-07-17","purchased_purges":0,"victory":false,"max_hp_per_floor":[80,80,80,80,80,80,80,80,80,80,80,80,80,80,80,80,80,80,80,80,80,80,80,80],"card_choices":[{"not_picked":["Wild Strike","Anger"],"picked":"Cleave","floor":1},{"not_picked":["Anger","Cleave"],"picked":"Armaments","floor":2},{"not_picked":["Thunderclap","Combust"],"picked":"Rampage","floor":3},{"not_picked":["Sword Boomerang","Wild Strike"],"picked":"Clash","floor":4},{"not_picked":["Headbutt","Bloodletting"],"picked":"Berserk","floor":6},{"not_picked":["Hemokinesis","Sword Boomerang"],"picked":"Second Wind","floor":8},{"not_picked":["Cleave","Twin Strike"],"picked":"Clothesline","floor":10},{"not_picked":["Clothesline","Ghostly Armor"],"picked":"Pummel","floor":11},{"not_picked":["Demon Form","Bludgeon"],"picked":"Dark Embrace","floor":16},{"not_picked":["Headbutt","Armaments"],"picked":"Warcry","floor":18},{"not_picked":["Perfected Strike+1","Searing Blow"],"picked":"Infernal Blade","floor":19},{"not_picked":["Dual Wield+1","Searing Blow"],"picked":"Cleave+1","floor":21}],"player_experience":41788,"relics_obtained":[{"floor":6,"key":"Kunai"},{"floor":8,"key":"MawBank"},{"floor":9,"key":"Happy Flower"},{"floor":11,"key":"Juzu Bracelet"},{"floor":20,"key":"Red Mask"}],"event_choices":[{"damage_healed":0,"gold_gain":0,"player_choice":"Bought 2 Potions","damage_taken":0,"max_hp_gain":0,"max_hp_loss":0,"event_name":"The Woman in Blue","floor":5,"gold_loss":0},{"damage_healed":0,"gold_gain":75,"player_choice":"Gather Gold","damage_taken":11,"max_hp_gain":0,"max_hp_loss":0,"event_name":"World of Goop","floor":12,"gold_loss":0},{"damage_healed":0,"gold_gain":0,"player_choice":"Success","damage_taken":3,"relics_obtained":["Dodecahedron"],"max_hp_gain":0,"max_hp_loss":0,"event_name":"Scrap Ooze","floor":14,"gold_loss":0},{"damage_healed":0,"gold_gain":0,"player_choice":"Fought Bandits","damage_taken":0,"max_hp_gain":0,"max_hp_loss":0,"event_name":"Masked Bandits","floor":20,"gold_loss":0},{"damage_healed":0,"gold_gain":0,"player_choice":"Opened","damage_taken":0,"relics_obtained":["Girya"],"max_hp_gain":0,"max_hp_loss":0,"event_name":"The Mausoleum","floor":22,"gold_loss":0,"cards_obtained":["Writhe"]}],"is_beta":false,"boss_relics":[{"not_picked":["Runic Pyramid","Eternal Feather"],"picked":"Sozu"}],"items_purged_floors":[],"is_endless":false,"potions_floor_spawned":[3,10,11,16,18,21],"killed_by":"Slavers","ascension_level":1}