{"gold_per_floor":[109,122,47,47,62,62,79,112,112,112,129,129,129,145,145,145],"floor_reached":16,"playtime":846,"items_purged":[],"score":204,"play_id":"1c1b00b8-524f-4068-a547-4c6df2aee608","local_time":"20190827163702","is_ascension_mode":true,"campfire_choices":[{"data":"PiercingWail","floor":10,"key":"SMITH"},{"data":"Catalyst","floor":12,"key":"SMITH"},{"floor":15,"key":"REST"}],"neow_cost":"NONE","seed_source_timestamp":99652104658000,"circlet_count":0,"master_deck":["AscendersBane","Strike_G","Strike_G","Strike_G","Defend_G","Defend_G","Defend_G","Defend_G","Defend_G","Survivor","Neutralize+1","Choke","Deadly Poison","Poisoned Stab","Pain","Deadly Poison","PiercingWail+1","Catalyst+1","Decay","Noxious Fumes"],"relics":["Ring of the Snake","WarpedTongs","Question Card","Gremlin Horn"],"potions_floor_usage":[16,16],"damage_taken":[{"damage":0,"enemies":"2 Louse","floor":1,"turns":5},{"damage":3,"enemies":"Small Slimes","floor":2,"turns":5},{"damage":0,"enemies":"Cultist","floor":5,"turns":3},{"damage":8,"enemies":"3 Louse","floor":7,"turns":5},{"damage":23,"enemies":"Lagavulin","floor":8,"turns":8},{"damage":2,"enemies":"Red Slaver","floor":11,"turns":5},{"damage":15,"enemies":"Blue Slaver","floor":14,"turns":4},{"damage":20,"enemies":"Hexaghost","floor":16,"turns":7}],"seed_played":"6605149222535168974","potions_obtained":[{"floor":1,"key":"Dexterity Potion"},{"floor":2,"key":"Fire Potion"}],"is_trial":false,"path_per_floor":["M","M","?","?","M","?","M","E","T","R","M","R","?","M","R","B"],"character_chosen":"THE_SILENT","items_purchased":[],"campfire_rested":1,"item_purchase_floors":[],"current_hp_per_floor":[59,56,56,49,49,49,41,18,18,18,16,16,16,1,20,0],"gold":145,"neow_bonus":"UPGRADE_CARD","is_prod":false,"is_daily":false,"chose_seed":false,"campfire_upgraded":2,"win_rate":0,"timestamp":1566938222,"path_taken":["M","M","?","?","M","?","?","E","T","R","M","R","?","M","R","BOSS"],"build_version":"2019-07-17","purchased_purges":0,"victory":false,"max_hp_per_floor":[66,66,66,66,66,66,66,66,66,66,66,66,66,66,66,66],"card_choices":[{"not_picked":["Concentrate","Noxious Fumes"],"picked":"Choke","floor":1},{"not_picked":["Dodge and Roll","Skewer"],"picked":"Deadly Poison","floor":2},{"not_picked":["Slice","Blade Dance"],"picked":"Poisoned Stab","floor":5},{"not_picked":["Flying Knee","Quick Slash"],"picked":"Deadly Poison","floor":7},{"not_picked":["Slice","Riddle With Holes"],"picked":"PiercingWail","floor":8},{"not_picked":["Blur","Dagger Throw","Dagger Spray"],"picked":"Catalyst","floor":11},{"not_picked":["Finisher","PiercingWail","Backflip"],"picked":"Noxious Fumes","floor":14}],"player_experience":736540,"relics_obtained":[{"floor":8,"key":"Question Card"},{"floor":9,"key":"Gremlin Horn"}],"event_choices":[{"cards_removed":["Strike_G"],"damage_healed":0,"gold_gain":0,"player_choice":"Card Removal","damage_taken":0,"max_hp_gain":0,"max_hp_loss":0,"event_name":"The Cleric","floor":3,"gold_loss":75},{"cards_removed":["Strike_G"],"damage_healed":0,"gold_gain":0,"player_choice":"Card Removal","damage_taken":7,"max_hp_gain":0,"max_hp_loss":0,"event_name":"Golden Wing","floor":4,"gold_loss":0},{"damage_healed":0,"gold_gain":0,"player_choice":"Rummage","damage_taken":0,"relics_obtained":["WarpedTongs"],"max_hp_gain":0,"max_hp_loss":0,"event_name":"Accursed Blacksmith","floor":6,"gold_loss":0,"cards_obtained":["Pain"]},{"damage_healed":0,"gold_gain":0,"player_choice":"Cursed","damage_taken":0,"max_hp_gain":0,"max_hp_loss":0,"event_name":"Wheel of Change","floor":13,"gold_loss":0,"cards_obtained":["Decay"]}],"is_beta":false,"boss_relics":[],"items_purged_floors":[],"is_endless":false,"potions_floor_spawned":[1,2,11,14],"killed_by":"Hexaghost","ascension_level":20}