{"gold_per_floor":[16,27,44,14,30,30,42,70,70,70,70,70,84,84,84,158,158,168,168,418,433,452,452,452,452,506,506],"floor_reached":27,"playtime":1407,"items_purged":[],"score":373,"play_id":"03e7f37a-dcd4-4a7a-bfea-01fb1ff95115","local_time":"20180714023330","is_ascension_mode":true,"campfire_choices":[{"data":"Hologram","floor":6,"key":"SMITH"},{"data":"Zap","floor":10,"key":"SMITH"},{"data":"Self Repair","floor":12,"key":"SMITH"},{"data":"Dualcast","floor":15,"key":"SMITH"},{"data":"Creative AI","floor":23,"key":"SMITH"},{"floor":25,"key":"REST"}],"neow_cost":"NO_GOLD","seed_source_timestamp":449821970499778,"circlet_count":0,"master_deck":["Strike_B","Strike_B","Strike_B","Strike_B","Defend_B","Defend_B","Defend_B","Defend_B","Zap+1","Dualcast+1","AscendersBane","All For One","Turbo","Echo Form","Self Repair+1","Reinforced Body","Hologram+1","Cold Snap","Compile Driver","Defragment+1","Creative AI+1","Regret","Storm"],"relics":["Cracked Core","Blue Candle","Dodecahedron","Busted Crown","Orichalcum"],"potions_floor_usage":[7,7,18,22,27],"damage_taken":[{"damage":0,"enemies":"2 Louse","floor":1,"turns":3},{"damage":5,"enemies":"Small Slimes","floor":2,"turns":3},{"damage":7,"enemies":"Jaw Worm","floor":3,"turns":4},{"damage":7,"enemies":"Looter","floor":4,"turns":4},{"damage":0,"enemies":"2 Fungi Beasts","floor":5,"turns":5},{"damage":15,"enemies":"Gremlin Gang","floor":7,"turns":5},{"damage":17,"enemies":"Lagavulin","floor":8,"turns":9},{"damage":4,"enemies":"Red Slaver","floor":13,"turns":3},{"damage":34,"enemies":"The Guardian","floor":16,"turns":11},{"damage":23,"enemies":"Shell Parasite","floor":18,"turns":5},{"damage":13,"enemies":"Chosen","floor":21,"turns":4},{"damage":36,"enemies":"Snecko","floor":22,"turns":5},{"damage":50,"enemies":"Cultist and Chosen","floor":27,"turns":6}],"seed_played":"-1045407837855022013","potions_obtained":[{"floor":2,"key":"Swift Potion"},{"floor":5,"key":"Poison Potion"},{"floor":7,"key":"Ancient Potion"},{"floor":8,"key":"Poison Potion"},{"floor":16,"key":"Swift Potion"},{"floor":21,"key":"PowerPotion"},{"floor":22,"key":"SkillPotion"}],"is_trial":false,"path_per_floor":["M","M","M","M","M","R","M","E","T","R","$","R","M","?","R","B",null,"M","?","?","M","M","R","?","R","T"],"character_chosen":"DEFECT","items_purchased":[],"campfire_rested":1,"item_purchase_floors":[],"current_hp_per_floor":[64,59,52,52,52,52,44,34,34,34,34,34,40,40,40,16,57,54,54,54,41,25,25,25,46,46,0],"gold":506,"neow_bonus":"THREE_RARE_CARDS","is_prod":false,"is_daily":false,"chose_seed":false,"campfire_upgraded":5,"win_rate":0,"timestamp":1531560810,"path_taken":["M","M","M","M","M","R","M","E","T","R","$","R","M","?","R","BOSS","M","?","?","M","M","R","?","R","T","M"],"build_version":"2018-07-13","purchased_purges":0,"victory":false,"max_hp_per_floor":[71,71,71,71,71,71,71,71,71,71,71,71,71,71,71,71,71,71,71,71,71,71,71,71,71,71,71],"card_choices":[{"not_picked":["Multi-Cast","Reboot"],"picked":"All For One","floor":0},{"not_picked":["Leap","Barrage"],"picked":"Turbo","floor":1},{"not_picked":["Consume","Compile Driver"],"picked":"Echo Form","floor":2},{"not_picked":["Cold Snap","Conserve Battery"],"picked":"Self Repair","floor":3},{"not_picked":["Undo","Turbo"],"picked":"Reinforced Body","floor":4},{"not_picked":["Conserve Battery","Reprogram"],"picked":"Hologram","floor":5},{"not_picked":["Streamline","Ball Lightning"],"picked":"Cold Snap","floor":7},{"not_picked":["Melter","Ball Lightning"],"picked":"Compile Driver","floor":8},{"not_picked":["Redo","Doom and Gloom"],"picked":"Defragment","floor":13},{"not_picked":["Amplify","Fission"],"picked":"Creative AI","floor":16},{"not_picked":["Loop"],"picked":"SKIP","floor":18},{"not_picked":["Double Energy"],"picked":"SKIP","floor":21},{"not_picked":["Sweeping Beam"],"picked":"SKIP","floor":22}],"player_experience":834499,"relics_obtained":[{"floor":8,"key":"Blue Candle"},{"floor":9,"key":"Dodecahedron"},{"floor":26,"key":"Orichalcum"}],"event_choices":[{"event_name":"Living Wall","player_choice":"Grow","floor":14,"damage_taken":0},{"event_name":"Vampires","player_choice":"Ignored","floor":19,"damage_taken":0},{"event_name":"Golden Shrine","player_choice":"Desecrate","floor":20,"damage_taken":0},{"event_name":"The Library","player_choice":"Read","floor":24,"damage_taken":0}],"boss_relics":[{"not_picked":["FrozenCore","Coffee Dripper"],"picked":"Busted Crown"}],"items_purged_floors":[],"is_endless":false,"potions_floor_spawned":[2,5,7,8,16,21,22],"killed_by":"Cultist and Chosen","ascension_level":15}