{"gold_per_floor":[117,133,133,208,222,238,238,258,258,258,258,292,292,330,330,455,455,468,486,585,660,258,302,302,321,321,321,342,363,384,9,9,135,135,150,169,190,214,214,214,238,338,338,359,373,373,417,437,437,566,566,590,609,634,413,444,444,480,480,505,505,528,528,205,8,8,139,139,155,155,155,173,16,16,55,55,91,112,147,147,161,161,173,308,320,357,434,460,96,96,96,114,114,150,170,204,204,235,250,250,381,381,399,399,499,522,542,542,555,555,596,596,640,659,679,699,699,828,828,853,869,884,380,398,398,442,462,503,503,542,561,574,589,589,710,710,735,750,750,398,421,462,492,530,574,574,617,640,640,973,973,973],"floor_reached":152,"playtime":5326,"items_purged":["Burning Pact+1","Carnage","Cleave","True Grit","Bloodletting"],"score":4567,"play_id":"7eb3fd72-7135-4c21-8e82-966909b7f927","local_time":"20190317230134","daily_mods":["Draft"],"is_ascension_mode":false,"campfire_choices":[{"data":"Uppercut","floor":7.0,"key":"SMITH"},{"data":"Infernal Blade","floor":10.0,"key":"SMITH"},{"data":"True Grit","floor":13.0,"key":"SMITH"},{"data":"Perfected Strike","floor":15.0,"key":"SMITH"},{"data":"1","floor":24,"key":"LIFT"},{"data":"2","floor":27,"key":"LIFT"},{"data":"3","floor":32,"key":"LIFT"},{"data":"Spot Weakness","floor":40,"key":"SMITH"},{"data":"Perfected Strike","floor":46,"key":"SMITH"},{"data":"Perfected Strike","floor":49,"key":"SMITH"},{"data":"Perfected Strike","floor":57,"key":"SMITH"},{"data":"Perfected Strike","floor":59,"key":"SMITH"},{"data":"Perfected Strike","floor":61,"key":"SMITH"},{"data":"Perfected Strike","floor":66,"key":"SMITH"},{"data":"Perfected Strike","floor":74,"key":"SMITH"},{"data":"Limit Break","floor":76,"key":"SMITH"},{"data":"Brutality","floor":80,"key":"SMITH"},{"data":"Pummel","floor":83,"key":"SMITH"},{"data":"Intimidate","floor":91,"key":"SMITH"},{"data":"Mind Blast","floor":97,"key":"SMITH"},{"data":"Spot Weakness","floor":100,"key":"SMITH"},{"data":"Feed","floor":108,"key":"SMITH"},{"data":"Pommel Strike","floor":110,"key":"SMITH"},{"data":"Limit Break","floor":112,"key":"SMITH"},{"data":"Perfected Strike","floor":117,"key":"SMITH"},{"floor":125,"key":"DIG"},{"floor":134,"key":"DIG"},{"floor":143,"key":"DIG"},{"floor":146,"key":"DIG"},{"floor":149,"key":"DIG"},{"floor":151,"key":"DIG"}],"neow_cost":"","seed_source_timestamp":0,"circlet_count":0,"master_deck":["Spot Weakness+1","Iron Wave","True Grit+1","Clothesline","Uppercut+1","Intimidate+1","Infernal Blade+1","Battle Trance","Pommel Strike","Pummel+1","Twin Strike","Twin Strike","Wild Strike","Shrug It Off","Perfected Strike+1","Feed+1","Flame Barrier+1","Ghostly Armor+1","Perfected Strike+1","Infernal Blade+1","Shockwave","Feel No Pain","Perfected Strike+1","Wild Strike+1","Pommel Strike+1","Perfected Strike+1","Shrug It Off","Corruption","Pommel Strike+1","Perfected Strike+1","Dark Embrace","Perfected Strike+1","Pommel Strike","Wild Strike+1","Feed","Perfected Strike+1","Twin Strike+1","Twin Strike","Twin Strike+1","Perfected Strike+1","Pommel Strike+1","Spot Weakness+1","Shrug It Off+1","Limit Break+1","Perfected Strike+1","Perfected Strike+1","Twin Strike","Feel No Pain","Reaper","Pommel Strike","Twin Strike","Twin Strike","Brutality+1","Wild Strike","Pommel Strike+1","Demon Form","Wild Strike","Wild Strike","Twin Strike","Twin Strike+1","Impervious","Wild Strike","Perfected Strike+1","Heavy Blade","Madness","Madness","Wild Strike","Mind Blast+1","Twin Strike+1","Perfected Strike+1","Heavy Blade+1","Twin Strike+1","Rage","Pommel Strike+1","Perfected Strike+1","Anger","Anger","Wild Strike","Offering","Headbutt","Shockwave","Limit Break+1","Shrug It Off","Perfected Strike+1","Sword Boomerang","Perfected Strike+1","Pommel Strike","Pommel Strike","Power Through","Immolate","Heavy Blade+1","Searing Blow+1","Flex+1","Thunderclap+1","Anger+1","Apotheosis","Finesse","Go for the Eyes+1","Trip+1","Cloak And Dagger","Rebound+1","Night Terror","Dark Shackles","Quick Slash","Body Slam+1","Steam","Blur","Shockwave","Thunderclap","Demon Form","Havoc+1","Turbo","Crippling Poison+1","Chrysalis","Terror","Perfected Strike"],"special_seed":0,"relics":["Burning Blood","Prayer Wheel","FossilizedHelix","Dodecahedron","Odd Mushroom","Astrolabe","Membership Card","Bottled Flame","Girya","Letter Opener","Oddly Smooth Stone","Vajra","ClockworkSouvenir","Snecko Eye","Happy Flower","Centennial Puzzle","Mark of Pain","Kunai","Anchor","Ancient Tea Set","Art of War","TheAbacus","Bag of Marbles","Self Forming Clay","Nilry\u0027s Codex","Mango","MawBank","Torii","Strawberry","Chemical X","Matryoshka","Bronze Scales","PrismaticShard","Shovel","Shuriken","Pear","Singing Bowl","Pantograph","Frozen Eye","Tiny Chest","Dream Catcher","Toxic Egg 2","Whetstone"],"potions_floor_usage":[23,33,101,101,152,152,152],"damage_taken":[{"damage":8.0,"enemies":"Jaw Worm","floor":1.0,"turns":2.0},{"damage":2.0,"enemies":"2 Louse","floor":2.0,"turns":2.0},{"damage":0.0,"enemies":"Small Slimes","floor":5.0,"turns":3.0},{"damage":9.0,"enemies":"Blue Slaver","floor":6.0,"turns":2.0},{"damage":16.0,"enemies":"Lots of Slimes","floor":8.0,"turns":2.0},{"damage":0.0,"enemies":"Gremlin Nob","floor":12.0,"turns":3.0},{"damage":4.0,"enemies":"The Mushroom Lair","floor":14.0,"turns":3.0},{"damage":18.0,"enemies":"Hexaghost","floor":16.0,"turns":6.0},{"damage":12.0,"enemies":"3 Byrds","floor":18.0,"turns":4.0},{"damage":6.0,"enemies":"Shell Parasite","floor":19.0,"turns":5.0},{"damage":12,"enemies":"Book of Stabbing","floor":23,"turns":5},{"damage":0,"enemies":"Snake Plant","floor":25,"turns":3},{"damage":14,"enemies":"3 Cultists","floor":28,"turns":4},{"damage":15,"enemies":"Shelled Parasite and Fungi","floor":29,"turns":4},{"damage":0,"enemies":"Chosen and Byrds","floor":30,"turns":4},{"damage":64,"enemies":"Collector","floor":33,"turns":10},{"damage":0,"enemies":"Orb Walker","floor":35,"turns":1},{"damage":0,"enemies":"3 Darklings","floor":36,"turns":2},{"damage":0,"enemies":"Transient","floor":37,"turns":5},{"damage":0,"enemies":"Writhing Mass","floor":38,"turns":3},{"damage":0,"enemies":"Spire Growth","floor":41,"turns":3},{"damage":0,"enemies":"Transient","floor":44,"turns":5},{"damage":0,"enemies":"Sphere and 2 Shapes","floor":45,"turns":3},{"damage":0,"enemies":"Nemesis","floor":47,"turns":3},{"damage":0,"enemies":"3 Darklings","floor":48,"turns":2},{"damage":18,"enemies":"Time Eater","floor":50,"turns":4},{"damage":0,"enemies":"2 Louse","floor":52,"turns":1},{"damage":0,"enemies":"Small Slimes","floor":53,"turns":1},{"damage":0,"enemies":"Cultist","floor":54,"turns":1},{"damage":0,"enemies":"3 Sentries","floor":56,"turns":2},{"damage":0,"enemies":"Lagavulin","floor":58,"turns":1},{"damage":0,"enemies":"3 Louse","floor":62,"turns":1},{"damage":0,"enemies":"Hexaghost","floor":67,"turns":1},{"damage":0,"enemies":"Spheric Guardian","floor":69,"turns":1},{"damage":0,"enemies":"Shell Parasite","floor":72,"turns":1},{"damage":0,"enemies":"Gremlin Leader","floor":75,"turns":1},{"damage":0,"enemies":"Slavers","floor":77,"turns":1},{"damage":0,"enemies":"Cultist and Chosen","floor":78,"turns":1},{"damage":0,"enemies":"Gremlin Leader","floor":79,"turns":1},{"damage":0,"enemies":"Snake Plant","floor":81,"turns":1},{"damage":1,"enemies":"Champ","floor":84,"turns":3},{"damage":14,"enemies":"3 Shapes","floor":86,"turns":2},{"damage":0,"enemies":"2 Orb Walkers","floor":87,"turns":2},{"damage":0,"enemies":"Orb Walker","floor":88,"turns":1},{"damage":0,"enemies":"Spire Growth","floor":92,"turns":1},{"damage":3,"enemies":"Giant Head","floor":94,"turns":4},{"damage":0,"enemies":"Sphere and 2 Shapes","floor":95,"turns":1},{"damage":0,"enemies":"Reptomancer","floor":96,"turns":1},{"damage":0,"enemies":"Nemesis","floor":98,"turns":1},{"damage":0,"enemies":"Writhing Mass","floor":99,"turns":1},{"damage":19,"enemies":"Awakened One","floor":101,"turns":5},{"damage":0,"enemies":"Small Slimes","floor":103,"turns":1},{"damage":0,"enemies":"2 Louse","floor":106,"turns":1},{"damage":0,"enemies":"Cultist","floor":107,"turns":1},{"damage":0,"enemies":"Blue Slaver","floor":109,"turns":1},{"damage":0,"enemies":"Gremlin Nob","floor":111,"turns":1},{"damage":0,"enemies":"3 Sentries","floor":113,"turns":1},{"damage":0,"enemies":"Exordium Wildlife","floor":114,"turns":1},{"damage":0,"enemies":"2 Fungi Beasts","floor":115,"turns":1},{"damage":0,"enemies":"Looter","floor":116,"turns":1},{"damage":0,"enemies":"The Guardian","floor":118,"turns":1},{"damage":0,"enemies":"3 Byrds","floor":120,"turns":2},{"damage":0,"enemies":"Spheric Guardian","floor":121,"turns":1},{"damage":0,"enemies":"Snake Plant","floor":122,"turns":1},{"damage":0,"enemies":"Cultist and Chosen","floor":124,"turns":1},{"damage":0,"enemies":"Book of Stabbing","floor":126,"turns":1},{"damage":0,"enemies":"Snecko","floor":127,"turns":1},{"damage":0,"enemies":"Gremlin Leader","floor":128,"turns":1},{"damage":0,"enemies":"Book of Stabbing","floor":130,"turns":1},{"damage":0,"enemies":"Centurion and Healer","floor":131,"turns":1},{"damage":0,"enemies":"Snake Plant","floor":132,"turns":1},{"damage":0,"enemies":"Snecko","floor":133,"turns":1},{"damage":36,"enemies":"Champ","floor":135,"turns":4},{"damage":0,"enemies":"3 Shapes","floor":137,"turns":2},{"damage":0,"enemies":"Orb Walker","floor":138,"turns":1},{"damage":0,"enemies":"Maw","floor":141,"turns":1},{"damage":0,"enemies":"Giant Head","floor":142,"turns":1},{"damage":0,"enemies":"Nemesis","floor":144,"turns":1},{"damage":0,"enemies":"Giant Head","floor":145,"turns":2},{"damage":0,"enemies":"Nemesis","floor":147,"turns":1},{"damage":0,"enemies":"Writhing Mass","floor":148,"turns":1},{"damage":78,"enemies":"Donu and Deca","floor":152,"turns":4}],"seed_played":"9207659899831016272","potions_obtained":[{"floor":5.0,"key":"AttackPotion"},{"floor":12.0,"key":"GamblersBrew"},{"floor":16.0,"key":"Ancient Potion"},{"floor":19.0,"key":"EssenceOfSteel"},{"floor":28,"key":"Fire Potion"},{"floor":29,"key":"Energy Potion"},{"floor":36,"key":"BloodPotion"},{"floor":44,"key":"AttackPotion"},{"floor":75,"key":"Energy Potion"},{"floor":77,"key":"SkillPotion"},{"floor":94,"key":"SkillPotion"},{"floor":106,"key":"SmokeBomb"},{"floor":107,"key":"AttackPotion"},{"floor":121,"key":"SkillPotion"}],"is_trial":true,"path_per_floor":["M","M","?","?","M","M","R","M","T","R","?","E","R","?","R","B",null,"M","M","?","?","$","E","R","M","T","R","M","M","M","$","R","B",null,"M","M","M","M","?","R","M","?","T","M","M","R","E","M","R","B",null,"M","M","M","$","E","R","E","R","T","R","M","?","$","$","R","B",null,"M","?","?","M","$","R","E","R","E","M","E","R","M","?","R","B",null,"M","?","M","$","?","R","M","?","E","M","E","R","E","M","R","B",null,"M","?","?","M","M","R","M","R","E","R","E","M","M","M","R","B",null,"M","M","M","$","M","R","E","M","E","?","E","M","M","M","R","B",null,"M","M","?","$","M","E","R","E","E","R","E","M","R","?","R","B"],"character_chosen":"IRONCLAD","items_purchased":["Membership Card","Bottled Flame","Shockwave","Corruption","Oddly Smooth Stone","Vajra","Pommel Strike","ClockworkSouvenir","Perfected Strike","Kunai","Feel No Pain","Ancient Tea Set","Art of War","TheAbacus","Bag of Marbles","Self Forming Clay","Mango","Strawberry","Chemical X","Matryoshka","Fruit Juice","Heavy Blade","Bronze Scales","PrismaticShard","Apotheosis","Shovel","Singing Bowl","Pantograph","Frozen Eye"],"campfire_rested":0,"item_purchase_floors":[22,22,22,31,31,31,31,31,31,55,55,64,64,64,65,65,73,89,89,89,89,89,123,123,123,123,140,140,140],"current_hp_per_floor":[78,80,60,49,55,52,52,42,42,42,24,30,30,32,32,20,80,77,80,80,72,72,66,66,72,72,72,67,61,67,67,67,9,92,92,92,92,92,82,82,88,88,88,92,92,92,95,95,95,83,95,95,95,95,95,95,95,95,95,95,95,95,100,100,100,100,100,50,50,34,50,50,64,64,64,64,64,64,64,64,64,64,64,64,64,56,65,67,74,65,65,71,61,74,74,74,74,74,74,74,61,37,37,37,37,37,37,37,37,37,37,37,37,37,37,37,37,37,37,37,37,37,37,37,37,37,37,37,37,37,37,37,37,47,18,47,47,47,47,47,51,51,51,53,55,55,55,59,59,59,59,0],"gold":973,"neow_bonus":"","is_prod":false,"is_daily":false,"chose_seed":false,"campfire_upgraded":22,"win_rate":0,"timestamp":1552888894,"path_taken":["M","M","?","?","M","M","R","M","T","R","?","E","R","?","R","BOSS","M","M","?","?","$","E","R","M","T","R","M","M","?","$","R","BOSS","M","M","M","M","?","R","M","?","T","M","M","R","E","M","R","BOSS","M","M","M","?","?","R","E","R","T","R","M","?","?","$","R","BOSS","M","?","?","M","?","R","E","R","E","?","?","R","M","?","R","BOSS","M","?","M","$","?","R","M","?","E","M","E","R","E","M","R","BOSS","M","?","?","M","M","R","M","R","E","R","E","M","M","M","R","BOSS","M","M","M","$","M","R","E","?","E","?","E","?","M","M","R","BOSS","M","M","?","$","M","E","R","E","E","R","E","M","R","?","R","BOSS"],"build_version":"2019-01-23","purchased_purges":5,"victory":false,"max_hp_per_floor":[80,80,80,80,80,80,80,80,80,80,80,80,80,80,80,80,80,83,86,86,86,86,86,86,86,86,86,89,92,92,92,92,92,92,92,92,92,92,92,92,92,92,92,92,92,92,95,95,95,95,95,95,95,95,95,95,95,95,95,95,95,95,100,100,100,100,100,50,50,50,50,50,64,64,64,64,64,64,64,64,64,64,64,64,64,64,67,67,74,74,74,74,74,74,74,74,74,74,74,74,74,37,37,37,37,37,37,37,37,37,37,37,37,37,37,37,37,37,37,37,37,37,37,37,37,37,37,37,37,37,37,37,37,47,47,47,47,47,47,47,51,51,51,53,55,55,55,59,59,59,59,59],"card_choices":[{"not_picked":["Flex","Clothesline"],"picked":"True Grit","floor":0.0},{"not_picked":["Thunderclap","Body Slam"],"picked":"Sword Boomerang","floor":0.0},{"not_picked":["Thunderclap","Second Wind"],"picked":"Spot Weakness","floor":0.0},{"not_picked":["Spot Weakness","Thunderclap"],"picked":"Iron Wave","floor":0.0},{"not_picked":["Perfected Strike","Second Wind"],"picked":"True Grit","floor":0.0},{"not_picked":["True Grit","Havoc"],"picked":"Cleave","floor":0.0},{"not_picked":["Rampage","Wild Strike"],"picked":"Anger","floor":0.0},{"not_picked":["Sword Boomerang","Cleave"],"picked":"Iron Wave","floor":0.0},{"not_picked":["Havoc","Thunderclap"],"picked":"Clothesline","floor":0.0},{"not_picked":["Rupture","Sword Boomerang"],"picked":"Uppercut","floor":0.0},{"not_picked":["Rage","Warcry"],"picked":"Intimidate","floor":0.0},{"not_picked":["Cleave","Flex"],"picked":"Infernal Blade","floor":0.0},{"not_picked":["Evolve","Flex"],"picked":"Battle Trance","floor":0.0},{"not_picked":["Heavy Blade","Flex"],"picked":"Pommel Strike","floor":0.0},{"not_picked":["Perfected Strike","Sword Boomerang"],"picked":"Pummel","floor":0.0},{"not_picked":["Flex","Cleave"],"picked":"Twin Strike","floor":1.0},{"not_picked":["Sword Boomerang","Flex"],"picked":"Twin Strike","floor":2.0},{"not_picked":["Pommel Strike","Heavy Blade"],"picked":"Wild Strike","floor":5.0},{"not_picked":["Heavy Blade","Intimidate"],"picked":"Carnage","floor":6.0},{"not_picked":["Heavy Blade","Burning Pact","Entrench"],"picked":"SKIP","floor":8.0},{"not_picked":["Wild Strike","Spot Weakness"],"picked":"Shrug It Off","floor":12.0},{"not_picked":["Dark Embrace","Body Slam"],"picked":"Perfected Strike","floor":14.0},{"not_picked":["Impervious","Exhume"],"picked":"Feed","floor":16.0},{"not_picked":["Dual Wield","Headbutt+1"],"picked":"Perfected Strike+1","floor":18.0},{"not_picked":["Thunderclap","Cleave+1","Clash"],"picked":"SKIP","floor":18.0},{"not_picked":["Clothesline","Armaments"],"picked":"Infernal Blade+1","floor":19.0},{"not_picked":["Iron Wave","Havoc","Sword Boomerang"],"picked":"SKIP","floor":19.0},{"not_picked":["Iron Wave+1","Warcry"],"picked":"Feel No Pain","floor":23},{"not_picked":["Iron Wave","Barricade"],"picked":"Perfected Strike","floor":25},{"not_picked":["Sever Soul","Flex","Metallicize"],"picked":"SKIP","floor":25},{"not_picked":["Sword Boomerang","Clash"],"picked":"Wild Strike+1","floor":28},{"not_picked":["Thunderclap","Flame Barrier","Second Wind"],"picked":"SKIP","floor":28},{"not_picked":["Clash+1","Impervious"],"picked":"Pommel Strike+1","floor":29},{"not_picked":["Intimidate","Iron Wave"],"picked":"Perfected Strike","floor":29},{"not_picked":["Seeing Red+1","Carnage"],"picked":"Shrug It Off","floor":30},{"not_picked":["Sword Boomerang","Flex+1","Cleave"],"picked":"SKIP","floor":30},{"not_picked":["Fiend Fire","Immolate"],"picked":"Dark Embrace","floor":33},{"not_picked":["Shrug It Off+1","Warcry+1"],"picked":"Perfected Strike","floor":35},{"not_picked":["Heavy Blade+1","Sever Soul+1","Iron Wave+1"],"picked":"SKIP","floor":35},{"not_picked":["Twin Strike","Thunderclap"],"picked":"Pommel Strike","floor":36},{"not_picked":["Anger","Power Through","Warcry"],"picked":"SKIP","floor":36},{"not_picked":["Iron Wave+1","Clash"],"picked":"Wild Strike+1","floor":37},{"not_picked":["Cleave+1","Warcry"],"picked":"Feed","floor":37},{"not_picked":["Headbutt","Flex"],"picked":"Perfected Strike+1","floor":38},{"not_picked":["Thunderclap","Infernal Blade","Shrug It Off+1"],"picked":"SKIP","floor":38},{"not_picked":["Finesse","Impatience"],"picked":"Mayhem","floor":39},{"not_picked":["Corruption+1","Body Slam+1"],"picked":"Twin Strike+1","floor":41},{"not_picked":["Cleave+1","Iron Wave+1","Second Wind"],"picked":"SKIP","floor":41},{"not_picked":["Barricade","Armaments"],"picked":"Twin Strike","floor":44},{"not_picked":["Shrug It Off+1","Battle Trance"],"picked":"Twin Strike+1","floor":44},{"not_picked":["Thunderclap","Dual Wield+1"],"picked":"Perfected Strike","floor":45},{"not_picked":["Flex","Infernal Blade"],"picked":"Pommel Strike+1","floor":45},{"not_picked":["Feed","Sword Boomerang+1","Flex"],"picked":"SKIP","floor":47},{"not_picked":["Clothesline+1","Bloodletting+1"],"picked":"Spot Weakness","floor":48},{"not_picked":["Cleave","Warcry"],"picked":"Shrug It Off+1","floor":48},{"not_picked":["Double Tap","Immolate"],"picked":"Limit Break","floor":50},{"not_picked":["Havoc","Sword Boomerang","Shrug It Off"],"picked":"SKIP","floor":52},{"not_picked":["Rampage","Warcry","Power Through"],"picked":"SKIP","floor":52},{"not_picked":["Fire Breathing","Body Slam"],"picked":"Perfected Strike","floor":53},{"not_picked":["Flame Barrier","Sentinel"],"picked":"Perfected Strike","floor":53},{"not_picked":["Rupture","Entrench"],"picked":"Twin Strike","floor":54},{"not_picked":["Bloodletting","Blood for Blood","Flame Barrier"],"picked":"SKIP","floor":54},{"not_picked":["Flex","Disarm"],"picked":"Reaper","floor":56},{"not_picked":["Heavy Blade","Wild Strike"],"picked":"Pommel Strike","floor":58},{"not_picked":["Armaments","Blood for Blood"],"picked":"Twin Strike","floor":62},{"not_picked":["Heavy Blade","Pummel"],"picked":"Twin Strike","floor":62},{"not_picked":["Reaper","Juggernaut"],"picked":"Brutality","floor":67},{"not_picked":["Entrench+1","True Grit+1"],"picked":"Wild Strike","floor":69},{"not_picked":["Pummel+1","Burning Pact+1","Fire Breathing"],"picked":"SKIP","floor":69},{"not_picked":["Sword Boomerang","Cleave+1"],"picked":"Pommel Strike","floor":72},{"not_picked":["Carnage+1","Spot Weakness","Whirlwind"],"picked":"SKIP","floor":72},{"not_picked":["Iron Wave","Metallicize"],"picked":"Demon Form","floor":75},{"not_picked":["True Grit+1","Headbutt","Thunderclap+1"],"picked":"SKIP","floor":77},{"not_picked":["Iron Wave","Sword Boomerang"],"picked":"Wild Strike","floor":78},{"not_picked":["Bludgeon","Power Through"],"picked":"Wild Strike","floor":78},{"not_picked":["Power Through","Fiend Fire"],"picked":"Twin Strike","floor":79},{"not_picked":["Body Slam","Fire Breathing"],"picked":"Twin Strike","floor":81},{"not_picked":["Cleave","Body Slam","Clothesline+1"],"picked":"SKIP","floor":81},{"not_picked":["Berserk","Juggernaut"],"picked":"Impervious","floor":84},{"not_picked":["Clothesline","Headbutt","Shrug It Off"],"picked":"SKIP","floor":86},{"not_picked":["Clash+1","Ghostly Armor","True Grit"],"picked":"SKIP","floor":86},{"not_picked":["True Grit+1","Flame Barrier+1"],"picked":"Wild Strike","floor":88},{"not_picked":["Armaments","Twin Strike+1"],"picked":"Perfected Strike+1","floor":88},{"not_picked":["Cleave+1","Seeing Red+1"],"picked":"Wild Strike","floor":92},{"not_picked":["Armaments","Corruption","Entrench+1"],"picked":"SKIP","floor":92},{"not_picked":["Deep Breath","Mayhem"],"picked":"Mind Blast","floor":93},{"not_picked":["Uppercut+1","Thunderclap"],"picked":"Twin Strike+1","floor":94},{"not_picked":["Combust+1","Seeing Red"],"picked":"Perfected Strike+1","floor":95},{"not_picked":["Iron Wave+1","Warcry"],"picked":"Heavy Blade+1","floor":95},{"not_picked":["Sword Boomerang+1","Anger+1"],"picked":"Twin Strike+1","floor":96},{"not_picked":["Searing Blow+1","Reaper"],"picked":"Rage","floor":98},{"not_picked":["Cleave","Clothesline"],"picked":"Pommel Strike+1","floor":99},{"not_picked":["Iron Wave","Twin Strike+1"],"picked":"Perfected Strike+1","floor":99},{"not_picked":["Clash","Pummel"],"picked":"Anger","floor":103},{"not_picked":["Body Slam","True Grit"],"picked":"Anger","floor":103},{"not_picked":["Feel No Pain","True Grit"],"picked":"Wild Strike","floor":106},{"not_picked":["Bloodletting","Clash"],"picked":"Offering","floor":106},{"not_picked":["Sword Boomerang","Clothesline","Body Slam"],"picked":"SKIP","floor":107},{"not_picked":["Whirlwind","Clash","Clothesline"],"picked":"SKIP","floor":107},{"not_picked":["Cleave","Sentinel"],"picked":"Headbutt","floor":109},{"not_picked":["Sword Boomerang","Clash"],"picked":"Shockwave","floor":109},{"not_picked":["Heavy Blade","Armaments"],"picked":"Limit Break","floor":111},{"not_picked":["Clash","Fiend Fire"],"picked":"Shrug It Off","floor":113},{"not_picked":["Twin Strike","Sentinel"],"picked":"Perfected Strike","floor":114},{"not_picked":["Blood for Blood","Body Slam"],"picked":"Sword Boomerang","floor":114},{"not_picked":["Dropkick","Armaments"],"picked":"Perfected Strike","floor":115},{"not_picked":["Intimidate","Corruption"],"picked":"Pommel Strike","floor":115},{"not_picked":["Pommel Strike","Uppercut","Clothesline"],"picked":"SKIP","floor":116},{"not_picked":["Power Through","Burning Pact","Headbutt"],"picked":"SKIP","floor":116},{"not_picked":["Uppercut","Clothesline"],"picked":"Pommel Strike","floor":116},{"not_picked":["Burning Pact","Headbutt"],"picked":"Power Through","floor":116},{"not_picked":["Reaper","Brutality"],"picked":"Immolate","floor":118},{"not_picked":["Cleave","True Grit+1"],"picked":"Heavy Blade+1","floor":120},{"not_picked":["Entrench","Clothesline"],"picked":"Searing Blow+1","floor":120},{"not_picked":["Havoc","Body Slam"],"picked":"Flex+1","floor":121},{"not_picked":["Whirlwind+1","Sword Boomerang"],"picked":"Thunderclap","floor":121},{"not_picked":["True Grit","Clash"],"picked":"Anger+1","floor":122},{"not_picked":["Havoc","Anger"],"picked":"Bloodletting","floor":122},{"not_picked":["Armaments","Havoc"],"picked":"Finesse","floor":124},{"not_picked":["Hologram","Combust"],"picked":"Go for the Eyes+1","floor":124},{"not_picked":["Rainbow","Flying Knee+1"],"picked":"Trip+1","floor":126},{"not_picked":["Flechettes","Redo"],"picked":"Cloak And Dagger","floor":127},{"not_picked":["Deadly Poison","Acrobatics"],"picked":"Rebound+1","floor":127},{"not_picked":["Intimidate","Headbutt"],"picked":"Night Terror","floor":128},{"not_picked":["Choke","Finesse+1"],"picked":"Dark Shackles","floor":130},{"not_picked":["Compile Driver","Leap"],"picked":"Quick Slash","floor":131},{"not_picked":["Combust","Blizzard"],"picked":"Body Slam+1","floor":131},{"not_picked":["Armaments","Searing Blow+1"],"picked":"Steam","floor":132},{"not_picked":["Choke","Bane+1"],"picked":"Blur","floor":132},{"not_picked":["Lockon","Reprogram"],"picked":"Shockwave","floor":133},{"not_picked":["Darkness","Combust"],"picked":"Thunderclap","floor":133},{"not_picked":["All For One","Amplify"],"picked":"Demon Form","floor":135},{"not_picked":["Dark Shackles","Thunderclap"],"picked":"Havoc+1","floor":137},{"not_picked":["Rebound","Go for the Eyes"],"picked":"Turbo","floor":137},{"not_picked":["Chaos+1","Iron Wave+1"],"picked":"Crippling Poison+1","floor":138},{"not_picked":["Havoc+1","Leap"],"picked":"Chrysalis","floor":138},{"not_picked":["Sweeping Beam+1","Power Through+1","Redo"],"picked":"Singing Bowl","floor":141},{"not_picked":["Bane+1","Noxious Fumes+1","Poisoned Stab"],"picked":"Singing Bowl","floor":141},{"not_picked":["Warcry+1","Slice+1"],"picked":"Terror","floor":142},{"not_picked":["Reflex+1","Armaments","Jack Of All Trades"],"picked":"Singing Bowl","floor":144},{"not_picked":["Cloak And Dagger","Sucker Punch","Predator+1"],"picked":"Singing Bowl","floor":145},{"not_picked":["Steam Power+1","Quick Slash"],"picked":"Perfected Strike","floor":147},{"not_picked":["Dash","Hologram","Demon Form"],"picked":"Singing Bowl","floor":148},{"not_picked":["Skim+1","Force Field+1","Conserve Battery"],"picked":"Singing Bowl","floor":148}],"player_experience":1077308,"relics_obtained":[{"floor":9.0,"key":"Prayer Wheel"},{"floor":12.0,"key":"Dodecahedron"},{"floor":14.0,"key":"Odd Mushroom"},{"floor":23,"key":"Girya"},{"floor":26,"key":"Letter Opener"},{"floor":43,"key":"Happy Flower"},{"floor":47,"key":"Centennial Puzzle"},{"floor":60,"key":"Anchor"},{"floor":70,"key":"Nilry\u0027s Codex"},{"floor":87,"key":"Torii"},{"floor":125,"key":"Shuriken"},{"floor":134,"key":"Pear"},{"floor":143,"key":"Tiny Chest"},{"floor":146,"key":"Dream Catcher"},{"floor":149,"key":"Toxic Egg 2"},{"floor":151,"key":"Whetstone"}],"event_choices":[{"damage_healed":0.0,"max_hp_gain":0.0,"max_hp_loss":0.0,"gold_gain":0.0,"event_name":"Golden Idol","player_choice":"Take Damage","floor":3.0,"gold_loss":0.0,"damage_taken":20.0,"relics_obtained":["Golden Idol"]},{"damage_healed":0.0,"max_hp_gain":0.0,"max_hp_loss":0.0,"gold_gain":75.0,"event_name":"World of Goop","player_choice":"Gather Gold","floor":4.0,"gold_loss":0.0,"damage_taken":11.0},{"damage_healed":0.0,"max_hp_gain":0.0,"max_hp_loss":0.0,"gold_gain":0.0,"event_name":"Scrap Ooze","player_choice":"Success","floor":11.0,"gold_loss":0.0,"damage_taken":18.0,"relics_obtained":["FossilizedHelix"]},{"damage_healed":0.0,"max_hp_gain":0.0,"max_hp_loss":0.0,"gold_gain":0.0,"event_name":"Mushrooms","player_choice":"Fought Mushrooms","floor":14.0,"gold_loss":0.0,"damage_taken":0.0},{"damage_healed":0.0,"max_hp_gain":0.0,"max_hp_loss":0.0,"gold_gain":99.0,"event_name":"Nest","player_choice":"Stole From Cult","floor":20.0,"gold_loss":0.0,"damage_taken":0.0},{"damage_healed":0.0,"max_hp_gain":0.0,"max_hp_loss":0.0,"gold_gain":75.0,"event_name":"FaceTrader","player_choice":"Touch","floor":21.0,"gold_loss":0.0,"damage_taken":8.0},{"damage_healed":0,"gold_gain":0,"player_choice":"Memory 3","damage_taken":10,"max_hp_gain":0,"max_hp_loss":0,"event_name":"SensoryStone","floor":39,"gold_loss":0},{"damage_healed":0,"gold_gain":100,"player_choice":"Pray","damage_taken":0,"max_hp_gain":0,"max_hp_loss":0,"event_name":"Golden Shrine","floor":42,"gold_loss":0},{"damage_healed":0,"gold_gain":0,"player_choice":"Donut","damage_taken":0,"max_hp_gain":5,"max_hp_loss":0,"event_name":"Big Fish","floor":63,"gold_loss":0},{"damage_healed":0,"gold_gain":0,"player_choice":"Obtained Book","damage_taken":16,"max_hp_gain":0,"max_hp_loss":0,"event_name":"Cursed Tome","floor":70,"gold_loss":0},{"damage_healed":17,"gold_gain":0,"player_choice":"Heal","damage_taken":0,"max_hp_gain":0,"max_hp_loss":0,"event_name":"The Library","floor":71,"gold_loss":0},{"damage_healed":0,"gold_gain":0,"player_choice":"Opened","damage_taken":0,"relics_obtained":["MawBank"],"max_hp_gain":0,"max_hp_loss":0,"event_name":"The Mausoleum","floor":82,"gold_loss":0},{"damage_healed":0,"gold_gain":0,"player_choice":"Fight","damage_taken":0,"max_hp_gain":0,"max_hp_loss":0,"event_name":"Mysterious Sphere","floor":87,"gold_loss":0},{"damage_healed":0,"gold_gain":0,"player_choice":"Embrace Madness","damage_taken":9,"max_hp_gain":0,"max_hp_loss":0,"event_name":"Winding Halls","floor":90,"gold_loss":0,"cards_obtained":["Madness","Madness"]},{"damage_healed":0,"gold_gain":0,"player_choice":"Memory 3","damage_taken":10,"max_hp_gain":0,"max_hp_loss":0,"event_name":"SensoryStone","floor":93,"gold_loss":0},{"damage_healed":0,"gold_gain":0,"player_choice":"Grow","damage_taken":0,"max_hp_gain":0,"max_hp_loss":0,"event_name":"Living Wall","floor":104,"gold_loss":0,"cards_upgraded":["Pommel Strike"]},{"damage_healed":0,"gold_gain":100,"player_choice":"Gold","damage_taken":0,"max_hp_gain":0,"max_hp_loss":0,"event_name":"Wheel of Change","floor":105,"gold_loss":0},{"damage_healed":0,"gold_gain":0,"player_choice":"Upgraded","damage_taken":0,"max_hp_gain":0,"max_hp_loss":0,"event_name":"Upgrade Shrine","floor":129,"gold_loss":0,"cards_upgraded":["Perfected Strike"]},{"cards_removed":["Mayhem"],"damage_healed":0,"gold_gain":0,"player_choice":"Removed Power","damage_taken":0,"max_hp_gain":0,"max_hp_loss":0,"event_name":"Falling","floor":139,"gold_loss":0},{"damage_healed":0,"gold_gain":333,"player_choice":"Gave Idol","damage_taken":0,"max_hp_gain":0,"max_hp_loss":0,"event_name":"The Moai Head","floor":150,"relics_lost":["Golden Idol"],"gold_loss":0}],"is_beta":false,"boss_relics":[{"not_picked":["Calling Bell","Tiny House"],"picked":"Astrolabe"},{"not_picked":["Empty Cage","Black Blood"],"picked":"Snecko Eye"},{"not_picked":["Eternal Feather","Busted Crown"],"picked":"Mark of Pain"},{"not_picked":["Scatterbrain"],"picked":"BlightedDurian"},{"not_picked":["MetallicRebirth"],"picked":"TwistingMind"},{"not_picked":["TwistingMind"],"picked":"BlightedDurian"},{"not_picked":["MetallicRebirth"],"picked":"Scatterbrain"},{"not_picked":["BlightedDurian"],"picked":"Accursed"}],"items_purged_floors":[22,31,55,64,123],"is_endless":true,"potions_floor_spawned":[5,12,16,19,28,29,36,41,44,45,47,53,54,56,69,75,77,79,81,86,94,99,106,107,111,114,116,121,128,130,132,133,141,145],"killed_by":"Donu and Deca","ascension_level":0}