{"gold_per_floor":[12,12,23,37,53,53,79,79,102,102,117,152,152,252,252,354,354,367,379,399,19,38,38],"floor_reached":23,"playtime":1466,"items_purged":[],"score":203,"play_id":"bb7dcc0b-7bac-456d-8c4d-c51ff70f6fc7","local_time":"20181029153704","is_ascension_mode":false,"campfire_choices":[{"data":"Glacier","floor":6,"key":"SMITH"},{"data":"Electrodynamics","floor":8,"key":"SMITH"},{"data":"FTL","floor":10,"key":"SMITH"},{"data":"Chaos","floor":13,"key":"SMITH"},{"data":"Zap","floor":15,"key":"SMITH"}],"neow_cost":"NO_GOLD","seed_source_timestamp":774025957550703,"circlet_count":0,"master_deck":["Strike_B","Strike_B","Defend_B+1","Defend_B","Defend_B+1","Zap+1","Dualcast","Echo Form+1","Gash","Rebound","FTL+1","Glacier+1","Electrodynamics+1","Chaos+1","Gash","Rainbow","Amplify+1","Undo+1","Force Field+1","Glacier","Barrage","Barrage+1","Chrysalis","Gash"],"relics":["Cracked Core","Bag of Marbles","Boot","War Paint","Astrolabe","TheAbacus"],"potions_floor_usage":[],"damage_taken":[{"damage":0,"enemies":"2 Louse","floor":1,"turns":2},{"damage":6,"enemies":"Cultist","floor":3,"turns":4},{"damage":0,"enemies":"Small Slimes","floor":4,"turns":3},{"damage":8,"enemies":"Red Slaver","floor":5,"turns":3},{"damage":6,"enemies":"Lagavulin","floor":7,"turns":8},{"damage":10,"enemies":"Looter","floor":11,"turns":3},{"damage":4,"enemies":"3 Sentries","floor":12,"turns":2},{"damage":27,"enemies":"The Guardian","floor":16,"turns":7},{"damage":0,"enemies":"3 Byrds","floor":18,"turns":1},{"damage":8,"enemies":"Spheric Guardian","floor":19,"turns":4},{"damage":10,"enemies":"Cultist and Chosen","floor":20,"turns":5},{"damage":10,"enemies":"Sentry and Sphere","floor":22,"turns":3},{"damage":53,"enemies":"Slavers","floor":23,"turns":4}],"seed_played":"1776952765296646892","potions_obtained":[{"floor":3,"key":"Weak Potion"},{"floor":4,"key":"Weak Potion"},{"floor":5,"key":"GamblersBrew"},{"floor":11,"key":"FearPotion"}],"is_trial":false,"path_per_floor":["M","?","M","M","M","R","E","R","T","R","M","E","R","?","R","B",null,"M","M","M","$","M"],"character_chosen":"DEFECT","items_purchased":["Chrysalis","TheAbacus"],"campfire_rested":0,"item_purchase_floors":[21,21],"current_hp_per_floor":[75,75,69,69,61,61,55,55,55,55,45,41,41,41,41,14,75,75,67,57,57,47,0],"gold":38,"neow_bonus":"THREE_RARE_CARDS","is_prod":false,"is_daily":false,"chose_seed":false,"campfire_upgraded":5,"win_rate":0.0,"timestamp":1540841824,"path_taken":["M","?","M","M","M","R","E","R","T","R","M","E","R","?","R","BOSS","M","M","M","$","M","E"],"build_version":"2018-10-25v2","purchased_purges":0,"victory":false,"max_hp_per_floor":[75,75,75,75,75,75,75,75,75,75,75,75,75,75,75,75,75,75,75,75,75,75,75],"card_choices":[{"not_picked":["Seek","Electrodynamics"],"picked":"Echo Form","floor":0},{"not_picked":["Glacier","Ball Lightning"],"picked":"Gash","floor":1},{"not_picked":["Glacier","Redo"],"picked":"Rebound","floor":3},{"not_picked":["Heatsinks","Melter"],"picked":"FTL","floor":4},{"not_picked":["Coolheaded","Rip and Tear"],"picked":"Glacier","floor":5},{"not_picked":["Tempest","FTL"],"picked":"Electrodynamics","floor":7},{"not_picked":["Darkness","Rebound"],"picked":"Chaos","floor":11},{"not_picked":["Streamline","Auto Shields"],"picked":"Gash","floor":12},{"not_picked":["Machine Learning","Multi-Cast"],"picked":"Rainbow","floor":16},{"not_picked":["Go for the Eyes+1","Heatsinks"],"picked":"Glacier","floor":18},{"not_picked":["Scrape","Reinforced Body+1"],"picked":"Barrage","floor":19},{"not_picked":["Auto Shields+1","Turbo+1"],"picked":"Barrage+1","floor":20},{"not_picked":["Consume+1","Stack+1"],"picked":"Gash","floor":22}],"player_experience":56106,"relics_obtained":[{"floor":7,"key":"Bag of Marbles"},{"floor":9,"key":"Boot"},{"floor":12,"key":"War Paint"}],"event_choices":[{"damage_healed":0,"gold_gain":0,"player_choice":"Upgraded","damage_taken":0,"max_hp_gain":0,"max_hp_loss":0,"event_name":"Upgrade Shrine","floor":2,"gold_loss":0,"cards_upgraded":["Echo Form"]},{"damage_healed":0,"gold_gain":100,"player_choice":"Pray","damage_taken":0,"max_hp_gain":0,"max_hp_loss":0,"event_name":"Golden Shrine","floor":14,"gold_loss":0}],"is_beta":false,"boss_relics":[{"not_picked":["Velvet Choker","Lizard Tail"],"picked":"Astrolabe"}],"items_purged_floors":[],"is_endless":false,"potions_floor_spawned":[3,4,5,11,18,22],"killed_by":"Slavers","ascension_level":0}