{"gold_per_floor":[116,116,116,141,164,205,205,246,269,269,293,47,47,72,72,162,162,178,178,191,211,72,72,113,113,113,388,388,423,441,462,462,462],"floor_reached":33,"playtime":1976,"items_purged":["Strike_G","Strike_G"],"score":483,"play_id":"5008d70f-dd06-432b-bd8c-2364e37bdbf2","local_time":"20190331194522","is_ascension_mode":true,"campfire_choices":[{"floor":7,"key":"REST"},{"floor":10,"key":"REST"},{"data":"Crippling Poison","floor":13,"key":"SMITH"},{"floor":15,"key":"REST"},{"data":"Catalyst","floor":23,"key":"SMITH"},{"floor":28,"key":"REST"},{"floor":32,"key":"REST"}],"neow_cost":"TEN_PERCENT_HP_LOSS","seed_source_timestamp":281374121967679,"circlet_count":0,"master_deck":["AscendersBane","Defend_G","Defend_G","Defend_G","Defend_G","Defend_G","Strike_G","Strike_G+1","Strike_G","Survivor","Neutralize","Riddle With Holes+1","Infinite Blades","Crippling Poison+1","Cloak And Dagger","Caltrops","Deadly Poison","Noxious Fumes","Envenom","PiercingWail","Poisoned Stab","Catalyst+1","Quick Slash+1","Predator+1"],"relics":["Ring of the Snake","Incense Burner","Golden Idol","Vajra","Whetstone","Sundial","Oddly Smooth Stone","Sozu","Omamori","Blood Vial","Molten Egg 2","Pen Nib"],"potions_floor_usage":[6,18,18],"damage_taken":[{"damage":2,"enemies":"Jaw Worm","floor":1,"turns":7},{"damage":0,"enemies":"2 Louse","floor":4,"turns":3},{"damage":32,"enemies":"Lagavulin","floor":6,"turns":10},{"damage":19,"enemies":"3 Sentries","floor":8,"turns":8},{"damage":1,"enemies":"Small Slimes","floor":11,"turns":4},{"damage":9,"enemies":"Exordium Thugs","floor":14,"turns":3},{"damage":3,"enemies":"The Guardian","floor":16,"turns":8},{"damage":8,"enemies":"2 Thieves","floor":18,"turns":4},{"damage":8,"enemies":"3 Byrds","floor":20,"turns":3},{"damage":9,"enemies":"3 Cultists","floor":21,"turns":5},{"damage":16,"enemies":"Gremlin Leader","floor":24,"turns":7},{"damage":17,"enemies":"Slavers","floor":29,"turns":6},{"damage":9,"enemies":"Snecko","floor":30,"turns":4},{"damage":2,"enemies":"Centurion and Healer","floor":31,"turns":6},{"damage":47,"enemies":"Automaton","floor":33,"turns":8}],"seed_played":"2463317605054859791","potions_obtained":[{"floor":4,"key":"Block Potion"},{"floor":6,"key":"Weak Potion"},{"floor":8,"key":"Explosive Potion"},{"floor":16,"key":"Block Potion"}],"is_trial":false,"path_per_floor":["M","?","?","M","T","E","R","E","T","R","M","$","R","M","R","B",null,"M","?","M","M","$","R","E","$","T","?","R","E","M","M","R","B"],"character_chosen":"THE_SILENT","items_purchased":["Caltrops","Deadly Poison","Fire Potion","Catalyst"],"campfire_rested":5,"item_purchase_floors":[12,12,12,22],"current_hp_per_floor":[61,66,49,49,49,17,37,18,18,38,37,37,37,28,48,45,62,54,54,46,37,37,37,21,21,21,21,41,26,19,19,39,0],"gold":462,"neow_bonus":"ONE_RARE_RELIC","is_prod":false,"is_daily":false,"chose_seed":false,"campfire_upgraded":2,"win_rate":0,"timestamp":1554054322,"path_taken":["M","?","?","M","?","E","R","E","T","R","M","$","R","M","R","BOSS","M","?","?","M","$","R","E","$","T","?","R","E","?","M","R","BOSS"],"build_version":"2019-03-15","purchased_purges":2,"victory":false,"max_hp_per_floor":[63,68,68,68,68,68,68,68,68,68,68,68,68,68,68,68,68,68,68,68,68,68,68,68,68,68,68,68,68,68,68,68,68],"card_choices":[{"not_picked":["Slice","Acrobatics"],"picked":"Riddle With Holes","floor":1},{"not_picked":["Underhanded Strike","Tactician","Heel Hook"],"picked":"SKIP","floor":4},{"not_picked":["Blade Dance","Slice"],"picked":"Infinite Blades","floor":6},{"not_picked":["Quick Slash","Eviscerate"],"picked":"Crippling Poison","floor":8},{"not_picked":["Finisher","Acrobatics"],"picked":"Cloak And Dagger","floor":11},{"not_picked":["Crippling Poison","Flechettes"],"picked":"Noxious Fumes","floor":14},{"not_picked":["Adrenaline","Die Die Die"],"picked":"Envenom","floor":16},{"not_picked":["Blade Dance","Terror"],"picked":"PiercingWail","floor":18},{"not_picked":["Blade Dance","Caltrops"],"picked":"Poisoned Stab","floor":20},{"not_picked":["Distraction","Deadly Poison","Cloak And Dagger"],"picked":"SKIP","floor":21},{"not_picked":["Blade Dance","Outmaneuver","Riddle With Holes"],"picked":"SKIP","floor":24},{"not_picked":["Dagger Spray+1","Choke+1"],"picked":"Quick Slash+1","floor":29},{"not_picked":["Calculated Gamble","Masterful Stab+1"],"picked":"Predator+1","floor":30},{"not_picked":["Setup","Dodge and Roll","Underhanded Strike+1"],"picked":"SKIP","floor":31}],"player_experience":418682,"relics_obtained":[{"floor":5,"key":"Vajra"},{"floor":6,"key":"Whetstone"},{"floor":8,"key":"Sundial"},{"floor":9,"key":"Oddly Smooth Stone"},{"floor":19,"key":"Omamori"},{"floor":24,"key":"Blood Vial"},{"floor":26,"key":"Molten Egg 2"},{"floor":29,"key":"Pen Nib"}],"event_choices":[{"damage_healed":0,"gold_gain":0,"player_choice":"Donut","damage_taken":0,"max_hp_gain":5,"max_hp_loss":0,"event_name":"Big Fish","floor":2,"gold_loss":0},{"damage_healed":0,"gold_gain":0,"player_choice":"Take Damage","damage_taken":17,"relics_obtained":["Golden Idol"],"max_hp_gain":0,"max_hp_loss":0,"event_name":"Golden Idol","floor":3,"gold_loss":0},{"damage_healed":0,"gold_gain":0,"player_choice":"Relic","damage_taken":0,"max_hp_gain":0,"max_hp_loss":0,"event_name":"Wheel of Change","floor":19,"gold_loss":0},{"damage_healed":0,"gold_gain":275,"player_choice":"Desecrate","damage_taken":0,"max_hp_gain":0,"max_hp_loss":0,"event_name":"Golden Shrine","floor":27,"gold_loss":0,"cards_obtained":["Regret"]}],"is_beta":true,"boss_relics":[{"not_picked":["Runic Dome","Orrery"],"picked":"Sozu"}],"items_purged_floors":[12,22],"is_endless":false,"potions_floor_spawned":[4,6,8,16,29,30,31],"killed_by":"Automaton","ascension_level":13}