{"gold_per_floor":[115,134,46,46,62,62,95,95,122,132,132,82,82,94,94,168,168,187,187,187,24,24,24,24],"floor_reached":24,"playtime":1582,"items_purged":["Writhe"],"score":384,"play_id":"a55f5689-232e-4d1e-a623-f7d131615335","local_time":"20190905174835","is_ascension_mode":true,"campfire_choices":[{"data":"Neutralize","floor":6,"key":"SMITH"},{"data":"Catalyst","floor":11,"key":"SMITH"},{"data":"Deadly Poison","floor":13,"key":"SMITH"},{"floor":15,"key":"REST"},{"data":"Ghostly","floor":23,"key":"SMITH"}],"neow_cost":"NONE","seed_source_timestamp":189194591696400,"circlet_count":0,"master_deck":["AscendersBane","Defend_G","Defend_G","Defend_G","Defend_G","Survivor","Neutralize+1","Infinite Blades","Catalyst+1","Crippling Poison","Dagger Throw","Noxious Fumes","Deadly Poison+1","Poisoned Stab","Glass Knife","Unload+1","Flying Knee+1","Storm of Steel+1","Leg Sweep","Ghostly+1","Ghostly","Ghostly","Well Laid Plans","Predator","Dagger Throw"],"special_seed":0,"relics":["Ring of the Snake","Potion Belt","Art of War","Whetstone","Astrolabe","Blood Vial"],"potions_floor_usage":[7,16],"damage_taken":[{"damage":1.0,"enemies":"Cultist","floor":1.0,"turns":4.0},{"damage":1.0,"enemies":"Small Slimes","floor":2.0,"turns":5.0},{"damage":4.0,"enemies":"2 Louse","floor":5.0,"turns":3.0},{"damage":33,"enemies":"Gremlin Nob","floor":7,"turns":5},{"damage":8,"enemies":"Large Slime","floor":10,"turns":6},{"damage":5,"enemies":"2 Fungi Beasts","floor":14,"turns":3},{"damage":7,"enemies":"The Guardian","floor":16,"turns":7},{"damage":24,"enemies":"Spheric Guardian","floor":18,"turns":5},{"damage":38,"enemies":"Book of Stabbing","floor":24,"turns":6}],"seed_played":"-1510538140575671498","potions_obtained":[{"floor":2.0,"key":"Block Potion"},{"floor":7,"key":"Ancient Potion"},{"floor":14,"key":"Fire Potion"}],"is_trial":false,"path_per_floor":["M","M","$","T","M","R","E","?","T","M","R","?","R","M","R","B",null,"M","?","?","$","?","R","E"],"character_chosen":"THE_SILENT","items_purchased":["Crippling Poison","Well Laid Plans"],"campfire_rested":1,"item_purchase_floors":[3,21],"current_hp_per_floor":[64,63,63,63,59,59,26,26,26,18,18,18,18,13,34,27,61,37,37,36,36,36,36,0],"gold":24,"neow_bonus":"TEN_PERCENT_HP_BONUS","is_prod":false,"is_daily":false,"chose_seed":false,"campfire_upgraded":4,"win_rate":0,"timestamp":1567720115,"path_taken":["M","M","?","?","M","R","E","?","T","?","R","?","R","M","R","BOSS","M","?","?","$","?","R","E"],"build_version":"2019-07-17","purchased_purges":1,"victory":false,"max_hp_per_floor":[72,72,72,72,72,72,72,72,72,72,72,72,72,72,72,72,72,72,72,36,36,36,36,36],"card_choices":[{"not_picked":["Flying Knee","Blur"],"picked":"Infinite Blades","floor":1.0},{"not_picked":["Escape Plan","Riddle With Holes"],"picked":"Catalyst","floor":2.0},{"not_picked":["Masterful Stab","Eviscerate"],"picked":"Dagger Throw","floor":5.0},{"not_picked":["Infinite Blades","Dodge and Roll"],"picked":"Noxious Fumes","floor":7},{"not_picked":["Bane","Predator"],"picked":"Deadly Poison","floor":10},{"not_picked":["Bane","Reflex"],"picked":"Poisoned Stab","floor":14},{"not_picked":["Venomology","Unload"],"picked":"Glass Knife","floor":16},{"not_picked":["Bane","Infinite Blades"],"picked":"Leg Sweep","floor":18}],"player_experience":767234,"relics_obtained":[{"floor":4.0,"key":"Potion Belt"},{"floor":7,"key":"Art of War"},{"floor":9,"key":"Whetstone"}],"event_choices":[{"cards_removed":["Strike_G"],"damage_healed":0,"gold_gain":0,"player_choice":"Purged","damage_taken":0,"max_hp_gain":0,"max_hp_loss":0,"event_name":"Purifier","floor":8,"gold_loss":0},{"damage_healed":0,"gold_gain":0,"player_choice":"Left Gold","damage_taken":0,"max_hp_gain":0,"max_hp_loss":0,"event_name":"World of Goop","floor":12,"gold_loss":50},{"damage_healed":0,"gold_gain":0,"player_choice":"Opened","damage_taken":0,"relics_obtained":["Blood Vial"],"max_hp_gain":0,"max_hp_loss":0,"event_name":"The Mausoleum","floor":19,"gold_loss":0,"cards_obtained":["Writhe"]},{"damage_healed":0,"gold_gain":0,"player_choice":"Became a Ghost","damage_taken":0,"max_hp_gain":0,"max_hp_loss":36,"event_name":"Ghosts","floor":20,"gold_loss":0,"cards_obtained":["Ghostly","Ghostly","Ghostly"]},{"damage_healed":0,"gold_gain":0,"cards_transformed":["Strike_G","Strike_G"],"player_choice":"Became Test Subject","damage_taken":0,"max_hp_gain":0,"max_hp_loss":0,"event_name":"Drug Dealer","floor":22,"gold_loss":0,"cards_obtained":["Predator","Dagger Throw"]}],"is_beta":false,"boss_relics":[{"not_picked":["Lizard Tail","Black Star"],"picked":"Astrolabe"}],"items_purged_floors":[21],"is_endless":false,"potions_floor_spawned":[2,7,14],"killed_by":"Book of Stabbing","ascension_level":20}