{"gold_per_floor":[216,228,155,175,189,189,216,234,307,339,339,414,414,449,449,449],"floor_reached":16,"playtime":663,"items_purged":[],"score":210,"play_id":"308a1171-d016-430f-8845-d214723bd76a","local_time":"20180724183424","is_ascension_mode":true,"campfire_choices":[{"data":"Neutralize","floor":6,"key":"SMITH"},{"floor":13,"key":"REST"},{"floor":15,"key":"REST"}],"neow_cost":"NONE","seed_source_timestamp":1372220657675327,"circlet_count":0,"master_deck":["Defend_G","Defend_G","Defend_G","Defend_G","Defend_G","Strike_G","Strike_G","Strike_G","Strike_G","Survivor","Neutralize+1","AscendersBane","Dagger Throw","Endless Agony","Backstab","Poisoned Stab","Burst","Noxious Fumes","Dash","Storm of Steel","Infinite Blades"],"relics":["Ring of the Snake","The Courier","Pear","Sundial","Bag of Marbles"],"potions_floor_usage":[14],"damage_taken":[{"damage":1,"enemies":"Cultist","floor":1,"turns":5},{"damage":8,"enemies":"Jaw Worm","floor":2,"turns":6},{"damage":5,"enemies":"Small Slimes","floor":4,"turns":3},{"damage":4,"enemies":"Blue Slaver","floor":5,"turns":4},{"damage":23,"enemies":"Gremlin Nob","floor":7,"turns":4},{"damage":1,"enemies":"Looter","floor":8,"turns":3},{"damage":5,"enemies":"3 Sentries","floor":10,"turns":7},{"damage":15,"enemies":"Gremlin Nob","floor":14,"turns":4},{"damage":42,"enemies":"Slime Boss","floor":16,"turns":7}],"seed_played":"-427237429434857709","potions_obtained":[{"floor":7,"key":"Ancient Potion"},{"floor":8,"key":"Energy Potion"},{"floor":10,"key":"SpeedPotion"}],"is_trial":false,"path_per_floor":["M","M","$","M","M","R","E","M","T","E","?","?","R","E","R"],"character_chosen":"THE_SILENT","items_purchased":["Backstab"],"campfire_rested":2,"item_purchase_floors":[3],"current_hp_per_floor":[58,50,50,45,41,41,18,17,27,22,15,4,26,11,33,0],"gold":449,"neow_bonus":"HUNDRED_GOLD","is_prod":false,"is_daily":false,"chose_seed":false,"campfire_upgraded":1,"win_rate":0,"timestamp":1532482464,"path_taken":["M","M","$","M","M","R","E","?","T","E","?","?","R","E","R","BOSS"],"build_version":"2018-07-23","purchased_purges":0,"victory":false,"max_hp_per_floor":[66,66,66,66,66,66,66,66,76,76,76,76,76,76,76,76],"card_choices":[{"not_picked":["Outmaneuver","Finisher"],"picked":"Dagger Throw","floor":1},{"not_picked":["Bane","Escape Plan"],"picked":"Endless Agony","floor":2},{"not_picked":["Bane","Deflect"],"picked":"Poisoned Stab","floor":4},{"not_picked":["Distraction","Dodge and Roll"],"picked":"Burst","floor":5},{"not_picked":["Poisoned Stab","Caltrops"],"picked":"Noxious Fumes","floor":7},{"not_picked":["Underhanded Strike","Flying Knee"],"picked":"Dash","floor":8},{"not_picked":["Flying Knee","Concentrate"],"picked":"Storm of Steel","floor":10},{"not_picked":["Sucker Punch","Escape Plan"],"picked":"Infinite Blades","floor":14}],"player_experience":871677,"relics_obtained":[{"floor":7,"key":"The Courier"},{"floor":9,"key":"Pear"},{"floor":10,"key":"Sundial"},{"floor":14,"key":"Bag of Marbles"}],"event_choices":[{"event_name":"Golden Wing","player_choice":"Card Removal","floor":11,"damage_taken":0},{"event_name":"World of Goop","player_choice":"Gather Gold","floor":12,"damage_taken":0}],"is_beta":true,"boss_relics":[],"items_purged_floors":[],"is_endless":false,"potions_floor_spawned":[7,8,10],"killed_by":"Slime Boss","ascension_level":15}