{"gold_per_floor":[111,126,126,126,138,138,148,182,209,221,233,245,273,315,327,440,452,478,509,521],"floor_reached":20,"playtime":1989,"items_purged":[],"score":230,"play_id":"ce2b93de-3346-489e-a2b7-8aa19925ff01","local_time":"20180915190113","is_ascension_mode":true,"campfire_choices":[{"data":"Go for the Eyes","floor":6,"key":"SMITH"},{"floor":11,"key":"REST"},{"floor":15,"key":"REST"}],"neow_cost":"NONE","seed_source_timestamp":152032170691425,"circlet_count":0,"master_deck":["Strike_B","Strike_B","Strike_B","Defend_B+1","Defend_B","Defend_B","Defend_B","Zap","Dualcast","Leap","Darkness","Go for the Eyes+1","Genetic Algorithm+1","Multi-Cast","Steam","Machine Learning","Seek","Consume","Capacitor+1"],"relics":["Cracked Core","Boot","Oddly Smooth Stone","MawBank","Orichalcum","Eternal Feather"],"potions_floor_usage":[14,14,20],"damage_taken":[{"damage":2,"enemies":"Jaw Worm","floor":1,"turns":3},{"damage":12,"enemies":"Small Slimes","floor":2,"turns":3},{"damage":1,"enemies":"Cultist","floor":5,"turns":4},{"damage":22,"enemies":"Lots of Slimes","floor":7,"turns":6},{"damage":11,"enemies":"Lagavulin","floor":8,"turns":7},{"damage":0,"enemies":"Looter","floor":13,"turns":3},{"damage":5,"enemies":"Gremlin Nob","floor":14,"turns":4},{"damage":26,"enemies":"The Guardian","floor":16,"turns":11},{"damage":16,"enemies":"3 Byrds","floor":18,"turns":5},{"damage":18,"enemies":"Spheric Guardian","floor":19,"turns":6},{"damage":44,"enemies":"Cultist and Chosen","floor":20,"turns":4}],"seed_played":"-877964280813468506","potions_obtained":[{"floor":7,"key":"SteroidPotion"},{"floor":8,"key":"Fire Potion"},{"floor":13,"key":"PowerPotion"},{"floor":16,"key":"LiquidBronze"},{"floor":19,"key":"Weak Potion"}],"is_trial":false,"path_per_floor":["M","M","?","?","M","R","M","E","T","?","R","?","M","E","R","B",null,"M","M"],"character_chosen":"DEFECT","items_purchased":[],"campfire_rested":2,"item_purchase_floors":[],"current_hp_per_floor":[73,61,61,61,60,60,38,27,27,20,42,27,27,22,44,18,61,45,27,0],"gold":521,"neow_bonus":"ONE_RANDOM_RARE_CARD","is_prod":false,"is_daily":false,"chose_seed":false,"campfire_upgraded":1,"win_rate":0,"timestamp":1537063273,"path_taken":["M","M","?","?","M","R","M","E","T","?","R","?","M","E","R","BOSS","M","M","M"],"build_version":"2018-09-06","purchased_purges":0,"victory":false,"max_hp_per_floor":[75,75,75,75,75,75,75,75,75,75,75,75,75,75,75,75,75,75,75,75],"card_choices":[{"not_picked":["Gash","Compile Driver"],"picked":"Leap","floor":1},{"not_picked":["Hologram","Aggregate"],"picked":"Darkness","floor":2},{"not_picked":["Turbo","Static Discharge"],"picked":"Go for the Eyes","floor":5},{"not_picked":["Beam Cell","Skim"],"picked":"Genetic Algorithm","floor":7},{"not_picked":["Genetic Algorithm","Glacier"],"picked":"Multi-Cast","floor":8},{"not_picked":["Reinforced Body","Gash"],"picked":"Steam","floor":13},{"not_picked":["Static Discharge","Turbo"],"picked":"Machine Learning","floor":14},{"not_picked":["Meteor Strike","Hyperbeam"],"picked":"Seek","floor":16},{"not_picked":["Conserve Battery","Stack"],"picked":"Consume","floor":18},{"not_picked":["Scrape+1","Storm"],"picked":"Capacitor+1","floor":19}],"player_experience":389438,"relics_obtained":[{"floor":8,"key":"Oddly Smooth Stone"},{"floor":9,"key":"MawBank"},{"floor":14,"key":"Orichalcum"}],"event_choices":[{"event_name":"Liars Game","player_choice":"disagreed","floor":3,"damage_taken":0},{"event_name":"WeMeetAgain","player_choice":"Card","floor":4,"damage_taken":0},{"event_name":"Golden Wing","player_choice":"Card Removal","floor":10,"damage_taken":0},{"event_name":"Shining Light","player_choice":"Entered Light","floor":12,"damage_taken":0}],"is_beta":false,"boss_relics":[{"not_picked":["Coffee Dripper","Runic Dome"],"picked":"Eternal Feather"}],"items_purged_floors":[],"is_endless":false,"potions_floor_spawned":[7,8,13,16,19],"killed_by":"Cultist and Chosen","ascension_level":5}