{"gold_per_floor":[112,112,131,131,231,265,265,280,280,280,280,314,73,84,84,84],"floor_reached":16,"playtime":491,"items_purged":["Strike_R"],"score":266,"play_id":"44cb8957-a5ff-4afe-8e88-8a653c6c5283","local_time":"20190402152519","is_ascension_mode":true,"campfire_choices":[{"data":"Bash","floor":7,"key":"SMITH"},{"data":"Clothesline","floor":10,"key":"SMITH"},{"data":"Limit Break","floor":15,"key":"SMITH"}],"neow_cost":"NONE","seed_source_timestamp":3620059310705130,"circlet_count":0,"master_deck":["AscendersBane","Strike_R","Strike_R","Strike_R","Defend_R","Defend_R","Defend_R","Defend_R","Bash+1","Clothesline+1","Shrug It Off","Limit Break+1","Battle Trance","Spot Weakness","Evolve","Body Slam"],"relics":["Burning Blood","NeowsBlessing","Paper Frog","Ancient Tea Set","Mummified Hand","Peace Pipe"],"potions_floor_usage":[16],"damage_taken":[{"damage":0,"enemies":"Small Slimes","floor":1,"turns":1},{"damage":0,"enemies":"2 Louse","floor":3,"turns":1},{"damage":0,"enemies":"Gremlin Nob","floor":6,"turns":1},{"damage":0,"enemies":"Cultist","floor":8,"turns":3},{"damage":31,"enemies":"Lagavulin","floor":12,"turns":6},{"damage":9,"enemies":"Blue Slaver","floor":14,"turns":4},{"damage":53,"enemies":"The Guardian","floor":16,"turns":10}],"seed_played":"-3836222411532214258","potions_obtained":[{"floor":8,"key":"FearPotion"},{"floor":12,"key":"Swift Potion"}],"is_trial":false,"path_per_floor":["M","?","M","?","?","E","R","M","T","R","?","E","$","M","R","B"],"character_chosen":"IRONCLAD","items_purchased":["Spot Weakness","Evolve"],"campfire_rested":0,"item_purchase_floors":[13,13],"current_hp_per_floor":[74,67,73,78,78,80,80,80,80,80,80,55,55,52,52,0],"gold":84,"neow_bonus":"THREE_ENEMY_KILL","is_prod":false,"is_daily":false,"chose_seed":false,"campfire_upgraded":3,"win_rate":0,"timestamp":1554243919,"path_taken":["M","?","M","?","?","E","R","?","T","R","?","E","?","M","R","BOSS"],"build_version":"2019-03-15","purchased_purges":1,"victory":false,"max_hp_per_floor":[75,75,75,80,80,80,80,80,80,80,80,80,80,80,80,80],"card_choices":[{"not_picked":["Havoc","Shockwave"],"picked":"Clothesline","floor":1},{"not_picked":["Bloodletting","Blood for Blood","Heavy Blade"],"picked":"SKIP","floor":3},{"not_picked":["Body Slam","Iron Wave"],"picked":"Shrug It Off","floor":6},{"not_picked":["Shrug It Off","Iron Wave"],"picked":"Limit Break","floor":8},{"not_picked":["Perfected Strike","Fire Breathing"],"picked":"Battle Trance","floor":12},{"not_picked":["Flex","Perfected Strike"],"picked":"Body Slam","floor":14}],"player_experience":1250449,"relics_obtained":[{"floor":6,"key":"Paper Frog"},{"floor":9,"key":"Ancient Tea Set"},{"floor":12,"key":"Peace Pipe"}],"event_choices":[{"cards_removed":["Strike_R"],"damage_healed":0,"gold_gain":0,"player_choice":"Card Removal","damage_taken":7,"max_hp_gain":0,"max_hp_loss":0,"event_name":"Golden Wing","floor":2,"gold_loss":0},{"damage_healed":0,"gold_gain":0,"player_choice":"Donut","damage_taken":0,"max_hp_gain":5,"max_hp_loss":0,"event_name":"Big Fish","floor":4,"gold_loss":0},{"damage_healed":0,"gold_gain":100,"player_choice":"Gold","damage_taken":0,"max_hp_gain":0,"max_hp_loss":0,"event_name":"Wheel of Change","floor":5,"gold_loss":0},{"damage_healed":0,"gold_gain":0,"player_choice":"Gave Potion","damage_taken":0,"relics_obtained":["Mummified Hand"],"max_hp_gain":0,"max_hp_loss":0,"event_name":"WeMeetAgain","floor":11,"gold_loss":0}],"is_beta":true,"boss_relics":[],"items_purged_floors":[13],"is_endless":false,"potions_floor_spawned":[8,12],"killed_by":"The Guardian","ascension_level":20}