{"gold_per_floor":[116,191,67,142,160,186,186,216,216,236,236,268,287,287,287,287],"floor_reached":16,"playtime":743,"items_purged":["Meteor Strike"],"score":183,"play_id":"97086ea8-8356-477c-98b1-54f77e5fd874","local_time":"20190521194717","is_ascension_mode":true,"campfire_choices":[{"data":"Sunder","floor":7.0,"key":"SMITH"},{"floor":11.0,"key":"REST"},{"floor":15.0,"key":"REST"}],"neow_cost":"NONE","seed_source_timestamp":247422165576746,"circlet_count":0,"master_deck":["AscendersBane","Zap","Dualcast","Streamline","Genetic Algorithm","Capacitor","Sunder+1","Redo","FTL","Heatsinks","Cold Snap","Consume","Hyperbeam+1","Conserve Battery","Hologram","Glacier"],"special_seed":0,"relics":["Pandora\u0027s Box","Bottled Flame","Lantern","Matryoshka","Singing Bowl"],"potions_floor_usage":[16],"damage_taken":[{"damage":6.0,"enemies":"Cultist","floor":1.0,"turns":3.0},{"damage":12.0,"enemies":"Jaw Worm","floor":5.0,"turns":3.0},{"damage":12.0,"enemies":"Gremlin Nob","floor":6.0,"turns":3.0},{"damage":13.0,"enemies":"3 Sentries","floor":8.0,"turns":3.0},{"damage":6.0,"enemies":"2 Louse","floor":10.0,"turns":2.0},{"damage":5.0,"enemies":"Lagavulin","floor":12.0,"turns":6.0},{"damage":8.0,"enemies":"Blue Slaver","floor":13.0,"turns":2.0},{"damage":34,"enemies":"Slime Boss","floor":16,"turns":6}],"seed_played":"2333016279635568948","potions_obtained":[{"floor":5.0,"key":"EssenceOfSteel"},{"floor":6.0,"key":"PowerPotion"},{"floor":10.0,"key":"EssenceOfSteel"},{"floor":12.0,"key":"LiquidBronze"}],"is_trial":false,"path_per_floor":["M","?","$","?","M","E","R","E","T","M","R","E","M","?","R","B"],"character_chosen":"DEFECT","items_purchased":["Explosive Potion"],"campfire_rested":2,"item_purchase_floors":[3],"current_hp_per_floor":[62,51,51,44,32,20,20,7,7,1,23,18,10,10,32,0],"gold":287,"neow_bonus":"BOSS_RELIC","is_prod":false,"is_daily":false,"chose_seed":false,"campfire_upgraded":1,"win_rate":0,"timestamp":1558460837,"path_taken":["M","?","$","?","M","E","R","E","T","?","R","E","M","?","R","BOSS"],"build_version":"2019-05-07","purchased_purges":1,"victory":false,"max_hp_per_floor":[75,75,75,75,75,75,75,75,75,75,75,75,75,75,75,75],"card_choices":[{"not_picked":["Gash","Streamline"],"picked":"Cold Snap","floor":1.0},{"not_picked":["Barrage","Lockon"],"picked":"Consume","floor":5.0},{"not_picked":["Aggregate","Rip and Tear"],"picked":"Hyperbeam","floor":6.0},{"not_picked":["Barrage","Double Energy","Capacitor"],"picked":"SKIP","floor":8.0},{"not_picked":["Compile Driver","Stack"],"picked":"Conserve Battery","floor":10.0},{"not_picked":["Rebound","Amplify"],"picked":"Hologram","floor":12.0},{"not_picked":["Redo","BootSequence"],"picked":"Glacier","floor":13.0}],"player_experience":599066,"relics_obtained":[{"floor":6.0,"key":"Bottled Flame"},{"floor":8.0,"key":"Lantern"},{"floor":9.0,"key":"Matryoshka"},{"floor":12.0,"key":"Singing Bowl"}],"event_choices":[{"damage_healed":0.0,"max_hp_gain":0.0,"max_hp_loss":0.0,"gold_gain":75.0,"event_name":"World of Goop","player_choice":"Gather Gold","floor":2.0,"gold_loss":0.0,"damage_taken":11.0},{"damage_healed":0.0,"max_hp_gain":0.0,"max_hp_loss":0.0,"gold_gain":75.0,"event_name":"FaceTrader","player_choice":"Touch","floor":4.0,"gold_loss":0.0,"damage_taken":7.0},{"damage_healed":0.0,"max_hp_gain":0.0,"max_hp_loss":0.0,"gold_gain":0.0,"event_name":"Living Wall","player_choice":"Grow","floor":14.0,"gold_loss":0.0,"damage_taken":0.0,"cards_upgraded":["Hyperbeam"]}],"is_beta":true,"boss_relics":[],"items_purged_floors":[3],"is_endless":false,"potions_floor_spawned":[5,6,10,12],"killed_by":"Slime Boss","ascension_level":11}