{"gold_per_floor":[219,183,53,66,82,82,82,82,82,92,108,121,121,140,140,235,235,252,238,238,250,250],"floor_reached":22,"playtime":1885,"items_purged":[],"score":180,"play_id":"4777fe5b-a50b-4a67-9ee6-84b7160b6627","local_time":"20190802192158","is_ascension_mode":false,"campfire_choices":[{"data":"Coolheaded","floor":6,"key":"SMITH"},{"data":"Sunder","floor":15,"key":"SMITH"}],"neow_cost":"NONE","seed_source_timestamp":983624634764900,"circlet_count":0,"master_deck":["Strike_B","Strike_B","Strike_B","Strike_B","Defend_B","Defend_B","Defend_B","Defend_B","Zap","Dualcast","Coolheaded+1","Go for the Eyes","Barrage","Turbo","Self Repair","Go for the Eyes","Reboot","Cold Snap","Heatsinks","Sunder+1","Electrodynamics","Clumsy","Doubt","Regret","Reinforced Body","Defragment+1","Rainbow","Static Discharge","Scrape+1"],"relics":["Cracked Core","StoneCalendar","Calling Bell","Vajra","Kunai","Calipers"],"potions_floor_usage":[21,21],"damage_taken":[{"damage":10,"enemies":"Small Slimes","floor":1,"turns":3},{"damage":4,"enemies":"Jaw Worm","floor":4,"turns":3},{"damage":0,"enemies":"Cultist","floor":5,"turns":4},{"damage":9,"enemies":"2 Fungi Beasts","floor":10,"turns":3},{"damage":0,"enemies":"Blue Slaver","floor":11,"turns":3},{"damage":5,"enemies":"Exordium Thugs","floor":12,"turns":6},{"damage":0,"enemies":"3 Louse","floor":14,"turns":3},{"damage":39,"enemies":"The Guardian","floor":16,"turns":13},{"damage":18,"enemies":"Spheric Guardian","floor":18,"turns":4},{"damage":42,"enemies":"2 Thieves","floor":19,"turns":4},{"damage":32,"enemies":"3 Cultists","floor":21,"turns":6},{"damage":9,"enemies":"Snake Plant","floor":22,"turns":1}],"seed_played":"5891009245620894828","potions_obtained":[{"floor":1,"key":"Fire Potion"},{"floor":5,"key":"Energy Potion"},{"floor":10,"key":"Weak Potion"},{"floor":14,"key":"FocusPotion"}],"is_trial":false,"path_per_floor":["M","?","$","M","M","R","?","?","T","M","M","M","?","M","R","B",null,"M","M","?","M","M"],"character_chosen":"DEFECT","items_purchased":["Go for the Eyes","Barrage","Turbo"],"campfire_rested":0,"item_purchase_floors":[3,3,3],"current_hp_per_floor":[65,65,65,61,68,68,68,61,61,59,66,68,73,73,73,41,80,69,34,34,9,0],"gold":250,"neow_bonus":"HUNDRED_GOLD","is_prod":false,"is_daily":false,"chose_seed":false,"campfire_upgraded":2,"win_rate":0.0,"timestamp":1564762918,"path_taken":["M","?","?","M","?","R","?","?","T","M","M","?","?","M","R","BOSS","M","M","?","M","?"],"build_version":"2019-07-17","purchased_purges":0,"victory":false,"max_hp_per_floor":[75,75,75,75,75,75,75,75,75,75,75,75,80,80,80,80,80,80,80,80,80,80],"card_choices":[{"not_picked":["Undo","Conserve Battery"],"picked":"Coolheaded","floor":1},{"not_picked":["Rebound","Streamline"],"picked":"Self Repair","floor":4},{"not_picked":["Aggregate","Redo"],"picked":"Go for the Eyes","floor":5},{"not_picked":["Barrage","Conserve Battery"],"picked":"Reboot","floor":10},{"not_picked":["Loop","Barrage"],"picked":"Cold Snap","floor":11},{"not_picked":["Compile Driver","Hello World"],"picked":"Heatsinks","floor":12},{"not_picked":["Storm","Compile Driver"],"picked":"Sunder","floor":14},{"not_picked":["Biased Cognition","Thunder Strike"],"picked":"Electrodynamics","floor":16},{"not_picked":["Streamline","Beam Cell"],"picked":"Reinforced Body","floor":18},{"not_picked":["Compile Driver","Loop+1"],"picked":"Defragment+1","floor":19},{"not_picked":["Steam","Rebound"],"picked":"Scrape+1","floor":21}],"player_experience":19861,"relics_obtained":[{"floor":9,"key":"StoneCalendar"},{"floor":17,"key":"Vajra"},{"floor":17,"key":"Kunai"},{"floor":17,"key":"Calipers"}],"event_choices":[{"damage_healed":0,"gold_gain":0,"player_choice":"Left Gold","damage_taken":0,"max_hp_gain":0,"max_hp_loss":0,"event_name":"World of Goop","floor":2,"gold_loss":36},{"damage_healed":0,"gold_gain":0,"player_choice":"Ignored","damage_taken":0,"max_hp_gain":0,"max_hp_loss":0,"event_name":"Golden Wing","floor":7,"gold_loss":0},{"damage_healed":0,"gold_gain":0,"player_choice":"Damaged","damage_taken":7,"max_hp_gain":0,"max_hp_loss":0,"event_name":"Wheel of Change","floor":8,"gold_loss":0},{"damage_healed":0,"gold_gain":0,"player_choice":"Donut","damage_taken":0,"max_hp_gain":5,"max_hp_loss":0,"event_name":"Big Fish","floor":13,"gold_loss":0},{"damage_healed":0,"gold_gain":0,"player_choice":"2 cards matched","damage_taken":0,"max_hp_gain":0,"max_hp_loss":0,"event_name":"Match and Keep!","floor":20,"gold_loss":0,"cards_obtained":["Rainbow","Static Discharge"]}],"is_beta":false,"boss_relics":[{"not_picked":["Fusion Hammer","Empty Cage"],"picked":"Calling Bell"}],"items_purged_floors":[],"is_endless":false,"potions_floor_spawned":[1,5,10,14,19],"killed_by":"Snake Plant","ascension_level":0}