{"gold_per_floor":[418,418,41,57,81,81,124,124,147,182,207,277,28,28,28,118,118,142,142,142,31,45,45,88,104,157,157,200,218,231,244,244,244],"floor_reached":33,"playtime":2738,"items_purged":["Injury","Strike_B"],"score":541,"play_id":"8bc5eb5f-b3a5-486b-8c2c-550839b11b69","local_time":"20190808133739","is_ascension_mode":true,"campfire_choices":[{"data":"Zap","floor":6,"key":"SMITH"},{"floor":8,"key":"REST"},{"floor":15,"key":"REST"},{"data":"Buffer","floor":23,"key":"SMITH"},{"data":"Seek","floor":27,"key":"SMITH"},{"floor":32,"key":"REST"}],"neow_cost":"PERCENT_DAMAGE","seed_source_timestamp":266999170572045,"circlet_count":0,"master_deck":["AscendersBane","Strike_B","Defend_B","Defend_B","Defend_B","Defend_B","Zap+1","Dualcast","Gash","Gash","Go for the Eyes","Defragment","Skim","Chill","Coolheaded","Coolheaded","Buffer+1","Gash","FTL","Reboot","Scrape","Seek+1","Undo","Gash","Blind","Conserve Battery","Conserve Battery+1","Rebound","Decay","Hologram","Hologram+1"],"relics":["Cracked Core","Old Coin","Golden Idol","DollysMirror","Potion Belt","Art of War","Gremlin Horn","DataDisk","Cursed Key","Smiling Mask","Bag of Marbles","Boot"],"potions_floor_usage":[7,7,11,18,24,24,29,30,33],"damage_taken":[{"damage":3,"enemies":"Jaw Worm","floor":1,"turns":4},{"damage":0,"enemies":"Small Slimes","floor":4,"turns":3},{"damage":0,"enemies":"Cultist","floor":5,"turns":3},{"damage":28,"enemies":"3 Sentries","floor":7,"turns":7},{"damage":31,"enemies":"Gremlin Nob","floor":10,"turns":5},{"damage":0,"enemies":"Lots of Slimes","floor":11,"turns":7},{"damage":5,"enemies":"3 Sentries","floor":12,"turns":9},{"damage":5,"enemies":"Slime Boss","floor":16,"turns":9},{"damage":25,"enemies":"2 Thieves","floor":18,"turns":4},{"damage":3,"enemies":"Chosen","floor":22,"turns":4},{"damage":15,"enemies":"Slavers","floor":24,"turns":5},{"damage":2,"enemies":"Centurion and Healer","floor":25,"turns":8},{"damage":12,"enemies":"Book of Stabbing","floor":28,"turns":5},{"damage":3,"enemies":"Snake Plant","floor":29,"turns":4},{"damage":0,"enemies":"Snecko","floor":30,"turns":7},{"damage":2,"enemies":"Chosen and Byrds","floor":31,"turns":5},{"damage":38,"enemies":"Collector","floor":33,"turns":5}],"seed_played":"7333167963871937153","potions_obtained":[{"floor":4,"key":"Fire Potion"},{"floor":5,"key":"SkillPotion"},{"floor":10,"key":"Regen Potion"},{"floor":18,"key":"Fruit Juice"},{"floor":20,"key":"Poison Potion"},{"floor":20,"key":"EssenceOfSteel"},{"floor":24,"key":"SteroidPotion"},{"floor":29,"key":"PowerPotion"},{"floor":30,"key":"Poison Potion"}],"is_trial":false,"path_per_floor":["M","?","$","M","M","R","E","R","T","E","M","?","$","$","R","B",null,"M","?","?","$","M","R","E","M","T","R","E","M","M","M","R","B"],"character_chosen":"DEFECT","items_purchased":["DollysMirror","Go for the Eyes","Defragment","Gash","Block Potion","FTL","Gash","Blind"],"campfire_rested":3,"item_purchase_floors":[3,3,3,13,13,13,21,21],"current_hp_per_floor":[43,43,43,43,43,43,15,36,36,5,20,15,15,15,36,31,61,41,41,41,41,38,38,23,21,21,21,9,6,6,4,26,0],"gold":244,"neow_bonus":"ONE_RARE_RELIC","is_prod":false,"is_daily":false,"chose_seed":false,"campfire_upgraded":3,"win_rate":0,"timestamp":1565285859,"path_taken":["M","?","$","M","M","R","E","R","T","E","M","?","?","$","R","BOSS","M","?","?","$","M","R","E","M","T","R","E","?","M","M","R","BOSS"],"build_version":"2019-07-17","purchased_purges":2,"victory":false,"max_hp_per_floor":[71,71,71,71,71,71,71,71,71,71,71,71,71,71,71,71,71,76,76,76,76,76,76,76,76,76,76,76,76,76,76,76,76],"card_choices":[{"not_picked":["Steam","Lockon"],"picked":"Gash","floor":1},{"not_picked":["Rip and Tear","Cold Snap"],"picked":"Skim","floor":4},{"not_picked":["Blizzard","Steam","Compile Driver"],"picked":"SKIP","floor":5},{"not_picked":["Recycle","Compile Driver"],"picked":"Chill","floor":7},{"not_picked":["Redo","Compile Driver"],"picked":"Coolheaded","floor":10},{"not_picked":["Rebound","Redo"],"picked":"Coolheaded","floor":11},{"not_picked":["Blizzard","Rebound"],"picked":"Buffer","floor":12},{"not_picked":["Amplify","Rainbow"],"picked":"Reboot","floor":16},{"not_picked":["Rip and Tear","Streamline"],"picked":"Scrape","floor":18},{"not_picked":["Ball Lightning","Cold Snap+1"],"picked":"Conserve Battery","floor":22},{"not_picked":["Hello World","Leap"],"picked":"Conserve Battery+1","floor":24},{"not_picked":["Conserve Battery","Coolheaded"],"picked":"Rebound","floor":25},{"not_picked":["Aggregate","Fission"],"picked":"Hologram","floor":28},{"not_picked":["Rebound","Consume","Go for the Eyes+1"],"picked":"SKIP","floor":29},{"not_picked":["Steam","Auto Shields","Self Repair"],"picked":"SKIP","floor":30},{"not_picked":["Streamline","Steam+1"],"picked":"Hologram+1","floor":31}],"player_experience":704799,"relics_obtained":[{"floor":7,"key":"Potion Belt"},{"floor":9,"key":"Art of War"},{"floor":10,"key":"Gremlin Horn"},{"floor":12,"key":"DataDisk"},{"floor":24,"key":"Smiling Mask"},{"floor":26,"key":"Bag of Marbles"},{"floor":28,"key":"Boot"}],"event_choices":[{"damage_healed":0,"gold_gain":0,"player_choice":"Take Wound","damage_taken":0,"relics_obtained":["Golden Idol"],"max_hp_gain":0,"max_hp_loss":0,"event_name":"Golden Idol","floor":2,"gold_loss":0,"cards_obtained":["Injury"]},{"damage_healed":0,"gold_gain":0,"player_choice":"Searched \u00271\u0027 times","damage_taken":0,"max_hp_gain":0,"max_hp_loss":0,"event_name":"Dead Adventurer","floor":12,"gold_loss":0},{"damage_healed":0,"gold_gain":0,"cards_transformed":["Strike_B","Strike_B"],"player_choice":"Became Test Subject","damage_taken":0,"max_hp_gain":0,"max_hp_loss":0,"event_name":"Drug Dealer","floor":19,"gold_loss":0,"cards_obtained":["Seek","Undo"]},{"damage_healed":0,"gold_gain":0,"player_choice":"Got Potions","damage_taken":0,"max_hp_gain":0,"max_hp_loss":0,"event_name":"Lab","floor":20,"gold_loss":0}],"is_beta":false,"boss_relics":[{"not_picked":["FrozenCore","Black Star"],"picked":"Cursed Key"}],"items_purged_floors":[3,13],"is_endless":false,"potions_floor_spawned":[4,5,10,18,24,29,30],"killed_by":"Collector","ascension_level":15}