{"gold_per_floor":[110,129,13,28,48,48,48,59,59,16,16,16,16,30,30,102,102,119,137,137,35,35,35,55,75,98,114,114,114],"floor_reached":29,"playtime":1683,"items_purged":[],"score":459,"play_id":"4f1e6429-fe96-4cfa-b331-f9349ca016c5","local_time":"20190114032244","is_ascension_mode":true,"campfire_choices":[{"data":"Night Terror","floor":7.0,"key":"SMITH"},{"data":"Distraction","floor":11.0,"key":"SMITH"},{"floor":13.0,"key":"REST"},{"data":"Cloak And Dagger","floor":15.0,"key":"SMITH"},{"data":"Glass Knife","floor":23.0,"key":"SMITH"},{"data":"Discovery","floor":28,"key":"SMITH"}],"neow_cost":"NONE","seed_source_timestamp":6658563923040300,"circlet_count":0,"master_deck":["AscendersBane","Defend_G","Defend_G","Defend_G","Defend_G","Survivor","Neutralize+1","Night Terror+1","Dagger Spray+1","Choke","Predator","Well Laid Plans","Heel Hook","Caltrops","Cloak And Dagger+1","Distraction+1","Skewer","Glass Knife+1","PiercingWail","Quick Slash+1","Bite","Bite","Bite","Bite","Bite","Discovery+1","Blade Dance","Deflect+1","Deflect"],"special_seed":0,"relics":["Ring of the Snake","Omamori","Sozu","Juzu Bracelet"],"potions_floor_usage":[24],"damage_taken":[{"damage":11.0,"enemies":"Cultist","floor":1.0,"turns":5.0},{"damage":3.0,"enemies":"Small Slimes","floor":2.0,"turns":3.0},{"damage":0.0,"enemies":"Jaw Worm","floor":4.0,"turns":5.0},{"damage":2.0,"enemies":"2 Fungi Beasts","floor":5.0,"turns":3.0},{"damage":0.0,"enemies":"Exordium Wildlife","floor":8.0,"turns":5.0},{"damage":4.0,"enemies":"Blue Slaver","floor":14.0,"turns":3.0},{"damage":26.0,"enemies":"Hexaghost","floor":16.0,"turns":9.0},{"damage":0.0,"enemies":"Chosen","floor":18.0,"turns":3.0},{"damage":16.0,"enemies":"Spheric Guardian","floor":19.0,"turns":4.0},{"damage":21,"enemies":"Snake Plant","floor":24,"turns":5},{"damage":8,"enemies":"Snecko","floor":25,"turns":4},{"damage":21,"enemies":"Centurion and Healer","floor":27,"turns":7},{"damage":16,"enemies":"Gremlin Leader","floor":29,"turns":2}],"seed_played":"1645477090034286546","potions_obtained":[{"floor":2.0,"key":"Weak Potion"},{"floor":5.0,"key":"FearPotion"},{"floor":8.0,"key":"Poison Potion"},{"floor":14.0,"key":"EssenceOfSteel"}],"is_trial":false,"path_per_floor":["M","M","$","M","M","?","R","M","T","$","R","?","R","M","R","B",null,"M","M","?","$","?","R","M","M","T","M","R","E"],"character_chosen":"THE_SILENT","items_purchased":["Predator","Well Laid Plans","Distraction","Discovery"],"campfire_rested":1,"item_purchase_floors":[3,3,10,21],"current_hp_per_floor":[48,45,45,45,43,36,36,36,36,36,36,16,35,31,31,5,51,51,35,35,35,35,35,22,16,16,7,7,0],"gold":114,"neow_bonus":"TRANSFORM_CARD","is_prod":false,"is_daily":false,"chose_seed":false,"campfire_upgraded":5,"win_rate":0,"timestamp":1547464964,"path_taken":["M","M","$","M","?","?","R","M","T","?","R","?","R","?","R","BOSS","M","M","?","$","?","R","?","M","T","M","R","E"],"build_version":"2019-01-10","purchased_purges":0,"victory":false,"max_hp_per_floor":[66,66,66,66,66,66,66,66,66,66,66,66,66,66,66,66,66,66,66,46,46,46,46,46,46,46,46,46,46],"card_choices":[{"not_picked":["PiercingWail","Dagger Throw"],"picked":"Dagger Spray","floor":1.0},{"not_picked":["Eviscerate","Poisoned Stab"],"picked":"Choke","floor":2.0},{"not_picked":["Catalyst","Flechettes"],"picked":"Heel Hook","floor":4.0},{"not_picked":["Backflip","Acrobatics"],"picked":"Caltrops","floor":5.0},{"not_picked":["Crippling Poison","PiercingWail"],"picked":"Cloak And Dagger","floor":8.0},{"not_picked":["Riddle With Holes","Outmaneuver"],"picked":"Skewer","floor":14.0},{"not_picked":["Doppelganger","Unload"],"picked":"Glass Knife","floor":16.0},{"not_picked":["Sucker Punch","Crippling Poison"],"picked":"PiercingWail","floor":18.0},{"not_picked":["Sucker Punch","Masterful Stab"],"picked":"Quick Slash+1","floor":19.0},{"not_picked":["Blade Dance","Setup"],"picked":"Deflect+1","floor":24},{"not_picked":["Bane","Eviscerate","Bouncing Flask"],"picked":"SKIP","floor":25},{"not_picked":["Poisoned Stab","Calculated Gamble"],"picked":"Deflect","floor":27}],"player_experience":3211695,"relics_obtained":[{"floor":9.0,"key":"Omamori"},{"floor":26,"key":"Juzu Bracelet"}],"event_choices":[{"cards_removed":["Strike_G"],"damage_healed":0.0,"max_hp_gain":0.0,"max_hp_loss":0.0,"gold_gain":0.0,"event_name":"Golden Wing","player_choice":"Card Removal","floor":6.0,"gold_loss":0.0,"damage_taken":7.0},{"damage_healed":0.0,"max_hp_gain":0.0,"max_hp_loss":0.0,"gold_gain":0.0,"event_name":"Shining Light","player_choice":"Entered Light","floor":12.0,"gold_loss":0.0,"damage_taken":20.0,"cards_upgraded":["Dagger Spray","Neutralize"]},{"damage_healed":0.0,"max_hp_gain":0.0,"max_hp_loss":20.0,"gold_gain":0.0,"event_name":"Vampires","player_choice":"Became a vampire","floor":20.0,"gold_loss":0.0,"damage_taken":0.0,"cards_obtained":["Bite","Bite","Bite","Bite","Bite"]},{"damage_healed":0.0,"max_hp_gain":0.0,"max_hp_loss":0.0,"gold_gain":0.0,"cards_transformed":["Defend_G"],"event_name":"Transmorgrifier","player_choice":"Transformed","floor":22.0,"gold_loss":0.0,"damage_taken":0.0,"cards_obtained":["Blade Dance"]}],"is_beta":true,"boss_relics":[{"not_picked":["Ectoplasm","Lizard Tail"],"picked":"Sozu"}],"items_purged_floors":[],"is_endless":false,"potions_floor_spawned":[2,5,8,14,19,25],"killed_by":"Gremlin Leader","ascension_level":20}