{"gold_per_floor":[117,128,148,148,148,183,183,204,204,223,173,214,94,107,107,227,227,251,251,261,261,275,275,301,301,301,301,301,301,301,320,320,422,422,442,342,342,342,362,362,389,389,389,423,102,102,30,44,44,44],"floor_reached":51,"playtime":2190,"items_purged":["Strike_R","Strike_R","Defend_R"],"score":969,"play_id":"3949ec08-4555-4cc6-a617-ade3161e43cf","local_time":"20190425122926","is_ascension_mode":true,"campfire_choices":[{"data":"Uppercut","floor":7,"key":"SMITH"},{"data":"Demon Form","floor":15,"key":"SMITH"},{"data":"Armaments","floor":23,"key":"SMITH"},{"data":"Heavy Blade","floor":25,"key":"SMITH"},{"data":"True Grit","floor":27,"key":"SMITH"},{"floor":32,"key":"REST"},{"data":"Offering","floor":40,"key":"SMITH"},{"data":"Double Tap","floor":42,"key":"SMITH"},{"data":"Metallicize","floor":49,"key":"SMITH"}],"neow_cost":"NONE","seed_source_timestamp":4251596777597,"circlet_count":0,"master_deck":["Defend_R","Bash","Demon Form+1","Thunderclap","Uppercut+1","Pommel Strike","Fiend Fire","True Grit+1","Whirlwind","Heavy Blade+1","Metallicize+1","Double Tap+1","Armaments+1","Carnage","Feel No Pain","Necronomicurse","Offering+1","Power Through","Dual Wield+1","Metallicize"],"special_seed":0,"relics":["Burning Blood","Vajra","Bloody Idol","Mummified Hand","Meat on the Bone","Bronze Scales","Nloth\u0027s Gift","Juzu Bracelet","Kunai","Oddly Smooth Stone","Necronomicon","Busted Crown","PreservedInsect","Ornamental Fan","MawBank","OrangePellets"],"potions_floor_usage":[6,24,41],"damage_taken":[{"damage":1.0,"enemies":"Cultist","floor":1.0,"turns":4.0},{"damage":13.0,"enemies":"Jaw Worm","floor":2.0,"turns":5.0},{"damage":2.0,"enemies":"2 Louse","floor":3.0,"turns":4.0},{"damage":32,"enemies":"3 Sentries","floor":6,"turns":5},{"damage":0,"enemies":"Large Slime","floor":8,"turns":3},{"damage":8,"enemies":"Looter","floor":10,"turns":3},{"damage":15,"enemies":"Lagavulin","floor":12,"turns":5},{"damage":0,"enemies":"Red Slaver","floor":14,"turns":3},{"damage":30,"enemies":"Slime Boss","floor":16,"turns":6},{"damage":27,"enemies":"2 Thieves","floor":18,"turns":4},{"damage":19,"enemies":"Shell Parasite","floor":20,"turns":4},{"damage":19,"enemies":"Snake Plant","floor":22,"turns":3},{"damage":35,"enemies":"Book of Stabbing","floor":24,"turns":4},{"damage":18,"enemies":"Centurion and Healer","floor":31,"turns":4},{"damage":55,"enemies":"Collector","floor":33,"turns":5},{"damage":1,"enemies":"Orb Walker","floor":35,"turns":2},{"damage":3,"enemies":"3 Shapes","floor":39,"turns":4},{"damage":16,"enemies":"Giant Head","floor":41,"turns":4},{"damage":21,"enemies":"Nemesis","floor":44,"turns":3},{"damage":6,"enemies":"Spire Growth","floor":48,"turns":2},{"damage":32,"enemies":"Time Eater","floor":50,"turns":6}],"seed_played":"1482031011584310472","potions_obtained":[{"floor":1.0,"key":"Explosive Potion"},{"floor":6,"key":"GamblersBrew"},{"floor":8,"key":"Strength Potion"},{"floor":16,"key":"Fire Potion"},{"floor":20,"key":"Dexterity Potion"},{"floor":33,"key":"SpeedPotion"},{"floor":41,"key":"Fruit Juice"}],"is_trial":false,"path_per_floor":["M","M","M","?","?","E","R","M","T","M","?","E","$","M","R","B",null,"M","?","M","?","M","R","E","R","T","R","?","?","?","M","R","B",null,"M","$","?","?","M","R","E","R","T","E","$","?","$","M","R","B",null],"character_chosen":"IRONCLAD","items_purchased":["Heavy Blade","OrangePellets","Metallicize"],"campfire_rested":1,"item_purchase_floors":[13,45,47],"current_hp_per_floor":[77,70,74,74,54,28,28,34,34,44,44,47,47,53,53,41,70,49,49,53,53,57,57,45,45,45,45,45,45,29,34,58,26,67,77,77,77,77,80,80,80,80,80,70,75,75,75,80,80,54],"gold":44,"neow_bonus":"ONE_RANDOM_RARE_CARD","is_prod":false,"is_daily":false,"chose_seed":false,"campfire_upgraded":8,"win_rate":0,"timestamp":1556209766,"path_taken":["M","?","M","?","?","E","R","M","T","?","?","E","$","M","R","BOSS","M","?","M","?","M","R","E","R","T","R","?","?","?","M","R","BOSS","M","$","?","?","M","R","E","R","T","E","$","?","?","M","R","BOSS"],"build_version":"2019-01-23","purchased_purges":3,"victory":true,"max_hp_per_floor":[80,80,80,80,80,80,80,80,80,80,80,80,80,80,80,80,80,80,80,80,80,80,80,80,80,80,80,80,80,80,80,80,80,80,80,80,80,80,80,80,85,85,85,85,85,85,85,85,85,85],"card_choices":[{"not_picked":["Flex","Warcry"],"picked":"Thunderclap","floor":1.0},{"not_picked":["Evolve","Warcry"],"picked":"Uppercut","floor":2.0},{"not_picked":["Carnage","Rage"],"picked":"Pommel Strike","floor":3.0},{"not_picked":["Clash","Battle Trance"],"picked":"Fiend Fire","floor":6},{"not_picked":["Warcry","Thunderclap"],"picked":"True Grit","floor":8},{"not_picked":["Second Wind","Clothesline","Sever Soul"],"picked":"SKIP","floor":10},{"not_picked":["Flame Barrier","Anger"],"picked":"Whirlwind","floor":12},{"not_picked":["Battle Trance","Havoc"],"picked":"Metallicize","floor":14},{"not_picked":["Brutality","Barricade"],"picked":"Double Tap","floor":16},{"not_picked":["Twin Strike","Pommel Strike","Clothesline"],"picked":"SKIP","floor":18},{"not_picked":["Warcry","Twin Strike"],"picked":"Armaments","floor":20},{"not_picked":["Thunderclap","Anger+1","Sword Boomerang"],"picked":"SKIP","floor":22},{"not_picked":["Corruption","Brutality","Havoc"],"picked":"SKIP","floor":24},{"not_picked":["Entrench","Sever Soul+1","Clash"],"picked":"SKIP","floor":31},{"not_picked":["Berserk","Dark Embrace"],"picked":"Offering","floor":33},{"not_picked":[],"picked":"Power Through","floor":35},{"not_picked":["Flex+1"],"picked":"SKIP","floor":39},{"not_picked":[],"picked":"Dual Wield","floor":41},{"not_picked":["Twin Strike+1"],"picked":"SKIP","floor":44},{"not_picked":["Sword Boomerang"],"picked":"SKIP","floor":48}],"player_experience":530176,"relics_obtained":[{"floor":6,"key":"Mummified Hand"},{"floor":9,"key":"Meat on the Bone"},{"floor":12,"key":"Bronze Scales"},{"floor":24,"key":"Juzu Bracelet"},{"floor":26,"key":"Kunai"},{"floor":30,"key":"Necronomicon"},{"floor":41,"key":"PreservedInsect"},{"floor":43,"key":"Ornamental Fan"},{"floor":44,"key":"MawBank"}],"event_choices":[{"damage_healed":0.0,"max_hp_gain":0.0,"max_hp_loss":0.0,"gold_gain":0.0,"event_name":"Big Fish","player_choice":"Box","floor":4.0,"gold_loss":0.0,"damage_taken":0.0,"relics_obtained":["Vajra"],"cards_obtained":["Regret"]},{"damage_healed":0.0,"max_hp_gain":0.0,"max_hp_loss":0.0,"gold_gain":0.0,"event_name":"Golden Idol","player_choice":"Take Damage","floor":5.0,"gold_loss":0.0,"damage_taken":20.0,"relics_obtained":["Golden Idol"]},{"cards_removed":["Regret"],"damage_healed":0,"gold_gain":0,"player_choice":"Card Removal","damage_taken":0,"max_hp_gain":0,"max_hp_loss":0,"event_name":"The Cleric","floor":11,"gold_loss":50},{"damage_healed":0,"gold_gain":0,"player_choice":"Gave Idol","damage_taken":0,"relics_obtained":["Bloody Idol"],"max_hp_gain":0,"max_hp_loss":0,"event_name":"Forgotten Altar","floor":19,"relics_lost":["Golden Idol"],"gold_loss":0},{"damage_healed":0,"gold_gain":0,"player_choice":"Traded Relic","damage_taken":0,"relics_obtained":["Nloth\u0027s Gift"],"max_hp_gain":0,"max_hp_loss":0,"event_name":"N\u0027loth","floor":21,"relics_lost":["Empty Cage"],"gold_loss":0},{"damage_healed":0,"gold_gain":0,"cards_transformed":["Strike_R","Defend_R"],"player_choice":"Became Test Subject","damage_taken":0,"max_hp_gain":0,"max_hp_loss":0,"event_name":"Drug Dealer","floor":28,"gold_loss":0,"cards_obtained":["Carnage","Feel No Pain"]},{"damage_healed":0,"gold_gain":0,"player_choice":"Opened","damage_taken":0,"relics_obtained":["Oddly Smooth Stone"],"max_hp_gain":0,"max_hp_loss":0,"event_name":"The Mausoleum","floor":29,"gold_loss":0},{"damage_healed":0,"gold_gain":0,"player_choice":"Obtained Book","damage_taken":16,"max_hp_gain":0,"max_hp_loss":0,"event_name":"Cursed Tome","floor":30,"gold_loss":0},{"cards_removed":["Defend_R"],"damage_healed":0,"gold_gain":0,"player_choice":"Offered Basic","damage_taken":0,"max_hp_gain":0,"max_hp_loss":0,"event_name":"Bonfire Elementals","floor":37,"gold_loss":0},{"damage_healed":0,"gold_gain":0,"player_choice":"Memory 1","damage_taken":0,"max_hp_gain":0,"max_hp_loss":0,"event_name":"SensoryStone","floor":38,"gold_loss":0},{"damage_healed":0,"gold_gain":0,"player_choice":"Forge","damage_taken":0,"max_hp_gain":0,"max_hp_loss":0,"event_name":"Accursed Blacksmith","floor":46,"gold_loss":0,"cards_upgraded":["Dual Wield"]}],"is_beta":false,"boss_relics":[{"not_picked":["Fusion Hammer","Eternal Feather"],"picked":"Empty Cage"},{"not_picked":["White Beast Statue","Runic Pyramid"],"picked":"Busted Crown"}],"items_purged_floors":[13,36,45],"is_endless":false,"potions_floor_spawned":[1,6,8,16,20,22,33,35,41],"ascension_level":7}