{"gold_per_floor":[218,232,251,9,9,38,56,56,56,76,76,101,116,116,116,214,214,229,242,128,143,43,76,76,101,101,132,132,132,132,102,102,201,201,214,230,230,249,249,249,249,274,274,322,351,41,41,52,52,52],"floor_reached":51,"playtime":8481,"items_purged":["Strike_P","Defend_P"],"score":783,"play_id":"095811d7-4566-4c04-add4-e15ea8f53079","local_time":"20190911031326","is_ascension_mode":true,"campfire_choices":[{"data":"Establishment","floor":8.0,"key":"SMITH"},{"floor":11.0,"key":"REST"},{"data":"Protect","floor":15.0,"key":"SMITH"},{"floor":24.0,"key":"REST"},{"data":"Devotion","floor":28.0,"key":"SMITH"},{"data":"WindmillStrike","floor":32.0,"key":"SMITH"},{"floor":40.0,"key":"REST"},{"floor":47,"key":"REST"},{"floor":49,"key":"REST"}],"neow_cost":"NONE","seed_source_timestamp":378881270084344,"circlet_count":0,"master_deck":["Strike_P+1","Strike_P+1","Strike_P+1","Defend_P+1","Defend_P+1","Defend_P+1","Eruption+1","Vigilance+1","CutThroughFate+1","ClearTheMind+1","LessonLearned+1","Protect+1","SandsOfTime+1","Crescendo+1","Establishment+1","WaveOfTheHand+1","MasterReality+1","Sanctity+1","EmptyBody+1","Devotion+1","Protect+1","Crescendo+1","WindmillStrike+1","EmptyMind+1","FollowUp+1","Protect+1","Blind+1"],"special_seed":0,"relics":["PureWater","Orrery","Whetstone","Bag of Marbles","Toxic Egg 2","Busted Crown","War Paint","The Courier","Darkstone Periapt","Oddly Smooth Stone","Fusion Hammer","Bottled Tornado","Centennial Puzzle","Turnip","White Beast Statue","Gremlin Horn"],"potions_floor_usage":[50,50],"damage_taken":[{"damage":0.0,"enemies":"2 Louse","floor":1.0,"turns":2.0},{"damage":0.0,"enemies":"Cultist","floor":2.0,"turns":2.0},{"damage":3.0,"enemies":"Small Slimes","floor":3.0,"turns":3.0},{"damage":18.0,"enemies":"Gremlin Nob","floor":6.0,"turns":3.0},{"damage":3.0,"enemies":"3 Louse","floor":7.0,"turns":3.0},{"damage":9.0,"enemies":"Gremlin Gang","floor":10.0,"turns":4.0},{"damage":12.0,"enemies":"3 Sentries","floor":12.0,"turns":6.0},{"damage":6.0,"enemies":"Blue Slaver","floor":13.0,"turns":4.0},{"damage":32.0,"enemies":"Hexaghost","floor":16.0,"turns":14.0},{"damage":10.0,"enemies":"3 Byrds","floor":18.0,"turns":5.0},{"damage":10.0,"enemies":"2 Thieves","floor":19.0,"turns":4.0},{"damage":1.0,"enemies":"Centurion and Healer","floor":21.0,"turns":4.0},{"damage":9.0,"enemies":"Book of Stabbing","floor":23.0,"turns":7.0},{"damage":0.0,"enemies":"Gremlin Leader","floor":25.0,"turns":4.0},{"damage":1.0,"enemies":"Book of Stabbing","floor":27.0,"turns":5.0},{"damage":25.0,"enemies":"Collector","floor":33.0,"turns":7.0},{"damage":5.0,"enemies":"3 Shapes","floor":35.0,"turns":3.0},{"damage":26.0,"enemies":"3 Darklings","floor":36.0,"turns":4.0},{"damage":5.0,"enemies":"Sphere and 2 Shapes","floor":38.0,"turns":6.0},{"damage":11.0,"enemies":"Nemesis","floor":42.0,"turns":5.0},{"damage":14.0,"enemies":"2 Orb Walkers","floor":44.0,"turns":3.0},{"damage":1.0,"enemies":"Giant Head","floor":45.0,"turns":6.0},{"damage":4,"enemies":"Jaw Worm Horde","floor":48,"turns":3},{"damage":48,"enemies":"Awakened One","floor":50,"turns":15}],"seed_played":"-3059507625326868555","potions_obtained":[{"floor":2.0,"key":"SteroidPotion"},{"floor":6.0,"key":"DuplicationPotion"},{"floor":16.0,"key":"SkillPotion"},{"floor":18.0,"key":"FearPotion"},{"floor":23.0,"key":"Strength Potion"},{"floor":31.0,"key":"Swift Potion"},{"floor":31.0,"key":"EntropicBrew"},{"floor":35.0,"key":"EntropicBrew"},{"floor":38.0,"key":"StancePotion"},{"floor":42.0,"key":"Block Potion"},{"floor":48,"key":"StancePotion"}],"is_trial":false,"path_per_floor":["M","M","M","$","?","E","M","R","T","M","R","E","M","?","R","B",null,"M","M","$","M","$","E","R","E","T","E","R","$","?","?","R","B",null,"M","M","$","M","$","R","?","E","T","?","E","$","R","M","R","B",null],"character_chosen":"WATCHER","items_purchased":["Orrery","Establishment","Dexterity Potion","Devotion","Protect+1","Blind+1","Gremlin Horn"],"campfire_rested":5,"item_purchase_floors":[4,4,4,20,46,46,46],"current_hp_per_floor":[65,65,62,62,62,44,41,41,41,32,51,39,33,65,65,33,65,55,45,45,44,44,35,54,54,54,53,53,53,53,53,53,28,65,60,43,43,38,38,57,57,46,46,32,31,31,50,46,65,17],"gold":52,"neow_bonus":"HUNDRED_GOLD","is_prod":false,"is_daily":false,"chose_seed":false,"campfire_upgraded":4,"win_rate":0,"timestamp":1568164406,"path_taken":["M","M","M","$","?","E","M","R","T","M","R","E","M","?","R","BOSS","M","?","?","M","$","E","R","E","T","E","R","$","?","?","R","BOSS","M","M","$","?","$","R","?","E","T","?","E","$","R","?","R","BOSS"],"build_version":"2019-09-09v2","purchased_purges":2,"victory":true,"max_hp_per_floor":[65,65,65,65,65,65,65,65,65,65,65,65,65,65,65,65,65,65,65,65,65,65,65,65,65,65,65,65,65,65,65,65,65,65,65,65,65,65,65,65,65,65,65,65,65,65,65,65,65,65],"card_choices":[{"not_picked":["ClearTheMind","FollowUp"],"picked":"CutThroughFate","floor":1.0},{"not_picked":["CrushJoints","CutThroughFate"],"picked":"EmptyMind","floor":2.0},{"not_picked":["SpiritShield","BowlingBash"],"picked":"ClearTheMind","floor":3.0},{"not_picked":["SpiritShield","JustLucky"],"picked":"LessonLearned","floor":4.0},{"not_picked":["ThirdEye","ClearTheMind"],"picked":"Protect","floor":4.0},{"not_picked":["WreathOfFlame","EmptyBody"],"picked":"SandsOfTime","floor":4.0},{"not_picked":["FollowUp","CrushJoints"],"picked":"Crescendo","floor":4.0},{"not_picked":["Consecrate","Halt"],"picked":"WaveOfTheHand","floor":6.0},{"not_picked":["Meditate","Weave","Collect"],"picked":"SKIP","floor":7.0},{"not_picked":["Halt","Sanctity","FollowUp"],"picked":"SKIP","floor":10.0},{"not_picked":["Pray","EmptyBody","BowlingBash"],"picked":"SKIP","floor":12.0},{"not_picked":["FlurryOfBlows","Sanctity+1","Devotion"],"picked":"SKIP","floor":13.0},{"not_picked":["Blasphemy+1","DeusExMachina+1"],"picked":"MasterReality","floor":16.0},{"not_picked":[],"picked":"Sanctity+1","floor":18.0},{"not_picked":[],"picked":"EmptyBody+1","floor":19.0},{"not_picked":[],"picked":"Protect+1","floor":21.0},{"not_picked":[],"picked":"Crescendo+1","floor":23.0},{"not_picked":[],"picked":"WindmillStrike","floor":25.0},{"not_picked":["PathToVictory+1"],"picked":"SKIP","floor":27.0},{"not_picked":["Fasting"],"picked":"SKIP","floor":35.0},{"not_picked":[],"picked":"EmptyMind+1","floor":36.0},{"not_picked":["FollowUp"],"picked":"SKIP","floor":38.0},{"not_picked":["Halt+1"],"picked":"SKIP","floor":42.0},{"not_picked":[],"picked":"FollowUp+1","floor":44.0},{"not_picked":["Weave"],"picked":"SKIP","floor":45.0},{"not_picked":["ForeignInfluence+1"],"picked":"SKIP","floor":48}],"player_experience":618170,"relics_obtained":[{"floor":6.0,"key":"Whetstone"},{"floor":9.0,"key":"Bag of Marbles"},{"floor":12.0,"key":"Toxic Egg 2"},{"floor":23.0,"key":"War Paint"},{"floor":25.0,"key":"The Courier"},{"floor":26.0,"key":"Darkstone Periapt"},{"floor":27.0,"key":"Oddly Smooth Stone"},{"floor":42.0,"key":"Bottled Tornado"},{"floor":43.0,"key":"Centennial Puzzle"},{"floor":44.0,"key":"Turnip"},{"floor":45.0,"key":"White Beast Statue"}],"event_choices":[{"damage_healed":0.0,"max_hp_gain":0.0,"max_hp_loss":0.0,"gold_gain":0.0,"event_name":"Liars Game","player_choice":"Ignored","floor":5.0,"gold_loss":0.0,"damage_taken":0.0},{"damage_healed":32.0,"max_hp_gain":0.0,"max_hp_loss":0.0,"gold_gain":0.0,"event_name":"Wheel of Change","player_choice":"Full Heal","floor":14.0,"gold_loss":0.0,"damage_taken":0.0},{"damage_healed":0.0,"max_hp_gain":0.0,"max_hp_loss":0.0,"gold_gain":0.0,"event_name":"Ghosts","player_choice":"Ignored","floor":30.0,"gold_loss":0.0,"damage_taken":0.0},{"damage_healed":0.0,"max_hp_gain":0.0,"max_hp_loss":0.0,"gold_gain":0.0,"event_name":"The Woman in Blue","player_choice":"Bought 2 Potions","floor":31.0,"gold_loss":0.0,"damage_taken":0.0},{"cards_removed":["EmptyMind"],"damage_healed":0.0,"max_hp_gain":0.0,"max_hp_loss":0.0,"gold_gain":0.0,"event_name":"Falling","player_choice":"Removed Skill","floor":41.0,"gold_loss":0.0,"damage_taken":0.0},{"damage_healed":0.0,"max_hp_gain":0.0,"max_hp_loss":0.0,"gold_gain":0.0,"event_name":"Mysterious Sphere","player_choice":"Fight","floor":44.0,"gold_loss":0.0,"damage_taken":0.0}],"is_beta":true,"boss_relics":[{"not_picked":["SlaversCollar","Astrolabe"],"picked":"Busted Crown"},{"not_picked":["Pandora\u0027s Box","Coffee Dripper"],"picked":"Fusion Hammer"}],"items_purged_floors":[20,22],"is_endless":false,"potions_floor_spawned":[2,6,16,18,23,35,38,42,48],"ascension_level":1}