{"gold_per_floor":[115,115,115,115,115,148,148,182,182,192,209,209,224,242,242,315,315,325,0,0,18,31,31,57,68,68,68],"floor_reached":27,"playtime":1594,"items_purged":["Strike_G"],"score":611,"play_id":"a25d79b6-3dfb-42a7-b49e-c67948b4ccfc","local_time":"20190114041135","is_ascension_mode":true,"campfire_choices":[{"data":"Leg Sweep","floor":7.0,"key":"SMITH"},{"data":"Riddle With Holes","floor":12.0,"key":"SMITH"},{"data":"Terror","floor":15.0,"key":"SMITH"},{"floor":23.0,"key":"REST"}],"neow_cost":"NONE","seed_source_timestamp":6661154677629200,"circlet_count":0,"master_deck":["AscendersBane","Defend_G","Defend_G","Defend_G","Defend_G+1","Defend_G+1","Strike_G","Strike_G","Survivor","Neutralize","Flying Knee","Leg Sweep+1","Cloak And Dagger","Riddle With Holes+1","Calculated Gamble","Terror+1","Malaise","Cloak And Dagger","Night Terror"],"special_seed":0,"relics":["Ring of the Snake","NeowsBlessing","Singing Bowl","Bag of Preparation","Pear","Fusion Hammer","Vajra","Dream Catcher","Letter Opener"],"potions_floor_usage":[],"damage_taken":[{"damage":0.0,"enemies":"Jaw Worm","floor":1.0,"turns":1.0},{"damage":0.0,"enemies":"Gremlin Nob","floor":6.0,"turns":1.0},{"damage":0.0,"enemies":"3 Sentries","floor":8.0,"turns":1.0},{"damage":0.0,"enemies":"Small Slimes","floor":10.0,"turns":5.0},{"damage":0.0,"enemies":"2 Louse","floor":11.0,"turns":2.0},{"damage":1.0,"enemies":"2 Fungi Beasts","floor":13.0,"turns":3.0},{"damage":4.0,"enemies":"Lots of Slimes","floor":14.0,"turns":7.0},{"damage":11.0,"enemies":"The Guardian","floor":16.0,"turns":12.0},{"damage":0.0,"enemies":"Chosen","floor":18.0,"turns":6.0},{"damage":2.0,"enemies":"Shell Parasite","floor":21.0,"turns":6.0},{"damage":35.0,"enemies":"Cultist and Chosen","floor":22.0,"turns":5.0},{"damage":30.0,"enemies":"Book of Stabbing","floor":24.0,"turns":8.0},{"damage":13,"enemies":"Chosen and Byrds","floor":25,"turns":7},{"damage":37,"enemies":"Gremlin Leader","floor":27,"turns":5}],"seed_played":"-8975672030678565158","potions_obtained":[{"floor":11.0,"key":"SpeedPotion"},{"floor":14.0,"key":"LiquidBronze"},{"floor":16.0,"key":"Regen Potion"},{"floor":22.0,"key":"Strength Potion"}],"is_trial":false,"path_per_floor":["M","?","?","?","?","E","R","E","T","M","M","R","M","M","R","B",null,"M","$","?","M","M","R","E","M","T","E"],"character_chosen":"THE_SILENT","items_purchased":["Vajra","Night Terror"],"campfire_rested":1,"item_purchase_floors":[19,19],"current_hp_per_floor":[59,39,32,32,32,32,32,32,42,42,42,42,43,39,39,28,66,66,66,66,66,33,57,44,33,33,0],"gold":68,"neow_bonus":"THREE_ENEMY_KILL","is_prod":false,"is_daily":false,"chose_seed":false,"campfire_upgraded":3,"win_rate":0,"timestamp":1547467895,"path_taken":["M","?","?","?","?","E","R","E","T","M","M","R","?","M","R","BOSS","M","$","?","M","M","R","E","M","T","E"],"build_version":"2019-01-10","purchased_purges":1,"victory":false,"max_hp_per_floor":[66,66,66,66,66,66,66,66,76,76,76,76,78,78,78,78,78,78,78,78,80,82,82,84,86,86,86],"card_choices":[{"not_picked":["Blade Dance","Dodge and Roll"],"picked":"Flying Knee","floor":1.0},{"not_picked":["Setup","Catalyst"],"picked":"Leg Sweep","floor":6.0},{"not_picked":["Infinite Blades","Endless Agony"],"picked":"Cloak And Dagger","floor":8.0},{"not_picked":["Backflip","Deadly Poison"],"picked":"Riddle With Holes","floor":10.0},{"not_picked":["Endless Agony","Dagger Throw"],"picked":"Calculated Gamble","floor":11.0},{"not_picked":["Poisoned Stab","PiercingWail","Acrobatics"],"picked":"Singing Bowl","floor":13.0},{"not_picked":["Skewer","Prepared"],"picked":"Terror","floor":14.0},{"not_picked":["A Thousand Cuts","Tools of the Trade"],"picked":"Malaise","floor":16.0},{"not_picked":["Sucker Punch+1","Prepared"],"picked":"Cloak And Dagger","floor":18.0},{"not_picked":["Deflect","Slice","Expertise"],"picked":"Singing Bowl","floor":21.0},{"not_picked":["Quick Slash","Dodge and Roll","PiercingWail"],"picked":"Singing Bowl","floor":22.0},{"not_picked":["Underhanded Strike+1","Outmaneuver","Calculated Gamble"],"picked":"Singing Bowl","floor":24.0},{"not_picked":["Sucker Punch","Acrobatics","Endless Agony"],"picked":"Singing Bowl","floor":25}],"player_experience":3214095,"relics_obtained":[{"floor":6.0,"key":"Singing Bowl"},{"floor":8.0,"key":"Bag of Preparation"},{"floor":9.0,"key":"Pear"},{"floor":24.0,"key":"Dream Catcher"},{"floor":26,"key":"Letter Opener"}],"event_choices":[{"damage_healed":0.0,"max_hp_gain":0.0,"max_hp_loss":0.0,"gold_gain":0.0,"event_name":"Shining Light","player_choice":"Entered Light","floor":2.0,"gold_loss":0.0,"damage_taken":20.0,"cards_upgraded":["Defend_G","Defend_G"]},{"cards_removed":["Strike_G"],"damage_healed":0.0,"max_hp_gain":0.0,"max_hp_loss":0.0,"gold_gain":0.0,"event_name":"Golden Wing","player_choice":"Card Removal","floor":3.0,"gold_loss":0.0,"damage_taken":7.0},{"damage_healed":0.0,"max_hp_gain":0.0,"max_hp_loss":0.0,"gold_gain":0.0,"event_name":"Liars Game","player_choice":"Ignored","floor":4.0,"gold_loss":0.0,"damage_taken":0.0},{"cards_removed":["Strike_G"],"damage_healed":0.0,"max_hp_gain":0.0,"max_hp_loss":0.0,"gold_gain":0.0,"event_name":"Purifier","player_choice":"Purged","floor":5.0,"gold_loss":0.0,"damage_taken":0.0},{"damage_healed":0.0,"max_hp_gain":0.0,"max_hp_loss":0.0,"gold_gain":0.0,"event_name":"Beggar","player_choice":"Ignored","floor":20.0,"gold_loss":0.0,"damage_taken":0.0}],"is_beta":true,"boss_relics":[{"not_picked":["White Beast Statue","Tiny House"],"picked":"Fusion Hammer"}],"items_purged_floors":[19],"is_endless":false,"potions_floor_spawned":[11,14,16,18,22],"killed_by":"Gremlin Leader","ascension_level":20}