{"gold_per_floor":[118,138,152,23,23,23,55,55,55,55,20,20,36,47,47,125,125,140,140,140,40,40,40,60,60,86,97,109,2,17,17,17,17],"floor_reached":33,"playtime":1542,"items_purged":["Strike_R","Strike_R","Strike_R"],"score":490,"play_id":"510b5424-c6a6-429e-8272-43787b3b6a8e","local_time":"20190321234308","is_ascension_mode":true,"campfire_choices":[{"data":"Uppercut","floor":6.0,"key":"SMITH"},{"data":"True Grit","floor":8.0,"key":"SMITH"},{"data":"Pommel Strike","floor":10.0,"key":"SMITH"},{"data":"Bash","floor":15.0,"key":"SMITH"},{"floor":23.0,"key":"REST"},{"data":"Limit Break","floor":25,"key":"SMITH"},{"floor":32,"key":"REST"}],"neow_cost":"NONE","seed_source_timestamp":0,"circlet_count":0,"master_deck":["AscendersBane","Strike_R","Strike_R","Defend_R","Defend_R","Defend_R","Defend_R","Bash+1","True Grit+1","Uppercut+1","Hemokinesis","Pommel Strike+1","Parasite","Offering","Metallicize","Limit Break+1","J.A.X.","Battle Trance","Twin Strike","Armaments","True Grit"],"special_seed":0,"relics":["Black Blood","Mercury Hourglass","Turnip","Pen Nib","Smiling Mask"],"potions_floor_usage":[24,27,30,33],"damage_taken":[{"damage":8.0,"enemies":"Cultist","floor":1.0,"turns":5.0},{"damage":2.0,"enemies":"Jaw Worm","floor":2.0,"turns":5.0},{"damage":1.0,"enemies":"2 Louse","floor":3.0,"turns":3.0},{"damage":11.0,"enemies":"3 Sentries","floor":7.0,"turns":5.0},{"damage":1.0,"enemies":"Blue Slaver","floor":13.0,"turns":4.0},{"damage":1.0,"enemies":"3 Louse","floor":14.0,"turns":3.0},{"damage":38.0,"enemies":"The Guardian","floor":16.0,"turns":9.0},{"damage":24.0,"enemies":"Chosen","floor":18.0,"turns":4.0},{"damage":18,"enemies":"2 Thieves","floor":24,"turns":2},{"damage":15,"enemies":"3 Cultists","floor":27,"turns":4},{"damage":35,"enemies":"Centurion and Healer","floor":28,"turns":5},{"damage":10,"enemies":"Snake Plant","floor":30,"turns":5},{"damage":59,"enemies":"Automaton","floor":33,"turns":6}],"seed_played":"-1981347794224771177","potions_obtained":[{"floor":0.0,"key":"Energy Potion"},{"floor":0.0,"key":"FairyPotion"},{"floor":2.0,"key":"Weak Potion"},{"floor":13.0,"key":"SteroidPotion"},{"floor":24,"key":"Explosive Potion"},{"floor":27,"key":"Explosive Potion"}],"is_trial":false,"path_per_floor":["M","M","M","$","?","R","E","R","T","R","?","?","M","M","R","B",null,"M","?","?","$","?","R","M","R","T","M","M","$","M","$","R","B"],"character_chosen":"IRONCLAD","items_purchased":["Fire Potion","Block Potion"],"campfire_rested":2,"item_purchase_floors":[4,29],"current_hp_per_floor":[66,70,75,75,40,40,35,35,35,35,53,71,75,75,75,43,67,53,53,53,53,32,56,48,48,48,43,18,18,18,18,42,0],"gold":17,"neow_bonus":"THREE_SMALL_POTIONS","is_prod":false,"is_daily":false,"chose_seed":false,"campfire_upgraded":5,"win_rate":0,"timestamp":1553208188,"path_taken":["M","M","M","$","?","R","E","R","T","R","?","?","M","M","R","BOSS","M","?","?","?","?","R","M","R","T","M","?","$","M","?","R","BOSS"],"build_version":"2019-03-15","purchased_purges":3,"victory":false,"max_hp_per_floor":[75,75,75,75,75,75,75,75,75,75,75,75,75,75,75,75,75,75,75,75,75,80,80,80,80,80,80,80,80,80,80,80,80],"card_choices":[{"not_picked":["Combust","Sentinel"],"picked":"True Grit","floor":1.0},{"not_picked":["Searing Blow","Clash"],"picked":"Uppercut","floor":2.0},{"not_picked":["Second Wind","Heavy Blade"],"picked":"Hemokinesis","floor":3.0},{"not_picked":["Flex","Wild Strike"],"picked":"Pommel Strike","floor":7.0},{"not_picked":["Sword Boomerang","Searing Blow"],"picked":"Offering","floor":13.0},{"not_picked":["Bloodletting","Headbutt"],"picked":"Metallicize","floor":14.0},{"not_picked":["Berserk","Bludgeon"],"picked":"Limit Break","floor":16.0},{"not_picked":["True Grit","Whirlwind","Pommel Strike+1"],"picked":"SKIP","floor":18.0},{"not_picked":["Perfected Strike","Body Slam","Burning Pact"],"picked":"SKIP","floor":24},{"not_picked":["Anger","Thunderclap"],"picked":"Twin Strike","floor":27},{"not_picked":["Headbutt","True Grit"],"picked":"Armaments","floor":28},{"not_picked":["Searing Blow","Sever Soul"],"picked":"True Grit","floor":30}],"player_experience":371371,"relics_obtained":[{"floor":7.0,"key":"Turnip"},{"floor":9.0,"key":"Pen Nib"},{"floor":26,"key":"Smiling Mask"}],"event_choices":[{"damage_healed":0.0,"max_hp_gain":0.0,"max_hp_loss":0.0,"gold_gain":0.0,"event_name":"Scrap Ooze","player_choice":"Success","floor":5.0,"gold_loss":0.0,"damage_taken":35.0,"relics_obtained":["Mercury Hourglass"]},{"damage_healed":18.0,"max_hp_gain":0.0,"max_hp_loss":0.0,"gold_gain":0.0,"event_name":"The Cleric","player_choice":"Healed","floor":11.0,"gold_loss":35.0,"damage_taken":0.0},{"damage_healed":18.0,"max_hp_gain":0.0,"max_hp_loss":0.0,"gold_gain":0.0,"event_name":"Mushrooms","player_choice":"Healed and dodged fight","floor":12.0,"gold_loss":0.0,"damage_taken":0.0,"cards_obtained":["Parasite"]},{"damage_healed":0.0,"max_hp_gain":0.0,"max_hp_loss":0.0,"gold_gain":0.0,"event_name":"Drug Dealer","player_choice":"Obtain J.A.X.","floor":19.0,"gold_loss":0.0,"damage_taken":0.0,"cards_obtained":["J.A.X."]},{"damage_healed":0.0,"max_hp_gain":0.0,"max_hp_loss":0.0,"gold_gain":0.0,"event_name":"The Library","player_choice":"Read","floor":20.0,"gold_loss":0.0,"damage_taken":0.0,"cards_obtained":["Battle Trance"]},{"damage_healed":0.0,"max_hp_gain":5.0,"max_hp_loss":0.0,"gold_gain":0.0,"event_name":"Forgotten Altar","player_choice":"Shed Blood","floor":22.0,"gold_loss":0.0,"damage_taken":26.0}],"is_beta":true,"boss_relics":[{"not_picked":["Empty Cage","Snecko Eye"],"picked":"Black Blood"}],"items_purged_floors":[4,21,29],"is_endless":false,"potions_floor_spawned":[2,13,14,24,27],"killed_by":"Automaton","ascension_level":20}