{"gold_per_floor":[115,129,145,17,17,17,27,59,105,122,122,144,155,187,187,187],"floor_reached":16,"playtime":1480,"items_purged":["Strike_P"],"score":240,"play_id":"6a48daaa-5e31-4d3e-97ca-474d0ee472f1","local_time":"20190918142512","is_ascension_mode":true,"campfire_choices":[{"data":"Vigilance","floor":6,"key":"SMITH"},{"data":"FlurryOfBlows","floor":11,"key":"SMITH"},{"floor":15,"key":"REST"}],"neow_cost":"NONE","seed_source_timestamp":94312602850700,"circlet_count":0,"master_deck":["AscendersBane","Strike_P","Strike_P","Strike_P","Defend_P","Defend_P","Defend_P","Defend_P+1","Eruption+1","Vigilance+1","Crescendo","EmptyMind","FlurryOfBlows+1","CrushJoints+1","Sanctity","EmptyBody","Meditate","Protect","StepAndStrike","EmptyFist"],"relics":["PureWater","Shuriken","Art of War","Odd Mushroom","Bag of Preparation"],"potions_floor_usage":[8,12,16],"damage_taken":[{"damage":0,"enemies":"Cultist","floor":1,"turns":3},{"damage":0,"enemies":"Small Slimes","floor":2,"turns":3},{"damage":0,"enemies":"2 Louse","floor":3,"turns":3},{"damage":3,"enemies":"Exordium Wildlife","floor":7,"turns":4},{"damage":0,"enemies":"Lagavulin","floor":8,"turns":3},{"damage":0,"enemies":"Blue Slaver","floor":10,"turns":3},{"damage":13,"enemies":"The Mushroom Lair","floor":12,"turns":3},{"damage":1,"enemies":"Red Slaver","floor":13,"turns":2},{"damage":10,"enemies":"Gremlin Nob","floor":14,"turns":3},{"damage":36,"enemies":"The Guardian","floor":16,"turns":2}],"seed_played":"346794843323012733","potions_obtained":[{"floor":1,"key":"SpeedPotion"},{"floor":7,"key":"SkillPotion"},{"floor":8,"key":"SpeedPotion"},{"floor":13,"key":"LiquidBronze"}],"is_trial":false,"path_per_floor":["M","M","M","$","?","R","M","E","T","M","R","?","M","E","R","B"],"character_chosen":"WATCHER","items_purchased":["CrushJoints"],"campfire_rested":1,"item_purchase_floors":[4],"current_hp_per_floor":[55,55,55,55,37,37,34,34,34,34,34,21,20,10,28,0],"gold":187,"neow_bonus":"UPGRADE_CARD","is_prod":false,"is_daily":false,"chose_seed":false,"campfire_upgraded":2,"win_rate":0,"timestamp":1568809512,"path_taken":["M","M","?","$","?","R","M","E","T","M","R","?","M","E","R","BOSS"],"build_version":"2019-09-17","purchased_purges":1,"victory":false,"max_hp_per_floor":[61,61,61,61,61,61,61,61,61,61,61,61,61,61,61,61],"card_choices":[{"not_picked":["Evaluate","FlyingSleeves"],"picked":"Crescendo","floor":1},{"not_picked":["Meditate","Conclude"],"picked":"EmptyMind","floor":2},{"not_picked":["Wireheading","Perseverance"],"picked":"FlurryOfBlows","floor":3},{"not_picked":["FlurryOfBlows","ThirdEye"],"picked":"Sanctity","floor":7},{"not_picked":["Wallop","StepAndStrike"],"picked":"EmptyBody","floor":8},{"not_picked":["Crescendo","Tantrum"],"picked":"Meditate","floor":10},{"not_picked":["SandsOfTime","Sanctity"],"picked":"Protect","floor":12},{"not_picked":["ThirdEye","CrushJoints"],"picked":"StepAndStrike","floor":13},{"not_picked":["Consecrate","Scrawl"],"picked":"EmptyFist","floor":14}],"player_experience":723522,"relics_obtained":[{"floor":8,"key":"Shuriken"},{"floor":9,"key":"Art of War"},{"floor":12,"key":"Odd Mushroom"},{"floor":14,"key":"Bag of Preparation"}],"event_choices":[{"damage_healed":0,"gold_gain":0,"player_choice":"Entered Light","damage_taken":18,"max_hp_gain":0,"max_hp_loss":0,"event_name":"Shining Light","floor":5,"gold_loss":0,"cards_upgraded":["CrushJoints","Defend_P"]},{"damage_healed":0,"gold_gain":0,"player_choice":"Fought Mushrooms","damage_taken":0,"max_hp_gain":0,"max_hp_loss":0,"event_name":"Mushrooms","floor":12,"gold_loss":0}],"is_beta":true,"boss_relics":[],"items_purged_floors":[4],"is_endless":false,"potions_floor_spawned":[1,7,8,13],"killed_by":"The Guardian","ascension_level":15}