{"gold_per_floor":[109,109,109,122,141,141,170,170,248,62,62,101,101,137,137,261,261,299,341,380,420,82,82,108,108,108,125,156,156,156,172,172,271,271,315,360,97,109,126,126,41,41,41,51,51,66,66,77,77,102],"floor_reached":50,"playtime":3560,"items_purged":["Strike_R"],"score":488,"play_id":"b2856ded-4639-4268-a531-ce002f5e7722","local_time":"20190510024708","is_ascension_mode":false,"campfire_choices":[{"data":"Immolate","floor":6.0,"key":"SMITH"},{"data":"HandOfGreed","floor":11.0,"key":"SMITH"},{"data":"Shockwave","floor":13.0,"key":"SMITH"},{"data":"Whirlwind","floor":15.0,"key":"SMITH"},{"data":"Discovery","floor":23.0,"key":"SMITH"},{"data":"Seeing Red","floor":29.0,"key":"SMITH"},{"data":"Combust","floor":32.0,"key":"SMITH"},{"data":"Apotheosis","floor":40.0,"key":"SMITH"},{"floor":49,"key":"REST"}],"neow_cost":"NONE","seed_source_timestamp":1040211495159700,"circlet_count":0,"master_deck":["Strike_R","Strike_R+1","Strike_R+1","Strike_R","Defend_R","Defend_R","Defend_R","Defend_R","Bash+1","Immolate+1","PanicButton","Whirlwind+1","HandOfGreed+1","Shockwave+1","Double Tap","Combust+1","Disarm","Bloodletting","Discovery+1","HandOfGreed","Seeing Red+1","Metallicize","Impervious","Immolate","True Grit+1","Apotheosis+1","Trip","Intimidate+1","Blind+1","Uppercut+1"],"special_seed":0,"relics":["Black Blood"],"potions_floor_usage":[42,50],"damage_taken":[{"damage":5.0,"enemies":"2 Louse","floor":1.0,"turns":3.0},{"damage":0.0,"enemies":"Cultist","floor":4.0,"turns":2.0},{"damage":3.0,"enemies":"Small Slimes","floor":5.0,"turns":3.0},{"damage":6.0,"enemies":"Gremlin Nob","floor":7.0,"turns":4.0},{"damage":0.0,"enemies":"Gremlin Gang","floor":12.0,"turns":3.0},{"damage":7.0,"enemies":"Looter","floor":14.0,"turns":3.0},{"damage":34.0,"enemies":"Hexaghost","floor":16.0,"turns":9.0},{"damage":3.0,"enemies":"Chosen","floor":18.0,"turns":3.0},{"damage":0.0,"enemies":"Spheric Guardian","floor":19.0,"turns":3.0},{"damage":18.0,"enemies":"Centurion and Healer","floor":20.0,"turns":7.0},{"damage":5.0,"enemies":"Sentry and Sphere","floor":21.0,"turns":4.0},{"damage":42.0,"enemies":"Book of Stabbing","floor":24.0,"turns":4.0},{"damage":11.0,"enemies":"Chosen and Byrds","floor":27.0,"turns":3.0},{"damage":12.0,"enemies":"Gremlin Leader","floor":28.0,"turns":5.0},{"damage":5.0,"enemies":"Centurion and Healer","floor":31.0,"turns":4.0},{"damage":32.0,"enemies":"Collector","floor":33.0,"turns":8.0},{"damage":1.0,"enemies":"Orb Walker","floor":35.0,"turns":2.0},{"damage":13.0,"enemies":"3 Shapes","floor":36.0,"turns":3.0},{"damage":24.0,"enemies":"Transient","floor":38.0,"turns":5.0},{"damage":24.0,"enemies":"Writhing Mass","floor":39.0,"turns":9.0},{"damage":0,"enemies":"Sphere and 2 Shapes","floor":42,"turns":1},{"damage":25,"enemies":"Jaw Worm Horde","floor":44,"turns":4},{"damage":23,"enemies":"3 Darklings","floor":46,"turns":4},{"damage":30,"enemies":"Maw","floor":48,"turns":8},{"damage":40,"enemies":"Awakened One","floor":50,"turns":2}],"seed_played":"-5853551972598871008","potions_obtained":[{"floor":5.0,"key":"Explosive Potion"},{"floor":7.0,"key":"Dexterity Potion"},{"floor":16.0,"key":"SkillPotion"},{"floor":19.0,"key":"Regen Potion"},{"floor":20.0,"key":"LiquidBronze"},{"floor":24.0,"key":"LiquidBronze"},{"floor":28.0,"key":"Swift Potion"},{"floor":31.0,"key":"Fire Potion"},{"floor":38.0,"key":"SkillPotion"},{"floor":39.0,"key":"PowerPotion"}],"is_trial":false,"path_per_floor":["M","?","?","M","M","R","E","?","T","$","R","M","R","M","R","B",null,"M","M","M","M","$","R","E","?","T","M","E","R","?","M","R","B",null,"M","M","$","M","M","R","$","M","T","M","?","M","$","M","R","B"],"character_chosen":"IRONCLAD","items_purchased":["HandOfGreed","Discovery","HandOfGreed","Apotheosis","Trip","Blind"],"campfire_rested":1,"item_purchase_floors":[10,22,22,37,37,41],"current_hp_per_floor":[80,64,64,70,73,73,73,73,73,73,73,79,79,78,78,50,80,80,80,72,77,77,77,45,45,45,53,51,51,35,40,40,18,80,80,77,77,63,49,49,49,59,59,44,44,31,31,11,35,0],"gold":102,"neow_bonus":"UPGRADE_CARD","is_prod":false,"is_daily":false,"chose_seed":false,"campfire_upgraded":8,"win_rate":0,"timestamp":1557481628,"path_taken":["M","?","?","M","?","R","E","?","T","$","R","M","R","M","R","BOSS","M","M","?","M","$","R","E","?","T","M","E","R","?","M","R","BOSS","M","?","$","M","M","R","$","M","T","M","?","M","?","M","R","BOSS"],"build_version":"2019-05-07","purchased_purges":1,"victory":false,"max_hp_per_floor":[80,80,80,80,80,80,80,80,80,80,80,80,80,80,80,80,80,80,80,80,80,80,80,80,80,80,80,80,80,80,80,80,80,80,80,80,80,80,80,80,80,80,80,80,80,80,80,80,80,80],"card_choices":[{"not_picked":["Sword Boomerang","Burning Pact"],"picked":"Perfected Strike","floor":1.0},{"not_picked":["Body Slam","Iron Wave","Clothesline"],"picked":"SKIP","floor":4.0},{"not_picked":["Sentinel","Armaments"],"picked":"Whirlwind","floor":5.0},{"not_picked":["Sever Soul","Feel No Pain","Second Wind"],"picked":"SKIP","floor":7.0},{"not_picked":["Perfected Strike","Corruption"],"picked":"Shockwave","floor":12.0},{"not_picked":["Flex","Rupture","Infernal Blade"],"picked":"SKIP","floor":14.0},{"not_picked":["Limit Break","Brutality"],"picked":"Double Tap","floor":16.0},{"not_picked":["Sword Boomerang+1","Havoc","Headbutt"],"picked":"SKIP","floor":18.0},{"not_picked":["Clothesline","Reaper"],"picked":"Combust","floor":19.0},{"not_picked":["Wild Strike","Sentinel"],"picked":"Disarm","floor":20.0},{"not_picked":["Body Slam","Anger"],"picked":"Bloodletting","floor":21.0},{"not_picked":["Corruption","Rage"],"picked":"Seeing Red","floor":24.0},{"not_picked":["Clothesline+1","Heavy Blade+1","Perfected Strike+1"],"picked":"SKIP","floor":27.0},{"not_picked":["Armaments","Evolve+1"],"picked":"Metallicize","floor":28.0},{"not_picked":["Metallicize","Body Slam"],"picked":"Impervious","floor":31.0},{"not_picked":["Berserk","Barricade"],"picked":"Immolate","floor":33.0},{"not_picked":["Twin Strike+1","Clash+1","Clothesline"],"picked":"SKIP","floor":35.0},{"not_picked":["Anger","Body Slam"],"picked":"True Grit+1","floor":36.0},{"not_picked":["Sword Boomerang+1","Inflame"],"picked":"Intimidate+1","floor":38.0},{"not_picked":["Havoc+1","Dual Wield","Seeing Red"],"picked":"SKIP","floor":39.0},{"not_picked":["Body Slam","Metallicize","Armaments+1"],"picked":"SKIP","floor":44},{"not_picked":["Perfected Strike","Corruption"],"picked":"Uppercut+1","floor":46},{"not_picked":["Twin Strike+1","Iron Wave+1","Reckless Charge+1"],"picked":"SKIP","floor":48}],"player_experience":3438306,"relics_obtained":[],"event_choices":[{"damage_healed":0.0,"max_hp_gain":0.0,"max_hp_loss":0.0,"gold_gain":0.0,"event_name":"Shining Light","player_choice":"Entered Light","floor":2.0,"gold_loss":0.0,"damage_taken":16.0,"cards_upgraded":["Strike_R","Strike_R"]},{"damage_healed":0.0,"max_hp_gain":0.0,"max_hp_loss":0.0,"gold_gain":0.0,"event_name":"Match and Keep!","player_choice":"2 cards matched","floor":3.0,"gold_loss":0.0,"damage_taken":0.0,"cards_obtained":["Immolate","PanicButton"]},{"cards_removed":["Perfected Strike"],"damage_healed":0.0,"max_hp_gain":0.0,"max_hp_loss":0.0,"gold_gain":0.0,"event_name":"Purifier","player_choice":"Purged","floor":8.0,"gold_loss":0.0,"damage_taken":0.0},{"damage_healed":0.0,"max_hp_gain":0.0,"max_hp_loss":0.0,"gold_gain":0.0,"event_name":"Cursed Tome","player_choice":"Ignored","floor":25.0,"gold_loss":0.0,"damage_taken":0.0},{"damage_healed":0.0,"max_hp_gain":0.0,"max_hp_loss":0.0,"gold_gain":0.0,"event_name":"Knowing Skull","player_choice":"POTION ","floor":30.0,"potions_obtained":["SmokeBomb"],"gold_loss":0.0,"damage_taken":16.0,"cards_obtained":[]},{"damage_healed":0,"gold_gain":0,"player_choice":"Forge","damage_taken":0,"max_hp_gain":0,"max_hp_loss":0,"event_name":"Accursed Blacksmith","floor":45,"gold_loss":0,"cards_upgraded":["Blind"]}],"is_beta":true,"boss_relics":[{"not_picked":["Coffee Dripper","Eternal Feather"],"picked":"Black Blood"},{"not_picked":["Calling Bell","Empty Cage","Sozu"]}],"items_purged_floors":[22],"is_endless":false,"potions_floor_spawned":[5,7,16,19,20,24,28,31,38,39],"killed_by":"Awakened One","ascension_level":0}