{"gold_per_floor":[119,119,119,62,74,99,113,147,147,173,173,203,219,235,235,309,309,327,48,66,80,80,80,80,80,127,127,145,15,15,27,27,106,106,120,134,134,134,134],"floor_reached":39,"playtime":1903,"items_purged":["Strike_B"],"score":968,"play_id":"ddad3a3c-97cb-46a0-b673-d1420af187b6","local_time":"20181204212702","is_ascension_mode":true,"campfire_choices":[{"floor":11,"key":"REST"},{"floor":15,"key":"REST"},{"floor":24,"key":"REST"},{"floor":30,"key":"REST"},{"data":"Defragment","floor":32,"key":"SMITH"}],"neow_cost":"NONE","seed_source_timestamp":6461903616647872,"circlet_count":0,"master_deck":["AscendersBane","Strike_B+1","Strike_B+1","Strike_B+1","Defend_B+1","Defend_B+1","Defend_B+1","Defend_B+1","Zap+1","Dualcast","Beam Cell","Ball Lightning","Defragment+1","Capacitor","Seek","Coolheaded","Ball Lightning","Coolheaded","Barrage","Meteor Strike","Conserve Battery","Tempest","Creative AI","Electrodynamics","Fission"],"relics":["Cracked Core","NeowsBlessing","The Courier","Ice Cream","Symbiotic Virus","Ancient Tea Set","Matryoshka","Inserter","Singing Bowl","PreservedInsect","DataDisk","Busted Crown"],"potions_floor_usage":[8,10,16,16,18,35,36,39,39],"damage_taken":[{"damage":0,"enemies":"Jaw Worm","floor":1,"turns":1},{"damage":0,"enemies":"2 Louse","floor":5,"turns":1},{"damage":0,"enemies":"Gremlin Nob","floor":6,"turns":1},{"damage":0,"enemies":"Cultist","floor":7,"turns":2},{"damage":25,"enemies":"Lagavulin","floor":8,"turns":5},{"damage":22,"enemies":"3 Sentries","floor":10,"turns":5},{"damage":8,"enemies":"Gremlin Nob","floor":12,"turns":3},{"damage":25,"enemies":"Gremlin Gang","floor":13,"turns":3},{"damage":4,"enemies":"Exordium Wildlife","floor":14,"turns":3},{"damage":0,"enemies":"Slime Boss","floor":16,"turns":3},{"damage":11,"enemies":"3 Byrds","floor":18,"turns":4},{"damage":11,"enemies":"Chosen","floor":20,"turns":5},{"damage":25,"enemies":"Sentry and Sphere","floor":21,"turns":7},{"damage":13,"enemies":"Snake Plant","floor":28,"turns":3},{"damage":0,"enemies":"Cultist and Chosen","floor":31,"turns":3},{"damage":28,"enemies":"Champ","floor":33,"turns":10},{"damage":20,"enemies":"3 Darklings","floor":35,"turns":4},{"damage":25,"enemies":"Orb Walker","floor":36,"turns":4},{"damage":33,"enemies":"Writhing Mass","floor":39,"turns":4}],"seed_played":"1236939582259198140","potions_obtained":[{"floor":1,"key":"SteroidPotion"},{"floor":5,"key":"Explosive Potion"},{"floor":12,"key":"SteroidPotion"},{"floor":13,"key":"AttackPotion"},{"floor":16,"key":"Block Potion"},{"floor":20,"key":"Energy Potion"},{"floor":28,"key":"Block Potion"},{"floor":35,"key":"FearPotion"},{"floor":36,"key":"SkillPotion"}],"is_trial":false,"path_per_floor":["M","?","?","$","M","E","M","E","T","E","R","E","M","M","R","B",null,"M","$","M","M","?","?","R","?","T","$","M","$","R","M","R","B",null,"M","M","?","?","M"],"character_chosen":"DEFECT","items_purchased":["Ball Lightning","Singing Bowl","Electrodynamics"],"campfire_rested":4,"item_purchase_floors":[4,19,29],"current_hp_per_floor":[64,69,69,69,69,69,69,44,44,22,44,36,11,7,29,29,64,53,53,44,19,19,19,42,42,42,42,29,29,52,54,54,26,67,49,26,26,26,0],"gold":134,"neow_bonus":"THREE_ENEMY_KILL","is_prod":false,"is_daily":false,"chose_seed":false,"campfire_upgraded":1,"win_rate":0,"timestamp":1543987622,"path_taken":["M","?","?","$","M","E","M","E","T","E","R","E","?","M","R","BOSS","M","$","?","M","?","?","R","?","T","$","M","$","R","M","R","BOSS","M","M","?","?","M"],"build_version":"2018-12-4","purchased_purges":1,"victory":false,"max_hp_per_floor":[71,76,76,76,76,76,76,76,76,76,76,76,76,76,76,76,76,76,76,78,78,78,78,78,78,78,78,78,78,78,80,80,80,80,82,84,84,84,84],"card_choices":[{"not_picked":["Force Field","Stack"],"picked":"Beam Cell","floor":1},{"not_picked":["Aggregate","Stack"],"picked":"Defragment","floor":5},{"not_picked":["Recycle","Scrape"],"picked":"Capacitor","floor":6},{"not_picked":["Turbo","Leap"],"picked":"Seek","floor":7},{"not_picked":["White Noise","Steam"],"picked":"Coolheaded","floor":8},{"not_picked":["Stack","Redo"],"picked":"Ball Lightning","floor":10},{"not_picked":["Streamline","Stack"],"picked":"Coolheaded","floor":12},{"not_picked":["Coolheaded","Capacitor","Steam Power"],"picked":"SKIP","floor":13},{"not_picked":["Hologram","Hyperbeam"],"picked":"Barrage","floor":14},{"not_picked":["Rainbow","Amplify"],"picked":"Meteor Strike","floor":16},{"not_picked":["Undo","Leap+1"],"picked":"Conserve Battery","floor":18},{"not_picked":["Turbo","Streamline","Darkness"],"picked":"Singing Bowl","floor":20},{"not_picked":["Redo","Coolheaded+1"],"picked":"Tempest","floor":21},{"not_picked":["Conserve Battery","Sweeping Beam"],"picked":"Creative AI","floor":28},{"not_picked":["Leap","Recycle","Cold Snap"],"picked":"Singing Bowl","floor":31},{"not_picked":["Buffer","Amplify"],"picked":"Fission","floor":33},{"not_picked":["Gash+1"],"picked":"Singing Bowl","floor":35},{"not_picked":["FTL"],"picked":"Singing Bowl","floor":36}],"player_experience":1101983,"relics_obtained":[{"floor":6,"key":"The Courier"},{"floor":8,"key":"Ice Cream"},{"floor":9,"key":"Symbiotic Virus"},{"floor":10,"key":"Ancient Tea Set"},{"floor":12,"key":"Matryoshka"},{"floor":26,"key":"PreservedInsect"},{"floor":26,"key":"DataDisk"}],"event_choices":[{"damage_healed":0,"gold_gain":0,"player_choice":"Donut","damage_taken":0,"max_hp_gain":5,"max_hp_loss":0,"event_name":"Big Fish","floor":2,"gold_loss":0},{"damage_healed":0,"gold_gain":0,"player_choice":"Forge","damage_taken":0,"max_hp_gain":0,"max_hp_loss":0,"event_name":"Accursed Blacksmith","floor":3,"gold_loss":0,"cards_upgraded":["Zap"]},{"damage_healed":0,"gold_gain":0,"player_choice":"Simplicity","damage_taken":0,"max_hp_gain":0,"max_hp_loss":0,"event_name":"Back to Basics","floor":23,"gold_loss":0,"cards_upgraded":["Strike_B","Strike_B","Strike_B","Defend_B","Defend_B","Defend_B","Defend_B"]},{"damage_healed":0,"gold_gain":0,"player_choice":"Ignored","damage_taken":0,"max_hp_gain":0,"max_hp_loss":0,"event_name":"Ghosts","floor":25,"gold_loss":0},{"damage_healed":0,"gold_gain":0,"player_choice":"Ignored","damage_taken":0,"max_hp_gain":0,"max_hp_loss":0,"event_name":"Tomb of Lord Red Mask","floor":37,"gold_loss":0},{"damage_healed":0,"gold_gain":0,"player_choice":"Ignored","damage_taken":0,"max_hp_gain":0,"max_hp_loss":0,"event_name":"Mysterious Sphere","floor":38,"gold_loss":0}],"is_beta":true,"boss_relics":[{"not_picked":["Calling Bell","Velvet Choker"],"picked":"Inserter"},{"not_picked":["Cursed Key","Fusion Hammer"],"picked":"Busted Crown"}],"items_purged_floors":[19],"is_endless":false,"potions_floor_spawned":[1,5,12,13,16,20,28,35,36],"killed_by":"Writhing Mass","ascension_level":20}