{"gold_per_floor":[15,30,30,46,0,0,25,25,25,25,25,25,25,38,38,115,115,132,150,168,168,182,182,215,215,215,215,228,256,256,24,24,95,95,111,127,127,127,141,167,185,23,23,54,72,101,101,133,133,133,133,133,133,48,82,82],"floor_reached":56,"playtime":3983,"items_purged":["Strike_R+1"],"score":1981,"play_id":"69d44828-90dd-4c91-b072-447441f043f0","local_time":"20190523053618","is_ascension_mode":true,"campfire_choices":[{"data":"Armaments","floor":6,"key":"SMITH"},{"data":"Demon Form","floor":8,"key":"SMITH"},{"data":"Bash","floor":13,"key":"SMITH"},{"data":"Infernal Blade","floor":15,"key":"SMITH"},{"floor":23,"key":"REST"},{"floor":25,"key":"REST"},{"data":"Warcry","floor":30,"key":"SMITH"},{"floor":32,"key":"RECALL"},{"data":"True Grit","floor":47,"key":"SMITH"},{"data":"Disarm","floor":49,"key":"SMITH"},{"data":"Fiend Fire","floor":53,"key":"SMITH"}],"neow_cost":"NO_GOLD","seed_source_timestamp":2352341587076962,"circlet_count":0,"master_deck":["AscendersBane","Strike_R+1","Strike_R+1","Defend_R+1","Defend_R+1","Defend_R+1","Bash+1","Demon Form+1","Armaments+1","Twin Strike+1","Infernal Blade+1","Impervious+1","Reckless Charge+1","Reaper","Havoc+1","Sword Boomerang","Warcry+1","True Grit+1","Sentinel+1","Flame Barrier+1","Feed","Fiend Fire+1","Shrug It Off","Shrug It Off+1","Disarm+1","Impervious"],"relics":["Burning Blood","Charon\u0027s Ashes","Red Skull","Question Card","Oddly Smooth Stone","Runic Pyramid","Bottled Tornado","Strawberry","Vajra","Coffee Dripper","Ornamental Fan","Anchor","War Paint","Potion Belt","PreservedInsect","Whetstone"],"potions_floor_usage":[16,24,56,56,56],"damage_taken":[{"damage":14,"enemies":"2 Louse","floor":1,"turns":5},{"damage":8,"enemies":"Small Slimes","floor":2,"turns":6},{"damage":6,"enemies":"Cultist","floor":4,"turns":4},{"damage":12,"enemies":"Lagavulin","floor":7,"turns":6},{"damage":2,"enemies":"Large Slime","floor":14,"turns":6},{"damage":4,"enemies":"Hexaghost","floor":16,"turns":8},{"damage":15,"enemies":"Chosen","floor":18,"turns":6},{"damage":29,"enemies":"3 Byrds","floor":19,"turns":4},{"damage":15,"enemies":"Cultist and Chosen","floor":20,"turns":7},{"damage":24,"enemies":"Shelled Parasite and Fungi","floor":22,"turns":5},{"damage":43,"enemies":"Slavers","floor":24,"turns":5},{"damage":0,"enemies":"Sentry and Sphere","floor":28,"turns":5},{"damage":26,"enemies":"Book of Stabbing","floor":29,"turns":4},{"damage":40,"enemies":"Collector","floor":33,"turns":9},{"damage":7,"enemies":"Orb Walker","floor":35,"turns":3},{"damage":13,"enemies":"3 Shapes","floor":36,"turns":3},{"damage":12,"enemies":"Maw","floor":39,"turns":7},{"damage":38,"enemies":"Giant Head","floor":40,"turns":6},{"damage":2,"enemies":"4 Shapes","floor":41,"turns":6},{"damage":3,"enemies":"Nemesis","floor":44,"turns":6},{"damage":13,"enemies":"Spire Growth","floor":45,"turns":5},{"damage":11,"enemies":"Giant Head","floor":46,"turns":6},{"damage":1,"enemies":"Nemesis","floor":48,"turns":7},{"damage":31,"enemies":"Awakened One","floor":50,"turns":14},{"damage":98,"enemies":"Time Eater","floor":51,"turns":12},{"damage":41,"enemies":"Shield and Spear","floor":55,"turns":4},{"damage":121,"enemies":"The Heart","floor":56,"turns":8}],"seed_played":"2843241650307657754","potions_obtained":[{"floor":4,"key":"SpeedPotion"},{"floor":7,"key":"Dexterity Potion"},{"floor":16,"key":"EssenceOfSteel"},{"floor":18,"key":"Dexterity Potion"},{"floor":28,"key":"GamblersBrew"}],"is_trial":false,"path_per_floor":["M","M","?","M","?","R","E","R","T","?","T","$","R","M","R","B",null,"M","M","M","?","M","R","E","R","T","?","M","E","R","$","R","B",null,"M","M","?","?","M","E","M","$","T","E","M","E","R","E","R","B","B",null,"R","$","E","B"],"character_chosen":"IRONCLAD","items_purchased":["Feed","Anchor","LiquidBronze"],"campfire_rested":2,"item_purchase_floors":[31,42,54],"current_hp_per_floor":[60,58,32,32,32,32,26,26,26,19,19,19,19,23,23,25,63,58,40,50,50,32,54,31,53,60,76,82,65,65,65,65,64,78,85,85,85,81,84,52,77,77,77,88,85,96,96,100,100,99,41,91,91,91,70,0],"gold":82,"neow_bonus":"TRANSFORM_TWO_CARDS","is_prod":false,"is_daily":false,"chose_seed":false,"campfire_upgraded":8,"win_rate":0,"timestamp":1558614978,"path_taken":["M","M","?","M","?","R","E","R","T","?","?","$","R","M","R","BOSS","M","M","M","?","M","R","E","R","T","?","M","E","R","$","R","BOSS","M","M","?","?","M","E","M","$","T","E","M","E","R","E","R","BOSS","BOSS","R","$","E","BOSS"],"build_version":"2019-05-22","purchased_purges":1,"victory":false,"max_hp_per_floor":[75,75,75,75,75,75,75,75,75,75,75,75,75,75,75,75,75,75,75,75,75,75,75,75,75,82,82,82,82,82,82,82,82,82,85,85,85,81,84,84,88,88,88,88,92,96,96,100,100,104,108,108,108,108,108,108],"card_choices":[{"not_picked":["Infernal Blade","Entrench"],"picked":"Armaments","floor":1},{"not_picked":["Warcry","Barricade"],"picked":"Twin Strike","floor":2},{"not_picked":["Perfected Strike","Rage"],"picked":"Infernal Blade","floor":4},{"not_picked":["Clash","Thunderclap"],"picked":"Impervious","floor":7},{"not_picked":["Searing Blow","Sentinel","Flex"],"picked":"Reckless Charge","floor":14},{"not_picked":["Berserk","Immolate","Brutality"],"picked":"Reaper","floor":16},{"not_picked":["Sword Boomerang","True Grit","Headbutt"],"picked":"Havoc+1","floor":18},{"not_picked":["Wild Strike","Cleave","Twin Strike","Thunderclap"],"picked":"SKIP","floor":19},{"not_picked":["Blood for Blood","Iron Wave","Warcry"],"picked":"Sword Boomerang","floor":20},{"not_picked":["Clash","Entrench","True Grit"],"picked":"Warcry","floor":22},{"not_picked":["Anger+1","Infernal Blade","Pommel Strike"],"picked":"True Grit","floor":24},{"not_picked":["Whirlwind","Corruption","Thunderclap"],"picked":"Sentinel+1","floor":28},{"not_picked":["Rampage","Pummel","Evolve"],"picked":"Flame Barrier","floor":29},{"not_picked":["Berserk","Juggernaut","Offering"],"picked":"Fiend Fire","floor":33},{"not_picked":["True Grit","Body Slam","Evolve","Sentinel"],"picked":"SKIP","floor":35},{"not_picked":["Havoc","Inflame+1","Perfected Strike","Demon Form"],"picked":"SKIP","floor":36},{"not_picked":["Inflame","Carnage+1","Sever Soul"],"picked":"Shrug It Off","floor":39},{"not_picked":["Sentinel+1","Blood for Blood+1","Flame Barrier","Pummel"],"picked":"SKIP","floor":40},{"not_picked":["Shockwave","Corruption+1","Warcry+1","Hemokinesis"],"picked":"SKIP","floor":41},{"not_picked":["Ghostly Armor","Uppercut","Sword Boomerang+1"],"picked":"Shrug It Off+1","floor":44},{"not_picked":["Fire Breathing","Wild Strike+1","Havoc","Infernal Blade"],"picked":"SKIP","floor":45},{"not_picked":["Infernal Blade","Flex+1","Juggernaut","Entrench"],"picked":"SKIP","floor":46},{"not_picked":["True Grit+1","Intimidate+1","Infernal Blade"],"picked":"Disarm","floor":48},{"not_picked":["Heavy Blade","Rage+1","Sword Boomerang"],"picked":"Impervious","floor":55}],"player_experience":1263912,"relics_obtained":[{"floor":7,"key":"Red Skull"},{"floor":9,"key":"Question Card"},{"floor":11,"key":"Oddly Smooth Stone"},{"floor":24,"key":"Bottled Tornado"},{"floor":26,"key":"Strawberry"},{"floor":29,"key":"Vajra"},{"floor":40,"key":"Ornamental Fan"},{"floor":44,"key":"War Paint"},{"floor":46,"key":"Potion Belt"},{"floor":48,"key":"PreservedInsect"},{"floor":55,"key":"Whetstone"}],"event_choices":[{"damage_healed":0,"gold_gain":0,"player_choice":"Success","damage_taken":26,"relics_obtained":["Charon\u0027s Ashes"],"max_hp_gain":0,"max_hp_loss":0,"event_name":"Scrap Ooze","floor":3,"gold_loss":0},{"damage_healed":0,"gold_gain":0,"player_choice":"Left Gold","damage_taken":0,"max_hp_gain":0,"max_hp_loss":0,"event_name":"World of Goop","floor":5,"gold_loss":46},{"cards_removed":["Fire Breathing"],"damage_healed":0,"gold_gain":0,"player_choice":"Card Removal","damage_taken":7,"max_hp_gain":0,"max_hp_loss":0,"event_name":"Golden Wing","floor":10,"gold_loss":0},{"damage_healed":0,"gold_gain":0,"player_choice":"Simplicity","damage_taken":0,"max_hp_gain":0,"max_hp_loss":0,"event_name":"Back to Basics","floor":21,"gold_loss":0,"cards_upgraded":["Strike_R","Strike_R","Strike_R","Defend_R","Defend_R","Defend_R","Defend_R"]},{"damage_healed":16,"gold_gain":0,"player_choice":"Heal","damage_taken":0,"max_hp_gain":0,"max_hp_loss":0,"event_name":"The Library","floor":27,"gold_loss":0},{"cards_removed":["Defend_R"],"damage_healed":0,"gold_gain":0,"player_choice":"Removed Skill","damage_taken":0,"max_hp_gain":0,"max_hp_loss":0,"event_name":"Falling","floor":37,"gold_loss":0},{"damage_healed":0,"gold_gain":0,"player_choice":"Max HP","damage_taken":0,"max_hp_gain":0,"max_hp_loss":4,"event_name":"Winding Halls","floor":38,"gold_loss":0}],"is_beta":true,"boss_relics":[{"not_picked":["Runic Cube","Ectoplasm"],"picked":"Runic Pyramid"},{"not_picked":["Orrery","White Beast Statue"],"picked":"Coffee Dripper"}],"items_purged_floors":[31],"is_endless":false,"potions_floor_spawned":[4,7,14,16,18,28,36,41,45],"killed_by":"The Heart","ascension_level":20}