{"gold_per_floor":[112,125,135,44,44,44,73,73,125,135,153,184,184,199,199,301,601,619,633,227,227,243,273,273,273,300,19,37,47,47,59,59,160,160,173,188,0,11,0,0,17,32,80,80,115,138,176,206,218,230],"floor_reached":51,"playtime":4019,"items_purged":["Parasite","Strike_B"],"score":942,"play_id":"ffa5d192-9dea-48b2-a242-afc54287cf35","local_time":"20190428201857","is_ascension_mode":true,"campfire_choices":[{"data":"Zap","floor":6,"key":"SMITH"},{"data":"Ball Lightning","floor":8,"key":"SMITH"},{"floor":13,"key":"REST"},{"data":"Darkness","floor":15,"key":"SMITH"},{"floor":24,"key":"REST"},{"data":"Biased Cognition","floor":30,"key":"SMITH"},{"floor":32,"key":"REST"},{"data":"Capacitor","floor":40,"key":"SMITH"},{"data":"Glacier","floor":44,"key":"SMITH"},{"floor":49,"key":"REST"}],"neow_cost":"NONE","seed_source_timestamp":25477026350814,"circlet_count":0,"master_deck":["Strike_B","Strike_B","Strike_B","Defend_B","Defend_B+1","Defend_B+1","Defend_B","Zap+1","Dualcast","Cold Snap","Coolheaded","Go for the Eyes","Darkness+1","Ball Lightning+1","Conserve Battery","Biased Cognition+1","Skim","Barrage","Core Surge","Hologram","Glacier+1","Self Repair","Compile Driver","Trip","Capacitor+1","Machine Learning","Reprogram","Glacier","Blizzard","Flash of Steel","Conserve Battery+1","Compile Driver+1","Biased Cognition","Storm","Consume+1","Leap+1","Turbo"],"relics":["Cracked Core","Regal Pillow","Thread and Needle","Potion Belt","Omamori","Calling Bell","War Paint","Mercury Hourglass","Old Coin","Membership Card","Meat on the Bone","Blood Vial","Lantern","Strawberry","Busted Crown","Incense Burner","Red Mask","Centennial Puzzle","MawBank","Ancient Tea Set"],"potions_floor_usage":[7,10,12,23,45,47,50,50,50,50],"damage_taken":[{"damage":1,"enemies":"Cultist","floor":1,"turns":4},{"damage":10,"enemies":"Jaw Worm","floor":2,"turns":2},{"damage":0,"enemies":"Small Slimes","floor":3,"turns":3},{"damage":30,"enemies":"3 Sentries","floor":7,"turns":7},{"damage":18,"enemies":"Gremlin Gang","floor":10,"turns":4},{"damage":0,"enemies":"Large Slime","floor":11,"turns":5},{"damage":0,"enemies":"Gremlin Nob","floor":12,"turns":3},{"damage":0,"enemies":"Looter","floor":14,"turns":2},{"damage":41,"enemies":"Hexaghost","floor":16,"turns":9},{"damage":17,"enemies":"2 Thieves","floor":18,"turns":3},{"damage":5,"enemies":"Spheric Guardian","floor":19,"turns":4},{"damage":6,"enemies":"3 Cultists","floor":22,"turns":6},{"damage":70,"enemies":"Gremlin Leader","floor":23,"turns":8},{"damage":20,"enemies":"Centurion and Healer","floor":28,"turns":6},{"damage":5,"enemies":"Cultist and Chosen","floor":29,"turns":6},{"damage":15,"enemies":"Snake Plant","floor":31,"turns":5},{"damage":31,"enemies":"Collector","floor":33,"turns":10},{"damage":6,"enemies":"Orb Walker","floor":35,"turns":3},{"damage":0,"enemies":"3 Shapes","floor":36,"turns":3},{"damage":0,"enemies":"Spire Growth","floor":38,"turns":5},{"damage":27,"enemies":"Transient","floor":41,"turns":5},{"damage":0,"enemies":"4 Shapes","floor":42,"turns":4},{"damage":65,"enemies":"Giant Head","floor":45,"turns":9},{"damage":0,"enemies":"3 Darklings","floor":46,"turns":5},{"damage":41,"enemies":"Reptomancer","floor":47,"turns":8},{"damage":11,"enemies":"Sphere and 2 Shapes","floor":48,"turns":6},{"damage":12,"enemies":"Donu and Deca","floor":50,"turns":12}],"seed_played":"-373429822927529413","potions_obtained":[{"floor":3,"key":"SkillPotion"},{"floor":7,"key":"SpeedPotion"},{"floor":14,"key":"FairyPotion"},{"floor":16,"key":"Explosive Potion"},{"floor":29,"key":"Swift Potion"},{"floor":33,"key":"Dexterity Potion"},{"floor":38,"key":"FocusPotion"},{"floor":45,"key":"AttackPotion"},{"floor":46,"key":"Weak Potion"},{"floor":47,"key":"Explosive Potion"}],"is_trial":false,"path_per_floor":["M","M","M","$","?","R","E","R","T","M","M","E","R","M","R","B",null,"M","M","$","?","M","E","R","?","T","$","M","M","R","M","R","B",null,"M","M","$","M","?","R","M","M","T","R","E","M","E","M","R","B",null],"character_chosen":"DEFECT","items_purchased":["Darkness","Weak Potion","Membership Card","Self Repair","SpeedPotion","Swift Potion","Compile Driver","Trip","Blizzard","Lantern","Strawberry","Flash of Steel","Incense Burner","LiquidBronze"],"campfire_rested":4,"item_purchase_floors":[4,4,20,20,20,20,20,20,27,27,27,27,37,37],"current_hp_per_floor":[81,71,71,71,64,64,34,34,34,16,16,16,55,55,55,14,82,65,60,60,60,61,14,52,52,52,59,60,57,57,44,84,62,86,86,86,86,86,86,86,66,68,68,68,24,45,25,35,75,72],"gold":242,"neow_bonus":"TEN_PERCENT_HP_BONUS","is_prod":false,"is_daily":false,"chose_seed":false,"campfire_upgraded":6,"win_rate":0,"timestamp":1556475537,"path_taken":["M","M","M","$","?","R","E","R","T","M","M","E","R","M","R","BOSS","M","M","$","?","M","E","R","?","T","$","M","M","R","M","R","BOSS","M","?","$","M","?","R","M","M","T","R","E","M","E","M","R","BOSS"],"build_version":"2019-04-23","purchased_purges":2,"victory":true,"max_hp_per_floor":[82,82,82,82,82,82,82,82,82,82,82,82,82,82,82,82,82,82,82,79,79,79,79,79,79,79,86,86,86,86,86,86,86,86,86,86,86,86,86,86,86,86,86,86,86,86,86,86,86,86],"card_choices":[{"not_picked":["Streamline","Sweeping Beam"],"picked":"Cold Snap","floor":1},{"not_picked":["Auto Shields","Reinforced Body"],"picked":"Coolheaded","floor":2},{"not_picked":["Capacitor","Conserve Battery"],"picked":"Go for the Eyes","floor":3},{"not_picked":["Tempest","Compile Driver"],"picked":"Ball Lightning","floor":7},{"not_picked":["Coolheaded","White Noise"],"picked":"Conserve Battery","floor":10},{"not_picked":["Cold Snap","Go for the Eyes"],"picked":"Biased Cognition","floor":11},{"not_picked":["Melter","Rebound"],"picked":"Skim","floor":12},{"not_picked":["Chill","Ball Lightning"],"picked":"Barrage","floor":14},{"not_picked":["Hyperbeam","Buffer"],"picked":"Core Surge","floor":16},{"not_picked":["Static Discharge","Hello World"],"picked":"Hologram","floor":18},{"not_picked":["Compile Driver","Steam Power"],"picked":"Glacier","floor":19},{"not_picked":["Reinforced Body+1","Ball Lightning"],"picked":"Machine Learning","floor":22},{"not_picked":["Fission","Darkness+1"],"picked":"Reprogram","floor":23},{"not_picked":["Compile Driver","Leap","Streamline"],"picked":"SKIP","floor":28},{"not_picked":["Streamline","Gash+1"],"picked":"Conserve Battery+1","floor":29},{"not_picked":["Beam Cell","White Noise"],"picked":"Compile Driver+1","floor":31},{"not_picked":["Meteor Strike","Core Surge"],"picked":"Biased Cognition","floor":33},{"not_picked":["Beam Cell"],"picked":"SKIP","floor":35},{"not_picked":["Streamline"],"picked":"SKIP","floor":36},{"not_picked":[],"picked":"Storm","floor":38},{"not_picked":["Steam"],"picked":"SKIP","floor":41},{"not_picked":[],"picked":"Consume+1","floor":42},{"not_picked":[],"picked":"Leap+1","floor":45},{"not_picked":[],"picked":"Turbo","floor":46},{"not_picked":["Streamline+1"],"picked":"SKIP","floor":47},{"not_picked":["Force Field"],"picked":"SKIP","floor":48}],"player_experience":504892,"relics_obtained":[{"floor":7,"key":"Thread and Needle"},{"floor":9,"key":"Potion Belt"},{"floor":12,"key":"Omamori"},{"floor":17,"key":"War Paint"},{"floor":17,"key":"Mercury Hourglass"},{"floor":17,"key":"Old Coin"},{"floor":23,"key":"Meat on the Bone"},{"floor":26,"key":"Blood Vial"},{"floor":43,"key":"Centennial Puzzle"},{"floor":45,"key":"MawBank"},{"floor":47,"key":"Ancient Tea Set"}],"event_choices":[{"damage_healed":0,"gold_gain":0,"player_choice":"Success","damage_taken":7,"relics_obtained":["Regal Pillow"],"max_hp_gain":0,"max_hp_loss":0,"event_name":"Scrap Ooze","floor":5,"gold_loss":0},{"damage_healed":0,"gold_gain":0,"player_choice":"Read","damage_taken":0,"max_hp_gain":0,"max_hp_loss":0,"event_name":"The Library","floor":21,"gold_loss":0,"cards_obtained":["Capacitor"]},{"damage_healed":0,"gold_gain":0,"player_choice":"Copied","damage_taken":0,"max_hp_gain":0,"max_hp_loss":0,"event_name":"Duplicator","floor":25,"gold_loss":0,"cards_obtained":["Glacier"]},{"damage_healed":0,"gold_gain":0,"player_choice":"Paid","damage_taken":0,"relics_obtained":["Red Mask"],"max_hp_gain":0,"max_hp_loss":0,"event_name":"Tomb of Lord Red Mask","floor":39,"gold_loss":11}],"is_beta":true,"boss_relics":[{"not_picked":["Empty Cage","Pandora\u0027s Box"],"picked":"Calling Bell"},{"not_picked":["Nuclear Battery","FrozenCore"],"picked":"Busted Crown"}],"items_purged_floors":[20,27],"is_endless":false,"potions_floor_spawned":[3,7,14,16,29,33,38,45,46,47],"ascension_level":4}