{"gold_per_floor":[112,127,137,187,202,233,233,250,250,267,286,286,299,312,312,312],"floor_reached":16,"playtime":725,"items_purged":[],"score":205,"play_id":"803c17ff-4505-4fba-b8d4-a8083aaa8564","local_time":"20190314040512","is_ascension_mode":true,"campfire_choices":[{"floor":7,"key":"REST"},{"floor":15,"key":"REST"}],"neow_cost":"NONE","seed_source_timestamp":349003957111310,"circlet_count":0,"master_deck":["AscendersBane","Strike_R","Strike_R","Strike_R","Strike_R","Strike_R","Defend_R","Defend_R","Defend_R","Defend_R","Bash+1","Rampage","Headbutt","Clothesline","True Grit","Shrug It Off","Anger","Shrug It Off"],"relics":["Sozu","Paper Frog","Sundial"],"potions_floor_usage":[],"damage_taken":[{"damage":1,"enemies":"Cultist","floor":1,"turns":3},{"damage":7,"enemies":"Jaw Worm","floor":2,"turns":3},{"damage":0,"enemies":"Small Slimes","floor":3,"turns":2},{"damage":14,"enemies":"Exordium Wildlife","floor":5,"turns":3},{"damage":40,"enemies":"3 Sentries","floor":6,"turns":9},{"damage":7,"enemies":"2 Fungi Beasts","floor":8,"turns":3},{"damage":4,"enemies":"Exordium Thugs","floor":10,"turns":5},{"damage":14,"enemies":"Large Slime","floor":11,"turns":4},{"damage":0,"enemies":"Looter","floor":13,"turns":2},{"damage":0,"enemies":"3 Louse","floor":14,"turns":4},{"damage":26,"enemies":"Slime Boss","floor":16,"turns":5}],"seed_played":"300860200180862259","potions_obtained":[],"is_trial":false,"path_per_floor":["M","M","M","?","M","E","R","M","T","M","M","?","M","M","R","B"],"character_chosen":"IRONCLAD","items_purchased":[],"campfire_rested":2,"item_purchase_floors":[],"current_hp_per_floor":[67,60,60,60,46,6,28,21,21,17,3,3,3,3,25,0],"gold":312,"neow_bonus":"BOSS_RELIC","is_prod":false,"is_daily":false,"chose_seed":false,"campfire_upgraded":0,"win_rate":0,"timestamp":1552532712,"path_taken":["M","M","?","?","?","E","R","M","T","M","M","?","M","M","R","BOSS"],"build_version":"2019-02-06","purchased_purges":0,"victory":false,"max_hp_per_floor":[75,75,75,75,75,75,75,75,75,75,75,75,75,75,75,75],"card_choices":[{"not_picked":["Armaments","Headbutt"],"picked":"Rampage","floor":1},{"not_picked":["Dropkick","Carnage","Rage"],"picked":"SKIP","floor":2},{"not_picked":["Iron Wave","Corruption"],"picked":"Headbutt","floor":3},{"not_picked":["Seeing Red","Perfected Strike"],"picked":"Clothesline","floor":5},{"not_picked":["Anger","Corruption"],"picked":"True Grit","floor":6},{"not_picked":["Heavy Blade","Feel No Pain"],"picked":"Shrug It Off","floor":8},{"not_picked":["True Grit","Clothesline","Pommel Strike"],"picked":"SKIP","floor":10},{"not_picked":["Juggernaut","Armaments"],"picked":"Anger","floor":11},{"not_picked":["Anger","Sword Boomerang","True Grit"],"picked":"SKIP","floor":13},{"not_picked":["Pummel","Whirlwind"],"picked":"Shrug It Off","floor":14}],"player_experience":274845,"relics_obtained":[{"floor":6,"key":"Paper Frog"},{"floor":9,"key":"Sundial"}],"event_choices":[{"damage_healed":0,"gold_gain":50,"player_choice":"Pray","damage_taken":0,"max_hp_gain":0,"max_hp_loss":0,"event_name":"Golden Shrine","floor":4,"gold_loss":0},{"damage_healed":0,"gold_gain":0,"player_choice":"Grow","damage_taken":0,"max_hp_gain":0,"max_hp_loss":0,"event_name":"Living Wall","floor":12,"gold_loss":0,"cards_upgraded":["Bash"]}],"is_beta":true,"boss_relics":[],"items_purged_floors":[],"is_endless":false,"potions_floor_spawned":[1,6,8,10,11],"killed_by":"Slime Boss","ascension_level":18}