{"gold_per_floor":[115,115,127,20,37,68,79,79],"floor_reached":8,"playtime":614,"items_purged":[],"score":64,"play_id":"a3ac8136-0336-4c94-9d3f-6f8e759ea119","local_time":"20181106190425","is_ascension_mode":true,"campfire_choices":[],"neow_cost":"NONE","seed_source_timestamp":386251226537111,"circlet_count":0,"master_deck":["Strike_R","Strike_R","Strike_R","Strike_R","Defend_R","Defend_R","Defend_R","Defend_R","Bash","Pommel Strike","True Grit","Iron Wave","Intimidate","Rage"],"relics":["Burning Blood","NeowsBlessing","Thread and Needle","Happy Flower"],"potions_floor_usage":[8],"damage_taken":[{"damage":0,"enemies":"Cultist","floor":1,"turns":1},{"damage":0,"enemies":"Jaw Worm","floor":3,"turns":1},{"damage":0,"enemies":"2 Louse","floor":5,"turns":1},{"damage":55,"enemies":"Lagavulin","floor":6,"turns":10},{"damage":8,"enemies":"Large Slime","floor":7,"turns":7},{"damage":32,"enemies":"3 Sentries","floor":8,"turns":8}],"seed_played":"6603851931213589638","potions_obtained":[{"floor":6,"key":"AttackPotion"}],"is_trial":false,"path_per_floor":["M","?","M","?","M","E","M","E"],"character_chosen":"IRONCLAD","items_purchased":[],"campfire_rested":0,"item_purchase_floors":[],"current_hp_per_floor":[80,73,79,79,80,31,29,0],"gold":79,"neow_bonus":"THREE_ENEMY_KILL","is_prod":false,"is_daily":false,"chose_seed":false,"campfire_upgraded":0,"win_rate":0,"timestamp":1541527465,"path_taken":["M","?","M","?","M","E","M","E"],"build_version":"2018-11-05","purchased_purges":0,"victory":false,"max_hp_per_floor":[80,80,80,80,80,80,80,80],"card_choices":[{"not_picked":["Perfected Strike","Twin Strike"],"picked":"Pommel Strike","floor":1},{"not_picked":["Pommel Strike","Clothesline"],"picked":"True Grit","floor":3},{"not_picked":["Carnage","Body Slam"],"picked":"Iron Wave","floor":5},{"not_picked":["Carnage","Clothesline"],"picked":"Intimidate","floor":6},{"not_picked":["Thunderclap","Twin Strike"],"picked":"Rage","floor":7}],"player_experience":20052,"relics_obtained":[{"floor":6,"key":"Happy Flower"}],"event_choices":[{"cards_removed":["Strike_R"],"damage_healed":0,"gold_gain":0,"player_choice":"Card Removal","damage_taken":7,"max_hp_gain":0,"max_hp_loss":0,"event_name":"Golden Wing","floor":2,"gold_loss":0},{"damage_healed":0,"gold_gain":0,"player_choice":"Paid Gold","damage_taken":0,"relics_obtained":["Thread and Needle"],"max_hp_gain":0,"max_hp_loss":0,"event_name":"WeMeetAgain","floor":4,"gold_loss":107}],"is_beta":true,"boss_relics":[],"items_purged_floors":[],"is_endless":false,"potions_floor_spawned":[6],"killed_by":"3 Sentries","ascension_level":2}