{"gold_per_floor":[117,132,82,98,113,113,145,145,168,168,14,30,30,48,48,149,149,163,14,0,0,16,50,50,84,84,84,84,84,103,118,118,219,219,239,258,168,183,83,116,134,134,134,167,180,199,227,239,239,239],"floor_reached":50,"playtime":4095,"items_purged":["Defend_G","Defend_G"],"score":660,"play_id":"6f94b412-9613-4c26-877f-72440ac0c785","local_time":"20190313201508","is_ascension_mode":true,"campfire_choices":[{"floor":6,"key":"REST"},{"floor":8,"key":"REST"},{"floor":13,"key":"REST"},{"floor":15,"key":"DIG"},{"data":"After Image","floor":24,"key":"SMITH"},{"data":"Caltrops","floor":27,"key":"SMITH"},{"floor":29,"key":"DIG"},{"floor":32,"key":"DIG"},{"floor":42,"key":"DIG"},{"floor":49,"key":"REST"}],"neow_cost":"PERCENT_DAMAGE","seed_source_timestamp":317432911197651,"circlet_count":0,"master_deck":["Defend_G","Defend_G","Defend_G","Strike_G","Strike_G","Strike_G+1","Survivor","Neutralize+1","Footwork","Sucker Punch","All Out Attack","Backflip","Cloak And Dagger","Envenom+1","Adrenaline","PiercingWail","Adrenaline","Backstab","Terror","Well Laid Plans","After Image+1","Caltrops+1","Deadly Poison","Backstab+1","Corpse Explosion","Dagger Throw+1","Poisoned Stab+1","Distraction+1","Escape Plan+1","Prepared","Flying Knee+1","Deadly Poison+1","Distraction+1","Bane+1"],"relics":["Ring of the Snake","Shovel","Bag of Preparation","PreservedInsect","Anchor","Runic Dome","MutagenicStrength","Lantern","Oddly Smooth Stone","Pear","Omamori","Tingsha","Cursed Key","Nunchaku","Mummified Hand","Sundial","Incense Burner","Bag of Marbles"],"potions_floor_usage":[7,16,16,16,31,31,41,44,50],"damage_taken":[{"damage":11,"enemies":"Small Slimes","floor":1,"turns":4},{"damage":0,"enemies":"2 Louse","floor":2,"turns":4},{"damage":0,"enemies":"Cultist","floor":4,"turns":4},{"damage":28,"enemies":"Exordium Wildlife","floor":5,"turns":6},{"damage":26,"enemies":"Lagavulin","floor":7,"turns":13},{"damage":6,"enemies":"Lots of Slimes","floor":12,"turns":3},{"damage":5,"enemies":"Red Slaver","floor":14,"turns":4},{"damage":13,"enemies":"The Guardian","floor":16,"turns":14},{"damage":1,"enemies":"3 Byrds","floor":18,"turns":6},{"damage":0,"enemies":"Chosen","floor":22,"turns":3},{"damage":22,"enemies":"Gremlin Leader","floor":23,"turns":5},{"damage":9,"enemies":"Book of Stabbing","floor":25,"turns":4},{"damage":6,"enemies":"Sentry and Sphere","floor":30,"turns":4},{"damage":0,"enemies":"3 Cultists","floor":31,"turns":3},{"damage":37,"enemies":"Collector","floor":33,"turns":11},{"damage":0,"enemies":"Orb Walker","floor":35,"turns":3},{"damage":0,"enemies":"3 Darklings","floor":36,"turns":1},{"damage":0,"enemies":"4 Shapes","floor":38,"turns":3},{"damage":24,"enemies":"Reptomancer","floor":40,"turns":5},{"damage":0,"enemies":"Writhing Mass","floor":41,"turns":4},{"damage":1,"enemies":"Nemesis","floor":44,"turns":4},{"damage":7,"enemies":"Jaw Worm Horde","floor":45,"turns":3},{"damage":12,"enemies":"Transient","floor":46,"turns":5},{"damage":13,"enemies":"Reptomancer","floor":47,"turns":3},{"damage":0,"enemies":"3 Darklings","floor":48,"turns":1},{"damage":59,"enemies":"Awakened One","floor":50,"turns":7}],"seed_played":"2402503995439684906","potions_obtained":[{"floor":1,"key":"Ancient Potion"},{"floor":7,"key":"GhostInAJar"},{"floor":12,"key":"LiquidBronze"},{"floor":14,"key":"Regen Potion"},{"floor":25,"key":"Explosive Potion"},{"floor":30,"key":"Fire Potion"},{"floor":40,"key":"FearPotion"},{"floor":41,"key":"PowerPotion"},{"floor":47,"key":"Ancient Potion"}],"is_trial":false,"path_per_floor":["M","M","?","M","M","R","E","R","T","?","$","M","R","M","R","B",null,"M","$","?","?","M","E","R","E","T","R","?","R","M","M","R","B",null,"M","M","?","M","$","E","M","R","T","E","M","M","E","M","R","B"],"character_chosen":"THE_SILENT","items_purchased":["Envenom","Terror"],"campfire_rested":4,"item_purchase_floors":[11,19],"current_hp_per_floor":[38,38,38,38,10,31,5,26,26,26,26,20,41,36,36,38,70,69,69,69,69,69,47,47,38,48,48,48,48,42,42,42,5,80,80,80,80,80,80,56,56,56,56,55,48,36,23,23,47,0],"gold":239,"neow_bonus":"ONE_RARE_RELIC","is_prod":false,"is_daily":false,"chose_seed":false,"campfire_upgraded":2,"win_rate":0,"timestamp":1552504508,"path_taken":["M","M","?","M","M","R","E","R","T","?","$","M","R","M","R","BOSS","M","$","?","?","M","E","R","E","T","R","?","R","?","M","R","BOSS","M","M","?","?","?","E","M","R","T","E","M","?","E","M","R","BOSS"],"build_version":"2019-02-06","purchased_purges":2,"victory":false,"max_hp_per_floor":[70,70,70,70,70,70,70,70,70,70,70,70,70,70,70,70,70,70,70,70,70,70,70,70,70,80,80,80,80,80,80,80,80,80,80,80,80,80,80,80,80,80,80,80,80,80,80,80,80,80],"card_choices":[{"not_picked":["Acrobatics","Tactician"],"picked":"Footwork","floor":1},{"not_picked":["Prepared","Slice"],"picked":"Sucker Punch","floor":2},{"not_picked":["Acrobatics","Cloak And Dagger"],"picked":"All Out Attack","floor":4},{"not_picked":["Quick Slash","Bane"],"picked":"Backflip","floor":5},{"not_picked":["Blade Dance","Reflex"],"picked":"Cloak And Dagger","floor":7},{"not_picked":["Dagger Spray","Acrobatics"],"picked":"Adrenaline","floor":12},{"not_picked":["Quick Slash","Acrobatics"],"picked":"PiercingWail","floor":14},{"not_picked":["Burst","Malaise"],"picked":"Adrenaline","floor":16},{"not_picked":["PiercingWail+1","Slice"],"picked":"Backstab","floor":18},{"not_picked":["Cloak And Dagger","Underhanded Strike"],"picked":"Well Laid Plans","floor":22},{"not_picked":["Backstab","Flying Knee"],"picked":"After Image","floor":23},{"not_picked":["Footwork","Backstab"],"picked":"Caltrops","floor":25},{"not_picked":["Dagger Throw","Backflip"],"picked":"Deadly Poison","floor":30},{"not_picked":["Expertise+1","Deadly Poison"],"picked":"Backstab+1","floor":31},{"not_picked":["Adrenaline","Storm of Steel"],"picked":"Corpse Explosion","floor":33},{"not_picked":["Bane+1","Deflect"],"picked":"Dagger Throw+1","floor":35},{"not_picked":["Calculated Gamble","Accuracy+1"],"picked":"Poisoned Stab+1","floor":36},{"not_picked":["Terror","Acrobatics"],"picked":"Distraction+1","floor":38},{"not_picked":["Deadly Poison","Poisoned Stab"],"picked":"Escape Plan+1","floor":40},{"not_picked":["Slice+1","PiercingWail"],"picked":"Prepared","floor":41},{"not_picked":["Dodge and Roll","Slice","Skewer+1"],"picked":"SKIP","floor":44},{"not_picked":["Expertise","Accuracy+1"],"picked":"Flying Knee+1","floor":45},{"not_picked":["Die Die Die","Cloak And Dagger"],"picked":"Deadly Poison+1","floor":46},{"not_picked":["Underhanded Strike","Die Die Die"],"picked":"Distraction+1","floor":47},{"not_picked":["Deadly Poison+1","Finisher"],"picked":"Bane+1","floor":48}],"player_experience":246713,"relics_obtained":[{"floor":7,"key":"Bag of Preparation"},{"floor":9,"key":"PreservedInsect"},{"floor":15,"key":"Anchor"},{"floor":23,"key":"Lantern"},{"floor":25,"key":"Oddly Smooth Stone"},{"floor":26,"key":"Pear"},{"floor":29,"key":"Omamori"},{"floor":32,"key":"Tingsha"},{"floor":40,"key":"Nunchaku"},{"floor":42,"key":"Mummified Hand"},{"floor":43,"key":"Sundial"},{"floor":44,"key":"Incense Burner"},{"floor":47,"key":"Bag of Marbles"}],"event_choices":[{"cards_removed":["Strike_G"],"damage_healed":0,"gold_gain":0,"player_choice":"Card Removal","damage_taken":0,"max_hp_gain":0,"max_hp_loss":0,"event_name":"The Cleric","floor":3,"gold_loss":50},{"damage_healed":0,"gold_gain":0,"player_choice":"Grow","damage_taken":0,"max_hp_gain":0,"max_hp_loss":0,"event_name":"Living Wall","floor":10,"gold_loss":0,"cards_upgraded":["Neutralize"]},{"damage_healed":0,"gold_gain":0,"player_choice":"Paid Fearfully","damage_taken":0,"max_hp_gain":0,"max_hp_loss":0,"event_name":"Masked Bandits","floor":20,"gold_loss":14},{"damage_healed":0,"gold_gain":0,"player_choice":"Inject Mutagens","damage_taken":0,"relics_obtained":["MutagenicStrength"],"max_hp_gain":0,"max_hp_loss":0,"event_name":"Drug Dealer","floor":21,"gold_loss":0},{"damage_healed":0,"gold_gain":0,"player_choice":"Upgraded","damage_taken":0,"max_hp_gain":0,"max_hp_loss":0,"event_name":"Upgrade Shrine","floor":28,"gold_loss":0,"cards_upgraded":["Envenom"]},{"cards_removed":["Strike_G"],"damage_healed":0,"gold_gain":0,"player_choice":"Upgrade and Remove","damage_taken":0,"max_hp_gain":0,"max_hp_loss":0,"event_name":"Designer","floor":37,"gold_loss":90,"cards_upgraded":["Strike_G"]}],"is_beta":true,"boss_relics":[{"not_picked":["Empty Cage","Snecko Eye"],"picked":"Runic Dome"},{"not_picked":["Coffee Dripper","Sozu"],"picked":"Cursed Key"}],"items_purged_floors":[19,39],"is_endless":false,"potions_floor_spawned":[1,7,12,14,25,30,40,41,47],"killed_by":"Awakened One","ascension_level":3}