{"gold_per_floor":[114,131,145,145,159,159,186,186,213,213,236,236,271,302,314,422,434,459,471,496,508,148,148,48,81,138,138,13,13,37,56,56,56],"floor_reached":33,"playtime":1820,"items_purged":["Strike_G","Defend_G","Defend_G"],"score":534,"play_id":"01df7ce1-0bfc-4e57-b3b9-1e6886c33d64","local_time":"20181025011906","is_ascension_mode":true,"campfire_choices":[{"data":"Neutralize","floor":6,"key":"SMITH"},{"data":"After Image","floor":10,"key":"SMITH"},{"data":"Sucker Punch","floor":12,"key":"SMITH"},{"floor":15,"key":"REST"},{"data":"A Thousand Cuts","floor":23,"key":"SMITH"},{"data":"Infinite Blades","floor":27,"key":"SMITH"},{"floor":32,"key":"REST"}],"neow_cost":"NONE","seed_source_timestamp":2929911510725082,"circlet_count":0,"master_deck":["Defend_G","Defend_G","Defend_G","Survivor","Neutralize+1","AscendersBane","Infinite Blades+1","Finisher","Finisher","PiercingWail","Sucker Punch+1","After Image+1","Dagger Spray","Infinite Blades","Backstab","A Thousand Cuts+1","A Thousand Cuts+1","Glass Knife+1","Calculated Gamble+1","Backflip+1","Ghostly","Ghostly","Ghostly","Deflect","Ghostly","Well Laid Plans","Leg Sweep","Footwork","Flying Knee"],"relics":["Ring of the Snake","Snake Skull","Golden Idol","Vajra","MawBank","Astrolabe","DollysMirror","Torii","Tiny Chest"],"potions_floor_usage":[7,13,18,33],"damage_taken":[{"damage":3,"enemies":"2 Louse","floor":1,"turns":5},{"damage":2,"enemies":"Jaw Worm","floor":2,"turns":4},{"damage":1,"enemies":"Small Slimes","floor":3,"turns":5},{"damage":1,"enemies":"Blue Slaver","floor":5,"turns":3},{"damage":13,"enemies":"Lagavulin","floor":7,"turns":8},{"damage":2,"enemies":"Looter","floor":11,"turns":4},{"damage":20,"enemies":"Gremlin Nob","floor":13,"turns":5},{"damage":0,"enemies":"Large Slime","floor":14,"turns":5},{"damage":22,"enemies":"The Guardian","floor":16,"turns":14},{"damage":3,"enemies":"Chosen","floor":18,"turns":4},{"damage":5,"enemies":"3 Byrds","floor":20,"turns":5},{"damage":12,"enemies":"Book of Stabbing","floor":25,"turns":7},{"damage":0,"enemies":"Sentry and Sphere","floor":30,"turns":6},{"damage":1,"enemies":"Snake Plant","floor":31,"turns":7},{"damage":22,"enemies":"Automaton","floor":33,"turns":6}],"seed_played":"1678993874778675964","potions_obtained":[{"floor":1,"key":"AttackPotion"},{"floor":5,"key":"SkillPotion"},{"floor":13,"key":"PowerPotion"},{"floor":14,"key":"GhostInAJar"},{"floor":16,"key":"Fire Potion"},{"floor":18,"key":"Swift Potion"}],"is_trial":false,"path_per_floor":["M","M","M","?","M","R","E","?","T","R","M","R","E","M","R","B",null,"M","?","M","?","$","R","$","E","T","R","$","$","M","M","R"],"character_chosen":"THE_SILENT","items_purchased":["DollysMirror","Well Laid Plans"],"campfire_rested":2,"item_purchase_floors":[22,22],"current_hp_per_floor":[56,54,53,53,52,52,39,39,39,39,37,37,17,17,35,13,48,45,30,25,25,25,25,25,13,13,13,13,13,13,12,21,0],"gold":56,"neow_bonus":"TRANSFORM_CARD","is_prod":false,"is_daily":false,"chose_seed":false,"campfire_upgraded":5,"win_rate":0,"timestamp":1540455546,"path_taken":["M","M","M","?","M","R","E","?","T","R","M","R","E","M","R","BOSS","M","?","M","?","$","R","$","E","T","R","?","$","M","?","R","BOSS"],"build_version":"2018-10-24","purchased_purges":3,"victory":false,"max_hp_per_floor":[66,66,66,66,66,66,66,60,60,60,60,60,60,60,60,60,60,60,30,30,30,30,30,30,30,30,30,30,30,30,30,30,30],"card_choices":[{"not_picked":["Terror","Slice"],"picked":"Finisher","floor":1},{"not_picked":["Acrobatics","Bane"],"picked":"Finisher","floor":2},{"not_picked":["Setup","Blur"],"picked":"PiercingWail","floor":3},{"not_picked":["Eviscerate","Terror"],"picked":"Sucker Punch","floor":5},{"not_picked":["Dagger Throw","Heel Hook"],"picked":"After Image","floor":7},{"not_picked":["Acrobatics","Cloak And Dagger"],"picked":"Dagger Spray","floor":11},{"not_picked":["All Out Attack","Acrobatics"],"picked":"Infinite Blades","floor":13},{"not_picked":["Blade Dance","Acrobatics"],"picked":"Backstab","floor":14},{"not_picked":["Storm of Steel","Doppelganger"],"picked":"A Thousand Cuts","floor":16},{"not_picked":["Prepared+1","Dagger Throw"],"picked":"Backflip+1","floor":18},{"not_picked":["Finisher","Blur"],"picked":"Deflect","floor":20},{"not_picked":["Glass Knife","Bane"],"picked":"Leg Sweep","floor":25},{"not_picked":["PiercingWail","Prepared"],"picked":"Footwork","floor":30},{"not_picked":["Finisher","Blade Dance"],"picked":"Flying Knee","floor":31}],"player_experience":986627,"relics_obtained":[{"floor":7,"key":"Snake Skull"},{"floor":9,"key":"Vajra"},{"floor":13,"key":"MawBank"},{"floor":25,"key":"Torii"},{"floor":26,"key":"Tiny Chest"}],"event_choices":[{"damage_healed":0,"gold_gain":0,"player_choice":"Ignored","damage_taken":0,"max_hp_gain":0,"max_hp_loss":0,"event_name":"Liars Game","floor":4,"gold_loss":0},{"damage_healed":0,"gold_gain":0,"player_choice":"Lose Max HP","damage_taken":0,"relics_obtained":["Golden Idol"],"max_hp_gain":0,"max_hp_loss":6,"event_name":"Golden Idol","floor":8,"gold_loss":0},{"damage_healed":0,"gold_gain":0,"player_choice":"Became a Ghost","damage_taken":0,"max_hp_gain":0,"max_hp_loss":30,"event_name":"Ghosts","floor":19,"gold_loss":0,"cards_obtained":["Ghostly","Ghostly","Ghostly"]},{"damage_healed":0,"gold_gain":0,"player_choice":"Ignored","damage_taken":0,"max_hp_gain":0,"max_hp_loss":0,"event_name":"Vampires","floor":21,"gold_loss":0}],"is_beta":true,"boss_relics":[{"not_picked":["Empty Cage","Orrery"],"picked":"Astrolabe"}],"items_purged_floors":[22,24,28],"is_endless":false,"potions_floor_spawned":[1,5,13,14,16,18],"killed_by":"Automaton","ascension_level":17}