{"gold_per_floor":[115,115,34,49,49,49,82,82,106,106,181,207,222,251,251,347,347,362,393,404,15,15,15,15,15,38,65,65,90,109,20,20,122,122,134,134,146,146,157,184,184,134,134,134,134,134,160,12,12,12],"floor_reached":50,"playtime":3454,"items_purged":["Strike_B","Decay","Strike_B+1","Strike_B+1"],"score":862,"play_id":"f86f1ad4-8a8a-476a-9fd3-fff702bef130","local_time":"20190502014624","is_ascension_mode":true,"campfire_choices":[{"data":"Zap","floor":6.0,"key":"SMITH"},{"data":"Streamline","floor":8.0,"key":"SMITH"},{"data":"Defragment","floor":10.0,"key":"SMITH"},{"data":"Coolheaded","floor":15.0,"key":"SMITH"},{"data":"Sunder","floor":23,"key":"SMITH"},{"data":"Darkness","floor":25,"key":"SMITH"},{"data":"Loop","floor":32,"key":"SMITH"},{"data":"Biased Cognition","floor":41,"key":"SMITH"},{"data":"Redo","floor":44,"key":"SMITH"},{"data":"Glacier","floor":46,"key":"SMITH"},{"floor":49,"key":"REST"}],"neow_cost":"NONE","seed_source_timestamp":117189446436200,"circlet_count":0,"master_deck":["Defend_B+1","Defend_B+1","Defend_B+1","Defend_B+1","Zap+1","Dualcast","Defragment+1","Coolheaded+1","Streamline+1","Chill","Sunder+1","Coolheaded+1","Echo Form","Rebound","Turbo","Go for the Eyes+1","Darkness+1","Redo","Glacier+1","Biased Cognition+1","Loop+1","Creative AI","Redo+1","Steam Power+1","Hologram+1","Conserve Battery","Amplify+1","Turbo+1"],"special_seed":0,"relics":["Cracked Core","NeowsBlessing","Darkstone Periapt","Mercury Hourglass","Bottled Lightning","Bag of Marbles","Meat on the Bone","Strawberry","Nuclear Battery","Red Mask","Letter Opener","Smiling Mask","Bronze Scales","Art of War","Philosopher\u0027s Stone","Orichalcum","Ornamental Fan","Toxic Egg 2"],"potions_floor_usage":[33,33,33,47,50],"damage_taken":[{"damage":0.0,"enemies":"Small Slimes","floor":1.0,"turns":1.0},{"damage":0.0,"enemies":"2 Louse","floor":4.0,"turns":1.0},{"damage":0.0,"enemies":"3 Sentries","floor":7.0,"turns":1.0},{"damage":14.0,"enemies":"Gremlin Nob","floor":12.0,"turns":3.0},{"damage":0.0,"enemies":"Cultist","floor":13.0,"turns":2.0},{"damage":6.0,"enemies":"Lagavulin","floor":14.0,"turns":6.0},{"damage":28.0,"enemies":"Hexaghost","floor":16.0,"turns":8.0},{"damage":34,"enemies":"2 Thieves","floor":18,"turns":4},{"damage":5,"enemies":"Masked Bandits","floor":19,"turns":4},{"damage":0,"enemies":"Spheric Guardian","floor":20,"turns":3},{"damage":24,"enemies":"Book of Stabbing","floor":27,"turns":5},{"damage":11,"enemies":"Slavers","floor":29,"turns":4},{"damage":0,"enemies":"Chosen and Byrds","floor":30,"turns":4},{"damage":10,"enemies":"Champ","floor":33,"turns":8},{"damage":3,"enemies":"3 Shapes","floor":35,"turns":3},{"damage":3,"enemies":"3 Darklings","floor":37,"turns":3},{"damage":12,"enemies":"4 Shapes","floor":39,"turns":4},{"damage":8,"enemies":"Nemesis","floor":40,"turns":5},{"damage":3,"enemies":"Giant Head","floor":47,"turns":6},{"damage":98,"enemies":"Time Eater","floor":50,"turns":9}],"seed_played":"-7037270850157825169","potions_obtained":[{"floor":7.0,"key":"Fire Potion"},{"floor":14.0,"key":"Strength Potion"},{"floor":16.0,"key":"Strength Potion"},{"floor":18,"key":"Strength Potion"},{"floor":27,"key":"Fire Potion"},{"floor":29,"key":"AttackPotion"},{"floor":33,"key":"Strength Potion"},{"floor":37,"key":"Swift Potion"},{"floor":40,"key":"Fruit Juice"}],"is_trial":false,"path_per_floor":["M","?","?","M","?","R","E","R","T","R","?","E","M","E","R","B",null,"M","?","M","$","?","R","$","R","T","E","?","E","M","$","R","B",null,"M","?","M","?","M","E","R","$","T","R","?","R","E","$","R","B"],"character_chosen":"DEFECT","items_purchased":["Darkness","Letter Opener","Loop","SpeedPotion","Turbo+1"],"campfire_rested":1,"item_purchase_floors":[21,21,31,48,48],"current_hp_per_floor":[68,73,73,73,66,66,66,66,66,66,55,41,41,54,54,38,75,53,48,48,48,48,48,48,48,48,36,42,43,55,55,55,57,84,81,81,78,78,66,58,58,58,58,58,58,58,60,60,87,0],"gold":12,"neow_bonus":"THREE_ENEMY_KILL","is_prod":false,"is_daily":false,"chose_seed":false,"campfire_upgraded":10,"win_rate":0,"timestamp":1556754384,"path_taken":["M","?","?","?","?","R","E","R","T","R","?","E","M","E","R","BOSS","M","?","M","$","?","R","$","R","T","E","?","E","M","$","R","BOSS","M","?","M","?","?","E","R","?","T","R","?","R","E","$","R","BOSS"],"build_version":"2019-04-23","purchased_purges":4,"victory":false,"max_hp_per_floor":[75,80,80,80,80,80,80,80,80,80,80,80,80,87,87,87,87,87,87,87,87,87,87,87,87,87,87,93,93,93,93,93,93,93,93,88,88,88,88,88,88,88,88,88,88,88,93,93,93,93],"card_choices":[{"not_picked":["Redo","Recycle"],"picked":"Defragment","floor":1.0},{"not_picked":["Sweeping Beam","Fusion"],"picked":"Coolheaded","floor":4.0},{"not_picked":["Hello World","Beam Cell"],"picked":"Streamline","floor":7.0},{"not_picked":["Stack","All For One"],"picked":"Chill","floor":12.0},{"not_picked":["Leap","Force Field"],"picked":"Sunder","floor":13.0},{"not_picked":["Meteor Strike","Stack"],"picked":"Coolheaded","floor":14.0},{"not_picked":["Machine Learning","Reboot"],"picked":"Echo Form","floor":16.0},{"not_picked":["Aggregate","BootSequence"],"picked":"Rebound","floor":18},{"not_picked":["Stack","Go for the Eyes"],"picked":"Turbo","floor":19},{"not_picked":["Loop","Rebound"],"picked":"Go for the Eyes+1","floor":20},{"not_picked":["Coolheaded","Steam"],"picked":"Redo","floor":27},{"not_picked":["Blizzard","Gash"],"picked":"Glacier","floor":29},{"not_picked":["Beam Cell","Turbo"],"picked":"Biased Cognition","floor":30},{"not_picked":["Electrodynamics","Rainbow"],"picked":"Creative AI","floor":33},{"not_picked":["Static Discharge+1","Gash","Aggregate"],"picked":"SKIP","floor":35},{"not_picked":["Coolheaded","Reprogram"],"picked":"Redo","floor":37},{"not_picked":["Leap+1","Redo+1"],"picked":"Steam Power+1","floor":39},{"not_picked":["Rebound","Cold Snap"],"picked":"Hologram+1","floor":40},{"not_picked":["Heatsinks+1","Beam Cell+1"],"picked":"Amplify","floor":47}],"player_experience":535352,"relics_obtained":[{"floor":7.0,"key":"Bottled Lightning"},{"floor":9.0,"key":"Bag of Marbles"},{"floor":12.0,"key":"Meat on the Bone"},{"floor":14.0,"key":"Strawberry"},{"floor":19,"key":"Red Mask"},{"floor":26,"key":"Smiling Mask"},{"floor":27,"key":"Bronze Scales"},{"floor":29,"key":"Art of War"},{"floor":40,"key":"Orichalcum"},{"floor":43,"key":"Ornamental Fan"},{"floor":47,"key":"Toxic Egg 2"}],"event_choices":[{"damage_healed":0.0,"max_hp_gain":5.0,"max_hp_loss":0.0,"gold_gain":0.0,"event_name":"Big Fish","player_choice":"Donut","floor":2.0,"gold_loss":0.0,"damage_taken":0.0},{"damage_healed":0.0,"max_hp_gain":0.0,"max_hp_loss":0.0,"gold_gain":0.0,"event_name":"WeMeetAgain","player_choice":"Paid Gold","floor":3.0,"gold_loss":81.0,"damage_taken":0.0,"relics_obtained":["Darkstone Periapt"]},{"damage_healed":0.0,"max_hp_gain":0.0,"max_hp_loss":0.0,"gold_gain":0.0,"event_name":"Scrap Ooze","player_choice":"Success","floor":5.0,"gold_loss":0.0,"damage_taken":7.0,"relics_obtained":["Mercury Hourglass"]},{"damage_healed":0.0,"max_hp_gain":0.0,"max_hp_loss":0.0,"gold_gain":75.0,"event_name":"World of Goop","player_choice":"Gather Gold","floor":11.0,"gold_loss":0.0,"damage_taken":11.0},{"damage_healed":0,"gold_gain":0,"player_choice":"Fought Bandits","damage_taken":0,"max_hp_gain":0,"max_hp_loss":0,"event_name":"Masked Bandits","floor":19,"gold_loss":0},{"damage_healed":0,"gold_gain":0,"player_choice":"Simplicity","damage_taken":0,"max_hp_gain":0,"max_hp_loss":0,"event_name":"Back to Basics","floor":22,"gold_loss":0,"cards_upgraded":["Strike_B","Strike_B","Strike_B","Defend_B","Defend_B","Defend_B","Defend_B"]},{"damage_healed":0,"gold_gain":0,"player_choice":"Smashed Altar","damage_taken":0,"max_hp_gain":0,"max_hp_loss":0,"event_name":"Forgotten Altar","floor":28,"gold_loss":0,"cards_obtained":["Decay"]},{"damage_healed":0,"gold_gain":0,"player_choice":"Max HP","damage_taken":0,"max_hp_gain":0,"max_hp_loss":5,"event_name":"Winding Halls","floor":36,"gold_loss":0},{"damage_healed":0,"gold_gain":0,"player_choice":"Forge","damage_taken":0,"max_hp_gain":0,"max_hp_loss":0,"event_name":"Accursed Blacksmith","floor":38,"gold_loss":0,"cards_upgraded":["Coolheaded"]},{"damage_healed":0,"gold_gain":0,"cards_transformed":["Strike_B"],"player_choice":"Transformed","damage_taken":0,"max_hp_gain":0,"max_hp_loss":0,"event_name":"Transmorgrifier","floor":45,"gold_loss":0,"cards_obtained":["Conserve Battery"]}],"is_beta":true,"boss_relics":[{"not_picked":["Pandora\u0027s Box","Coffee Dripper"],"picked":"Nuclear Battery"},{"not_picked":["Orrery","Runic Pyramid"],"picked":"Philosopher\u0027s Stone"}],"items_purged_floors":[21,31,42,48],"is_endless":false,"potions_floor_spawned":[7,14,16,18,27,29,33,37,40],"killed_by":"Time Eater","ascension_level":8}