{"gold_per_floor":[110,129,141,141,154,189,189,219,219,231,257,257,275,45,45,142,142,126,143,156,174,184,184,184],"floor_reached":24,"playtime":1590,"items_purged":[],"score":244,"play_id":"b0f008ca-c6a2-4578-80d0-c154957f42c8","local_time":"20181111231759","is_ascension_mode":true,"campfire_choices":[{"data":"Caltrops","floor":7,"key":"SMITH"},{"floor":12,"key":"REST"},{"floor":15,"key":"REST"},{"floor":23,"key":"REST"}],"neow_cost":"NONE","seed_source_timestamp":832492807936356,"circlet_count":0,"master_deck":["Defend_G","Defend_G","Defend_G","Defend_G","Defend_G","Strike_G","Strike_G","Strike_G","Strike_G","Strike_G","Survivor","Neutralize","Quick Slash","Caltrops+1","Footwork","Deflect","Dash","Masterful Stab","Noxious Fumes","Envenom","Distraction","Well Laid Plans","Night Terror","Footwork","Backflip","Corpse Explosion","Deadly Poison"],"relics":["Ring of the Snake","NeowsBlessing","Bronze Scales","Centennial Puzzle","Happy Flower","Matryoshka","Snake Skull","Fusion Hammer"],"potions_floor_usage":[6,8,8],"damage_taken":[{"damage":0,"enemies":"Jaw Worm","floor":1,"turns":1},{"damage":0,"enemies":"Cultist","floor":2,"turns":1},{"damage":0,"enemies":"Small Slimes","floor":3,"turns":1},{"damage":5,"enemies":"Blue Slaver","floor":5,"turns":5},{"damage":12,"enemies":"3 Sentries","floor":6,"turns":11},{"damage":3,"enemies":"Gremlin Nob","floor":8,"turns":4},{"damage":4,"enemies":"Looter","floor":10,"turns":3},{"damage":24,"enemies":"3 Sentries","floor":11,"turns":8},{"damage":14,"enemies":"Exordium Thugs","floor":13,"turns":4},{"damage":8,"enemies":"Hexaghost","floor":16,"turns":8},{"damage":12,"enemies":"2 Thieves","floor":18,"turns":4},{"damage":2,"enemies":"Shell Parasite","floor":19,"turns":3},{"damage":8,"enemies":"3 Cultists","floor":20,"turns":5},{"damage":21,"enemies":"Centurion and Healer","floor":21,"turns":6},{"damage":12,"enemies":"Sentry and Sphere","floor":22,"turns":5},{"damage":38,"enemies":"Gremlin Leader","floor":24,"turns":8}],"seed_played":"5168624383866113513","potions_obtained":[{"floor":1,"key":"AttackPotion"},{"floor":5,"key":"Poison Potion"},{"floor":6,"key":"Block Potion"},{"floor":8,"key":"FearPotion"},{"floor":13,"key":"Swift Potion"},{"floor":20,"key":"Block Potion"},{"floor":21,"key":"Explosive Potion"}],"is_trial":false,"path_per_floor":["M","M","M","?","M","E","R","E","T","M","E","R","M","$","R","B",null,"M","M","M","M","M","R","E"],"character_chosen":"THE_SILENT","items_purchased":["Snake Skull","Well Laid Plans"],"campfire_rested":3,"item_purchase_floors":[14,14],"current_hp_per_floor":[70,70,70,70,65,53,53,50,50,46,22,43,29,29,50,42,70,58,56,48,27,15,36,0],"gold":184,"neow_bonus":"THREE_ENEMY_KILL","is_prod":false,"is_daily":false,"chose_seed":false,"campfire_upgraded":1,"win_rate":0,"timestamp":1541974679,"path_taken":["M","M","M","?","M","E","R","E","T","M","E","R","M","$","R","BOSS","M","M","M","M","M","R","E"],"build_version":"2018-11-08","purchased_purges":0,"victory":false,"max_hp_per_floor":[70,70,70,70,70,70,70,70,70,70,70,70,70,70,70,70,70,70,70,70,70,70,70,70],"card_choices":[{"not_picked":["Dagger Throw","Cloak And Dagger"],"picked":"Quick Slash","floor":1},{"not_picked":["Noxious Fumes","Underhanded Strike"],"picked":"Caltrops","floor":2},{"not_picked":["Dash","Dagger Spray"],"picked":"Footwork","floor":3},{"not_picked":["Flying Knee","Quick Slash"],"picked":"Deflect","floor":5},{"not_picked":["Leg Sweep","Blade Dance"],"picked":"Dash","floor":6},{"not_picked":["Sucker Punch","Well Laid Plans"],"picked":"Masterful Stab","floor":8},{"not_picked":["Backstab","Reflex"],"picked":"Noxious Fumes","floor":10},{"not_picked":["Acrobatics","Backflip"],"picked":"Envenom","floor":11},{"not_picked":["Accuracy","Bane"],"picked":"Distraction","floor":13},{"not_picked":["Phantasmal Killer","Wraith Form v2"],"picked":"Night Terror","floor":16},{"not_picked":["Deflect+1","Poisoned Stab"],"picked":"Footwork","floor":18},{"not_picked":["Dagger Throw","Outmaneuver+1"],"picked":"Backflip","floor":19},{"not_picked":["Acrobatics","Blade Dance","Cloak And Dagger"],"picked":"SKIP","floor":20},{"not_picked":["Masterful Stab","Escape Plan"],"picked":"Corpse Explosion","floor":21},{"not_picked":["Flying Knee","Cloak And Dagger"],"picked":"Deadly Poison","floor":22}],"player_experience":101303,"relics_obtained":[{"floor":6,"key":"Bronze Scales"},{"floor":8,"key":"Centennial Puzzle"},{"floor":9,"key":"Happy Flower"},{"floor":11,"key":"Matryoshka"}],"event_choices":[{"damage_healed":0,"gold_gain":0,"player_choice":"Ignored","damage_taken":0,"max_hp_gain":0,"max_hp_loss":0,"event_name":"Liars Game","floor":4,"gold_loss":0}],"is_beta":true,"boss_relics":[{"not_picked":["Calling Bell","Astrolabe"],"picked":"Fusion Hammer"}],"items_purged_floors":[],"is_endless":false,"potions_floor_spawned":[1,5,6,8,13,20,21,22],"killed_by":"Gremlin Leader","ascension_level":2}