{"gold_per_floor":[114,41,41,62,12,12,87,87,110,144,69,93,113,137,137,261,261,282,301,201,216,234,234,252,127,153,153,173,198,198,212,212,337,337,358,377,393,413,263,263,299,311,323,350,362,499,134,155,155,155,155,155,86,86],"floor_reached":54,"playtime":4406,"items_purged":["Strike_R","Defend_R","Defend_R","Defend_R","Strike_R"],"score":723,"play_id":"03aa51cd-7728-47f2-a3c4-7065944fdf5d","local_time":"20190416122631","is_ascension_mode":false,"campfire_choices":[{"data":"Rampage","floor":6.0,"key":"SMITH"},{"data":"Rage","floor":8.0,"key":"SMITH"},{"data":"True Grit","floor":15.0,"key":"SMITH"},{"data":"Rage","floor":23.0,"key":"SMITH"},{"data":"Bash","floor":30.0,"key":"SMITH"},{"data":"Strike_R","floor":32.0,"key":"SMITH"},{"floor":40,"key":"RECALL"},{"data":"Strike_R","floor":45,"key":"SMITH"},{"data":"Strike_R","floor":49,"key":"SMITH"},{"floor":52,"key":"REST"}],"neow_cost":"NONE","seed_source_timestamp":0,"circlet_count":0,"master_deck":["Strike_R+1","Strike_R+1","Strike_R+1","Bash+1","Rage+1","Rampage+1","True Grit+1","Rage+1","Rage+1","Battle Trance"],"special_seed":0,"relics":["Burning Blood","Art of War","Golden Idol","Bag of Marbles","Bottled Flame","Runic Pyramid","Anchor","Sozu","MawBank","Bird Faced Urn","Brimstone"],"potions_floor_usage":[],"damage_taken":[{"damage":9.0,"enemies":"Jaw Worm","floor":1.0,"turns":4.0},{"damage":5.0,"enemies":"Small Slimes","floor":4.0,"turns":3.0},{"damage":23.0,"enemies":"Lagavulin","floor":10.0,"turns":6.0},{"damage":0.0,"enemies":"2 Louse","floor":12.0,"turns":1.0},{"damage":2.0,"enemies":"Gremlin Gang","floor":13.0,"turns":4.0},{"damage":7.0,"enemies":"Large Slime","floor":14.0,"turns":7.0},{"damage":39.0,"enemies":"Slime Boss","floor":16.0,"turns":13.0},{"damage":0.0,"enemies":"Chosen","floor":18.0,"turns":5.0},{"damage":7.0,"enemies":"Shell Parasite","floor":19.0,"turns":7.0},{"damage":0.0,"enemies":"Chosen and Byrds","floor":21.0,"turns":6.0},{"damage":13.0,"enemies":"Sentry and Sphere","floor":22.0,"turns":7.0},{"damage":0.0,"enemies":"Snake Plant","floor":24.0,"turns":5.0},{"damage":0.0,"enemies":"Cultist and Chosen","floor":28.0,"turns":5.0},{"damage":5.0,"enemies":"Centurion and Healer","floor":29.0,"turns":5.0},{"damage":0.0,"enemies":"Snecko","floor":31.0,"turns":4.0},{"damage":6.0,"enemies":"Automaton","floor":33.0,"turns":8.0},{"damage":4.0,"enemies":"Orb Walker","floor":35.0,"turns":4.0},{"damage":12.0,"enemies":"3 Shapes","floor":36.0,"turns":5.0},{"damage":6.0,"enemies":"Transient","floor":37.0,"turns":5.0},{"damage":18,"enemies":"4 Shapes","floor":38,"turns":7},{"damage":0,"enemies":"Reptomancer","floor":41,"turns":9},{"damage":0,"enemies":"Sphere and 2 Shapes","floor":44,"turns":6},{"damage":0,"enemies":"Mind Bloom Boss Battle","floor":46,"turns":7},{"damage":0,"enemies":"3 Darklings","floor":48,"turns":4},{"damage":50,"enemies":"Awakened One","floor":50,"turns":11},{"damage":80,"enemies":"Shield and Spear","floor":54,"turns":5}],"seed_played":"3214654041627083813","potions_obtained":[{"floor":1.0,"key":"Block Potion"},{"floor":10.0,"key":"Fire Potion"},{"floor":13.0,"key":"GamblersBrew"},{"floor":16.0,"key":"Poison Potion"},{"floor":19.0,"key":"Explosive Potion"},{"floor":21.0,"key":"Explosive Potion"},{"floor":22.0,"key":"Weak Potion"},{"floor":24.0,"key":"Poison Potion"},{"floor":31.0,"key":"Strength Potion"}],"is_trial":false,"path_per_floor":["M","$","?","M","?","R","?","R","T","E","$","M","M","M","R","B",null,"M","M","$","M","M","R","M","$","T","?","M","M","R","M","R","B",null,"M","M","M","M","$","R","E","?","T","M","R","?","$","M","R","B",null,"R","$","E"],"character_chosen":"IRONCLAD","items_purchased":["Rampage","Brimstone","Battle Trance"],"campfire_rested":1,"item_purchase_floors":[2,47,53],"current_hp_per_floor":[77,77,74,74,74,74,63,63,63,46,46,52,56,55,55,22,74,74,73,73,74,67,67,73,73,73,66,72,73,73,74,74,74,74,74,68,68,56,56,56,62,62,62,68,68,74,74,74,74,30,74,74,74,0],"gold":86,"neow_bonus":"RANDOM_COMMON_RELIC","is_prod":false,"is_daily":false,"chose_seed":false,"campfire_upgraded":8,"win_rate":0,"timestamp":1555442791,"path_taken":["M","$","?","M","?","R","?","R","T","E","$","M","M","M","R","BOSS","M","M","$","M","M","R","M","$","T","?","M","M","R","M","R","BOSS","M","?","M","M","$","R","E","?","T","M","R","?","$","M","R","BOSS","R","$","E"],"build_version":"2019-04-04","purchased_purges":5,"victory":false,"max_hp_per_floor":[80,80,74,74,74,74,74,74,74,74,74,74,74,74,74,74,74,74,74,74,74,74,74,74,74,74,74,74,74,74,74,74,74,74,74,74,74,74,74,74,74,74,74,74,74,74,74,74,74,74,74,74,74,74],"card_choices":[{"not_picked":["Body Slam","Armaments"],"picked":"Rage","floor":1.0},{"not_picked":["Second Wind","Wild Strike","Warcry"],"picked":"SKIP","floor":4.0},{"not_picked":["Warcry","Second Wind","Shockwave"],"picked":"SKIP","floor":10.0},{"not_picked":["Blood for Blood","Entrench","True Grit"],"picked":"SKIP","floor":12.0},{"not_picked":["Blood for Blood","Entrench"],"picked":"True Grit","floor":12.0},{"not_picked":["Reckless Charge","True Grit"],"picked":"Rage","floor":13.0},{"not_picked":["Feel No Pain","Flame Barrier","Bloodletting"],"picked":"SKIP","floor":14.0},{"not_picked":["Shrug It Off","Intimidate+1","Headbutt"],"picked":"SKIP","floor":18.0},{"not_picked":["Warcry","Perfected Strike","Havoc"],"picked":"SKIP","floor":19.0},{"not_picked":["Rupture","Feel No Pain","Power Through"],"picked":"SKIP","floor":21.0},{"not_picked":["Sword Boomerang+1","Corruption","Battle Trance"],"picked":"SKIP","floor":22.0},{"not_picked":["Sword Boomerang","Twin Strike"],"picked":"Rage+1","floor":24.0},{"not_picked":["Cleave+1","Fire Breathing","Dark Embrace"],"picked":"SKIP","floor":28.0},{"not_picked":["Headbutt+1","Clothesline+1","Cleave"],"picked":"SKIP","floor":29.0},{"not_picked":["Iron Wave","Pommel Strike","Wild Strike"],"picked":"SKIP","floor":31.0},{"not_picked":["Iron Wave+1","Clash+1","Sentinel+1"],"picked":"SKIP","floor":35.0},{"not_picked":["Disarm+1","Heavy Blade","Perfected Strike"],"picked":"SKIP","floor":36.0},{"not_picked":["Power Through","Carnage","Anger+1"],"picked":"SKIP","floor":37.0},{"not_picked":["Blood for Blood+1","Heavy Blade+1","Body Slam"],"picked":"SKIP","floor":38},{"not_picked":["Perfected Strike+1","Clash","Inflame+1"],"picked":"SKIP","floor":41},{"not_picked":["Perfected Strike+1","Fire Breathing","Pommel Strike+1"],"picked":"SKIP","floor":44},{"not_picked":["Heavy Blade","Metallicize","Rupture+1"],"picked":"SKIP","floor":48}],"player_experience":3404779,"relics_obtained":[{"floor":9.0,"key":"Bag of Marbles"},{"floor":10.0,"key":"Bottled Flame"},{"floor":26.0,"key":"Anchor"},{"floor":41,"key":"MawBank"},{"floor":46,"key":"Bird Faced Urn"}],"event_choices":[{"damage_healed":0.0,"max_hp_gain":0.0,"max_hp_loss":6.0,"gold_gain":0.0,"event_name":"Golden Idol","player_choice":"Lose Max HP","floor":3.0,"gold_loss":0.0,"damage_taken":0.0,"relics_obtained":["Golden Idol"]},{"cards_removed":["Defend_R"],"damage_healed":0.0,"max_hp_gain":0.0,"max_hp_loss":0.0,"gold_gain":0.0,"event_name":"The Cleric","player_choice":"Card Removal","floor":5.0,"gold_loss":50.0,"damage_taken":0.0},{"damage_healed":0.0,"max_hp_gain":0.0,"max_hp_loss":0.0,"gold_gain":75.0,"event_name":"World of Goop","player_choice":"Gather Gold","floor":7.0,"gold_loss":0.0,"damage_taken":11.0},{"damage_healed":0.0,"max_hp_gain":0.0,"max_hp_loss":0.0,"gold_gain":0.0,"event_name":"Wheel of Change","player_choice":"Damaged","floor":27.0,"gold_loss":0.0,"damage_taken":7.0},{"damage_healed":0,"gold_gain":0,"player_choice":"Memory 1","damage_taken":0,"max_hp_gain":0,"max_hp_loss":0,"event_name":"SensoryStone","floor":42,"gold_loss":0},{"damage_healed":0,"gold_gain":0,"player_choice":"Fight","damage_taken":0,"max_hp_gain":0,"max_hp_loss":0,"event_name":"MindBloom","floor":46,"gold_loss":0}],"is_beta":true,"boss_relics":[{"not_picked":["Pandora\u0027s Box","White Beast Statue"],"picked":"Runic Pyramid"},{"not_picked":["Philosopher\u0027s Stone","Snecko Eye"],"picked":"Sozu"}],"items_purged_floors":[11,20,25,39,47],"is_endless":false,"potions_floor_spawned":[1,10,13,16,19,21,22,24,31,35,41,46,48],"killed_by":"Shield and Spear","ascension_level":0}