{"gold_per_floor":[112,112,65,75,55,55,85,85,85,117,16,33,48,66,66,161,161,179,104,121,131,31,31,59,59,110,145,145,20,35,53,53,53],"floor_reached":33,"playtime":3550,"items_purged":["Strike_B","Defend_B","Strike_B"],"score":496,"play_id":"0febc834-6ab4-4d0a-9640-e115120f3c4e","local_time":"20190607115236","is_ascension_mode":true,"campfire_choices":[{"data":"Doom and Gloom","floor":6.0,"key":"SMITH"},{"data":"Reinforced Body","floor":8.0,"key":"SMITH"},{"data":"Go for the Eyes","floor":15.0,"key":"SMITH"},{"data":"Creative AI","floor":23.0,"key":"SMITH"},{"floor":25.0,"key":"REST"},{"floor":32,"key":"REST"}],"neow_cost":"NONE","seed_source_timestamp":263061692680943,"circlet_count":0,"master_deck":["AscendersBane","Strike_B","Defend_B","Defend_B","Defend_B","Zap+1","Dualcast","Doom and Gloom+1","Conserve Battery","Ball Lightning","Reinforced Body+1","Compile Driver","Coolheaded","Go for the Eyes+1","White Noise","Creative AI+1","Glacier+1","Compile Driver+1","Self Repair+1","Conserve Battery+1"],"special_seed":0,"relics":["Cracked Core","NeowsBlessing","Symbiotic Virus","Letter Opener","Oddly Smooth Stone","Sozu","Bottled Flame","Omamori","Ancient Tea Set"],"potions_floor_usage":[],"damage_taken":[{"damage":0.0,"enemies":"Small Slimes","floor":1.0,"turns":1.0},{"damage":0.0,"enemies":"2 Louse","floor":4.0,"turns":1.0},{"damage":0.0,"enemies":"Gremlin Nob","floor":7.0,"turns":1.0},{"damage":18.0,"enemies":"3 Sentries","floor":10.0,"turns":3.0},{"damage":0.0,"enemies":"Cultist","floor":12.0,"turns":2.0},{"damage":0.0,"enemies":"Exordium Thugs","floor":13.0,"turns":4.0},{"damage":0.0,"enemies":"Exordium Wildlife","floor":14.0,"turns":3.0},{"damage":15.0,"enemies":"The Guardian","floor":16.0,"turns":10.0},{"damage":8.0,"enemies":"3 Byrds","floor":18.0,"turns":5.0},{"damage":5.0,"enemies":"2 Thieves","floor":20.0,"turns":3.0},{"damage":11.0,"enemies":"Snake Plant","floor":21.0,"turns":6.0},{"damage":28.0,"enemies":"Gremlin Leader","floor":24.0,"turns":9.0},{"damage":26,"enemies":"Slavers","floor":27,"turns":6},{"damage":4,"enemies":"Colosseum Slavers","floor":28,"turns":4},{"damage":2,"enemies":"Centurion and Healer","floor":30,"turns":5},{"damage":9,"enemies":"Sentry and Sphere","floor":31,"turns":4},{"damage":50,"enemies":"Automaton","floor":33,"turns":10}],"seed_played":"-227448599267484226","potions_obtained":[{"floor":1.0,"key":"Poison Potion"},{"floor":5.0,"key":"Block Potion"},{"floor":13.0,"key":"PowerPotion"}],"is_trial":false,"path_per_floor":["M","?","$","M","?","R","E","R","T","E","$","M","M","M","R","B",null,"M","?","M","M","$","R","E","R","T","E","?","$","M","M","R","B"],"character_chosen":"DEFECT","items_purchased":["Conserve Battery","Coolheaded"],"campfire_rested":2,"item_purchase_floors":[3,11],"current_hp_per_floor":[68,68,68,68,68,68,68,68,68,50,50,50,50,50,50,35,65,57,57,52,41,41,41,13,35,35,9,15,15,23,24,46,0],"gold":53,"neow_bonus":"THREE_ENEMY_KILL","is_prod":false,"is_daily":false,"chose_seed":false,"campfire_upgraded":4,"win_rate":0,"timestamp":1559922756,"path_taken":["M","?","$","M","?","R","E","R","T","E","$","M","M","?","R","BOSS","M","?","M","M","$","R","E","R","T","E","?","?","M","M","R","BOSS"],"build_version":"2019-01-23","purchased_purges":3,"victory":false,"max_hp_per_floor":[75,75,75,75,75,75,75,75,75,75,75,75,75,75,75,75,75,75,75,75,75,75,75,75,75,75,75,75,75,75,75,75,75],"card_choices":[{"not_picked":["Double Energy","Stack"],"picked":"Doom and Gloom","floor":1.0},{"not_picked":["Reinforced Body","Cold Snap"],"picked":"Ball Lightning","floor":4.0},{"not_picked":["Streamline","Sweeping Beam"],"picked":"Reinforced Body","floor":7.0},{"not_picked":["Lockon","Auto Shields"],"picked":"Compile Driver","floor":10.0},{"not_picked":["Compile Driver","Leap"],"picked":"Go for the Eyes","floor":12.0},{"not_picked":["Fusion","Coolheaded","Compile Driver"],"picked":"SKIP","floor":13.0},{"not_picked":["Go for the Eyes","Hologram"],"picked":"White Noise","floor":14.0},{"not_picked":["Rainbow","Seek"],"picked":"Creative AI","floor":16.0},{"not_picked":["Compile Driver","Lockon","Turbo+1"],"picked":"SKIP","floor":18.0},{"not_picked":["Melter","Rebound+1"],"picked":"Glacier+1","floor":20.0},{"not_picked":["Chill+1","Reprogram"],"picked":"Compile Driver+1","floor":21.0},{"not_picked":["Recycle","FTL"],"picked":"Self Repair+1","floor":24.0},{"not_picked":["Machine Learning","Recycle+1","Rip and Tear"],"picked":"SKIP","floor":27},{"not_picked":["Machine Learning","Recycle+1","Rip and Tear"],"picked":"SKIP","floor":27},{"not_picked":["Ball Lightning","Leap","Blizzard"],"picked":"SKIP","floor":30},{"not_picked":["Streamline+1","Steam+1"],"picked":"Conserve Battery+1","floor":31}],"player_experience":615123,"relics_obtained":[{"floor":7.0,"key":"Symbiotic Virus"},{"floor":9.0,"key":"Letter Opener"},{"floor":10.0,"key":"Oddly Smooth Stone"},{"floor":24.0,"key":"Bottled Flame"},{"floor":26.0,"key":"Omamori"},{"floor":27,"key":"Ancient Tea Set"}],"event_choices":[{"damage_healed":0.0,"max_hp_gain":0.0,"max_hp_loss":0.0,"gold_gain":0.0,"event_name":"Living Wall","player_choice":"Grow","floor":2.0,"gold_loss":0.0,"damage_taken":0.0,"cards_upgraded":["Zap"]},{"damage_healed":0.0,"max_hp_gain":0.0,"max_hp_loss":0.0,"gold_gain":0.0,"event_name":"The Woman in Blue","player_choice":"Bought 1 Potion","floor":5.0,"gold_loss":0.0,"damage_taken":0.0},{"cards_removed":["Strike_B"],"damage_healed":0.0,"max_hp_gain":0.0,"max_hp_loss":0.0,"gold_gain":0.0,"event_name":"Beggar","player_choice":"Gave Gold","floor":19.0,"gold_loss":75.0,"damage_taken":0.0},{"damage_healed":0,"gold_gain":0,"player_choice":"Fight","damage_taken":0,"max_hp_gain":0,"max_hp_loss":0,"event_name":"Colosseum","floor":28,"gold_loss":0},{"damage_healed":0,"gold_gain":0,"player_choice":"Fled From Nobs","damage_taken":0,"max_hp_gain":0,"max_hp_loss":0,"event_name":"Colosseum","floor":28,"gold_loss":0}],"is_beta":false,"boss_relics":[{"not_picked":["Busted Crown","Runic Pyramid"],"picked":"Sozu"}],"items_purged_floors":[11,22,29],"is_endless":false,"potions_floor_spawned":[1,12,13,14,18,28,31],"killed_by":"Automaton","ascension_level":11}