{"gold_per_floor":[119,119,169,185,198,198,218,218,218,248,13,13,24,24,24,24],"floor_reached":16,"playtime":730,"items_purged":["Strike_R"],"score":185,"play_id":"b5b6122c-5d61-4ab9-98c6-df7ef6af10a8","local_time":"20190908144833","is_ascension_mode":true,"campfire_choices":[{"data":"Shockwave","floor":6,"key":"SMITH"},{"data":"Bash","floor":8,"key":"SMITH"},{"floor":12,"key":"REST"},{"data":"Shrug It Off","floor":15,"key":"SMITH"}],"neow_cost":"TEN_PERCENT_HP_LOSS","seed_source_timestamp":1304881341271000,"circlet_count":0,"master_deck":["AscendersBane","Strike_R","Strike_R","Strike_R","Defend_R","Defend_R","Defend_R","Defend_R","Bash+1","Headbutt","Cleave","Shockwave+1","Pummel","Feed","Shrug It Off+1"],"relics":["Burning Blood","Nunchaku","Self Forming Clay","Matryoshka","Anchor"],"potions_floor_usage":[16],"damage_taken":[{"damage":6,"enemies":"2 Louse","floor":1,"turns":3},{"damage":6,"enemies":"Cultist","floor":4,"turns":3},{"damage":11,"enemies":"Small Slimes","floor":5,"turns":3},{"damage":14,"enemies":"Red Slaver","floor":7,"turns":2},{"damage":37,"enemies":"Lagavulin","floor":10,"turns":8},{"damage":8,"enemies":"Exordium Thugs","floor":13,"turns":4},{"damage":62,"enemies":"Hexaghost","floor":16,"turns":10}],"seed_played":"-811516897197536479","potions_obtained":[{"floor":1,"key":"Energy Potion"},{"floor":7,"key":"FearPotion"},{"floor":10,"key":"BloodPotion"},{"floor":13,"key":"Regen Potion"}],"is_trial":false,"path_per_floor":["M","?","?","M","M","R","M","R","T","E","$","R","M","?","R","B"],"character_chosen":"IRONCLAD","items_purchased":["Anchor"],"campfire_rested":1,"item_purchase_floors":[11],"current_hp_per_floor":[68,68,68,68,63,63,55,55,55,24,24,44,45,45,45,0],"gold":24,"neow_bonus":"ONE_RARE_RELIC","is_prod":false,"is_daily":false,"chose_seed":false,"campfire_upgraded":3,"win_rate":0,"timestamp":1567979313,"path_taken":["M","?","?","?","M","R","M","R","T","E","$","R","M","?","R","BOSS"],"build_version":"2019-07-17","purchased_purges":1,"victory":false,"max_hp_per_floor":[68,68,68,68,68,68,68,68,68,68,68,68,71,71,71,71],"card_choices":[{"not_picked":["Heavy Blade","Clothesline"],"picked":"Headbutt","floor":1},{"not_picked":["Sword Boomerang","Thunderclap"],"picked":"Cleave","floor":4},{"not_picked":["Heavy Blade","Cleave"],"picked":"Shockwave","floor":5},{"not_picked":["Wild Strike","Clash"],"picked":"Pummel","floor":7},{"not_picked":["Infernal Blade","Power Through"],"picked":"Feed","floor":10},{"not_picked":["Warcry","Havoc"],"picked":"Shrug It Off","floor":13}],"player_experience":1385802,"relics_obtained":[{"floor":9,"key":"Self Forming Clay"},{"floor":10,"key":"Matryoshka"}],"event_choices":[{"cards_removed":["Strike_R"],"damage_healed":0,"gold_gain":0,"player_choice":"Forget","damage_taken":0,"max_hp_gain":0,"max_hp_loss":0,"event_name":"Living Wall","floor":2,"gold_loss":0},{"damage_healed":0,"gold_gain":50,"player_choice":"Pray","damage_taken":0,"max_hp_gain":0,"max_hp_loss":0,"event_name":"Golden Shrine","floor":3,"gold_loss":0},{"damage_healed":0,"gold_gain":0,"player_choice":"Ignored","damage_taken":0,"max_hp_gain":0,"max_hp_loss":0,"event_name":"Liars Game","floor":14,"gold_loss":0}],"is_beta":false,"boss_relics":[],"items_purged_floors":[11],"is_endless":false,"potions_floor_spawned":[1,7,10,13],"killed_by":"Hexaghost","ascension_level":17}