{"gold_per_floor":[118,293,312,31,31,63,63,63,63,63,63,63,82,94,94,196,196,208,222,137,137],"floor_reached":21,"playtime":757,"items_purged":["Doubt"],"score":230,"play_id":"eb7c6779-150c-4c66-b55a-0ff9a2a86c28","local_time":"20190410172413","is_ascension_mode":true,"campfire_choices":[{"data":"Double Tap","floor":8,"key":"SMITH"},{"data":"Whirlwind","floor":12,"key":"SMITH"},{"floor":15,"key":"REST"}],"neow_cost":"NONE","seed_source_timestamp":21385841420255,"circlet_count":0,"master_deck":["Strike_R","Strike_R","Strike_R","Strike_R","Strike_R","Defend_R","Defend_R","Defend_R","Defend_R","Bash","Double Tap+1","Wild Strike","Whirlwind+1","Dual Wield","Regret","Pain","Armaments","Iron Wave","Juggernaut","Evolve","Armaments"],"relics":["Burning Blood","ClockworkSouvenir","Sundial","Pantograph","Question Card","WarpedTongs","Sozu","Dream Catcher"],"potions_floor_usage":[6],"damage_taken":[{"damage":1,"enemies":"Cultist","floor":1,"turns":4},{"damage":19,"enemies":"Jaw Worm","floor":3,"turns":4},{"damage":45,"enemies":"Lagavulin","floor":6,"turns":7},{"damage":2,"enemies":"2 Louse","floor":13,"turns":2},{"damage":15,"enemies":"Red Slaver","floor":14,"turns":4},{"damage":46,"enemies":"Slime Boss","floor":16,"turns":11},{"damage":22,"enemies":"Spheric Guardian","floor":18,"turns":4},{"damage":32,"enemies":"Chosen","floor":19,"turns":5},{"damage":36,"enemies":"Shelled Parasite and Fungi","floor":21,"turns":2}],"seed_played":"-262230460473176699","potions_obtained":[{"floor":1,"key":"Weak Potion"},{"floor":6,"key":"Ancient Potion"},{"floor":13,"key":"LiquidBronze"}],"is_trial":false,"path_per_floor":["M","?","M","$","$","E","?","R","T","?","$","R","M","M","R","B",null,"M","M","?","M"],"character_chosen":"IRONCLAD","items_purchased":["ClockworkSouvenir"],"campfire_rested":1,"item_purchase_floors":[4],"current_hp_per_floor":[77,77,64,64,64,25,25,25,25,25,25,25,29,20,44,29,67,51,25,25,0],"gold":137,"neow_bonus":"ONE_RANDOM_RARE_CARD","is_prod":false,"is_daily":false,"chose_seed":false,"campfire_upgraded":2,"win_rate":0,"timestamp":1554931453,"path_taken":["M","?","M","?","$","E","?","R","T","?","$","R","M","M","R","BOSS","M","M","?","M"],"build_version":"2019-01-23","purchased_purges":1,"victory":false,"max_hp_per_floor":[80,80,80,80,80,80,80,80,80,80,80,80,80,80,80,80,80,80,80,80,80],"card_choices":[{"not_picked":["Reckless Charge","Flex"],"picked":"Wild Strike","floor":1},{"not_picked":["Dropkick","Ghostly Armor"],"picked":"Whirlwind","floor":3},{"not_picked":["Perfected Strike","Anger"],"picked":"Dual Wield","floor":6},{"not_picked":["Pummel","Heavy Blade","True Grit"],"picked":"Armaments","floor":13},{"not_picked":["Burning Pact","Fire Breathing","Pummel"],"picked":"Iron Wave","floor":14},{"not_picked":["Berserk","Double Tap","Impervious"],"picked":"Juggernaut","floor":16},{"not_picked":["Twin Strike+1","Iron Wave","Dual Wield"],"picked":"Evolve","floor":18},{"not_picked":["Thunderclap","Twin Strike+1","Warcry"],"picked":"Armaments","floor":19}],"player_experience":513990,"relics_obtained":[{"floor":6,"key":"Sundial"},{"floor":9,"key":"Question Card"}],"event_choices":[{"damage_healed":0,"gold_gain":175,"player_choice":"AGREE","damage_taken":0,"max_hp_gain":0,"max_hp_loss":0,"event_name":"Liars Game","floor":2,"gold_loss":0,"cards_obtained":["Doubt"]},{"damage_healed":0,"gold_gain":0,"player_choice":"Box","damage_taken":0,"relics_obtained":["Pantograph"],"max_hp_gain":0,"max_hp_loss":0,"event_name":"Big Fish","floor":7,"gold_loss":0,"cards_obtained":["Regret"]},{"damage_healed":0,"gold_gain":0,"player_choice":"Rummage","damage_taken":0,"relics_obtained":["WarpedTongs"],"max_hp_gain":0,"max_hp_loss":0,"event_name":"Accursed Blacksmith","floor":10,"gold_loss":0,"cards_obtained":["Pain"]},{"damage_healed":0,"gold_gain":0,"player_choice":"Obtained Relic","damage_taken":0,"relics_obtained":["Dream Catcher"],"max_hp_gain":0,"max_hp_loss":0,"event_name":"Addict","floor":20,"gold_loss":85}],"is_beta":false,"boss_relics":[{"not_picked":["Runic Cube","Busted Crown"],"picked":"Sozu"}],"items_purged_floors":[4],"is_endless":false,"potions_floor_spawned":[1,6,13,18],"killed_by":"Shelled Parasite and Fungi","ascension_level":6}