{"gold_per_floor":[117,135,135,149,92,92,92,92],"floor_reached":8,"playtime":512,"items_purged":[],"score":92,"play_id":"2f226878-5960-4172-9d49-fd2c7893cde0","local_time":"20190717012339","is_ascension_mode":true,"campfire_choices":[{"data":"Footwork","floor":7.0,"key":"SMITH"}],"neow_cost":"NONE","seed_source_timestamp":1989629823756500,"circlet_count":0,"master_deck":["AscendersBane","Strike_G","Strike_G","Strike_G","Strike_G","Strike_G","Defend_G","Defend_G","Defend_G","Defend_G","Defend_G","Survivor","Neutralize+1","Footwork+1","PiercingWail","Footwork"],"special_seed":0,"relics":["Ring of the Snake"],"potions_floor_usage":[8,8],"damage_taken":[{"damage":0.0,"enemies":"2 Louse","floor":1.0,"turns":3.0},{"damage":2.0,"enemies":"Jaw Worm","floor":2.0,"turns":6.0},{"damage":1.0,"enemies":"Cultist","floor":4.0,"turns":6.0},{"damage":41,"enemies":"Lagavulin","floor":8,"turns":12}],"seed_played":"-3684779171910601383","potions_obtained":[{"floor":4.0,"key":"Swift Potion"},{"floor":6.0,"key":"Dexterity Potion"},{"floor":6.0,"key":"EssenceOfSteel"}],"is_trial":false,"path_per_floor":["M","M","?","M","?","?","R","E"],"character_chosen":"THE_SILENT","items_purchased":[],"campfire_rested":0,"item_purchase_floors":[],"current_hp_per_floor":[59,57,57,56,56,56,56,15],"gold":92,"neow_bonus":"UPGRADE_CARD","is_prod":false,"is_daily":false,"chose_seed":false,"campfire_upgraded":1,"win_rate":0,"timestamp":1563351819,"path_taken":["M","M","?","M","?","?","R","E"],"build_version":"2019-07-10","purchased_purges":0,"victory":false,"max_hp_per_floor":[66,66,66,66,66,66,66,66],"card_choices":[{"not_picked":["Blade Dance","Acrobatics"],"picked":"Footwork","floor":1.0},{"not_picked":["Underhanded Strike","Outmaneuver"],"picked":"PiercingWail","floor":2.0},{"not_picked":["Quick Slash","Dagger Spray"],"picked":"Footwork","floor":4.0}],"player_experience":3471792,"relics_obtained":[],"event_choices":[{"damage_healed":0.0,"max_hp_gain":0.0,"max_hp_loss":0.0,"gold_gain":0.0,"event_name":"Liars Game","player_choice":"Ignored","floor":3.0,"gold_loss":0.0,"damage_taken":0.0},{"damage_healed":0.0,"max_hp_gain":0.0,"max_hp_loss":0.0,"gold_gain":0.0,"event_name":"World of Goop","player_choice":"Left Gold","floor":5.0,"gold_loss":57.0,"damage_taken":0.0},{"damage_healed":0.0,"max_hp_gain":0.0,"max_hp_loss":0.0,"gold_gain":0.0,"event_name":"Lab","player_choice":"Got Potions","floor":6.0,"gold_loss":0.0,"damage_taken":0.0}],"is_beta":true,"boss_relics":[],"items_purged_floors":[],"is_endless":false,"potions_floor_spawned":[4],"killed_by":"Lagavulin","ascension_level":20}