{"gold_per_floor":[119,135,148,148,148,148,473,473,473,473,489,516,530,557,557,661,661,648,663,252,269,43,69,69,69,69,69,84,84,96,96,96,198,198,217,94,107,122,122,122,122,149,172,199,0,18,18,18,18,18],"floor_reached":51,"playtime":4805,"items_purged":["Strike_B","Strike_B"],"score":1175,"play_id":"a1847ffa-f56d-4f7b-8074-3421fe019702","local_time":"20180927002459","is_ascension_mode":true,"campfire_choices":[{"data":"Zap","floor":6.0,"key":"SMITH"},{"data":"Dualcast","floor":8.0,"key":"SMITH"},{"floor":15.0,"key":"REST"},{"floor":24,"key":"REST"},{"floor":27,"key":"REST"},{"floor":32,"key":"REST"},{"floor":40,"key":"REST"},{"floor":49,"key":"REST"}],"neow_cost":"NONE","seed_source_timestamp":1118625847099424,"circlet_count":0,"master_deck":["Strike_B","Strike_B","Defend_B","Defend_B","Defend_B","Defend_B","Zap+1","Dualcast+1","Cold Snap","Consume+1","Glacier","Conserve Battery","Loop","Defragment","Conserve Battery","Echo Form","Compile Driver","Ball Lightning+1","Genetic Algorithm","Go for the Eyes+1","Capacitor","Go for the Eyes+1","Shame","Barrage+1","Streamline+1","Multi-Cast","Beam Cell+1","Steam","Cold Snap+1","Sadistic Nature","Panache","Bandage Up","White Noise","BootSequence+1","Seek"],"special_seed":0,"relics":["Cracked Core","Old Coin","Shuriken","Juzu Bracelet","Mummified Hand","Fusion Hammer","Turnip","Anchor","FossilizedHelix","DataDisk","Symbiotic Virus","Bag of Preparation","Runic Pyramid","Art of War","Whetstone","Blue Candle","Red Mask","WingedGreaves"],"potions_floor_usage":[28,33,37,50],"damage_taken":[{"damage":8.0,"enemies":"2 Louse","floor":1.0,"turns":3.0},{"damage":5.0,"enemies":"Jaw Worm","floor":2.0,"turns":4.0},{"damage":0.0,"enemies":"Small Slimes","floor":3.0,"turns":3.0},{"damage":10.0,"enemies":"3 Sentries","floor":7.0,"turns":12.0},{"damage":10.0,"enemies":"Exordium Wildlife","floor":11.0,"turns":5.0},{"damage":7.0,"enemies":"Gremlin Nob","floor":12.0,"turns":5.0},{"damage":2.0,"enemies":"Large Slime","floor":13.0,"turns":11.0},{"damage":6.0,"enemies":"Lagavulin","floor":14.0,"turns":8.0},{"damage":28.0,"enemies":"Slime Boss","floor":16.0,"turns":7.0},{"damage":4.0,"enemies":"2 Thieves","floor":18.0,"turns":4.0},{"damage":0.0,"enemies":"Chosen","floor":19.0,"turns":8.0},{"damage":13,"enemies":"Shelled Parasite and Fungi","floor":21,"turns":5},{"damage":41,"enemies":"Slavers","floor":23,"turns":6},{"damage":12,"enemies":"Centurion and Healer","floor":28,"turns":5},{"damage":0,"enemies":"Chosen and Byrds","floor":30,"turns":5},{"damage":0,"enemies":"Champ","floor":33,"turns":11},{"damage":8,"enemies":"3 Shapes","floor":35,"turns":3},{"damage":0,"enemies":"Orb Walker","floor":37,"turns":3},{"damage":28,"enemies":"4 Shapes","floor":38,"turns":5},{"damage":0,"enemies":"Nemesis","floor":42,"turns":9},{"damage":0,"enemies":"Giant Head","floor":44,"turns":9},{"damage":0,"enemies":"Transient","floor":46,"turns":5},{"damage":3,"enemies":"Mind Bloom Boss Battle","floor":47,"turns":4},{"damage":16,"enemies":"Time Eater","floor":50,"turns":9}],"seed_played":"2309298779291856077","potions_obtained":[{"floor":0.0,"key":"Dexterity Potion"},{"floor":0.0,"key":"Swift Potion"},{"floor":0.0,"key":"Explosive Potion"},{"floor":2.0,"key":"Poison Potion"},{"floor":7.0,"key":"PowerPotion"},{"floor":14.0,"key":"PowerPotion"},{"floor":21,"key":"Poison Potion"},{"floor":23,"key":"PowerPotion"},{"floor":33,"key":"Energy Potion"},{"floor":44,"key":"Regen Potion"},{"floor":46,"key":"SpeedPotion"}],"is_trial":false,"path_per_floor":["M","M","M","?","?","R","E","R","T","?","M","E","M","E","R","B",null,"M","M","$","M","$","E","R","?","T","R","M","?","M","T","R","B",null,"M","$","M","M","?","R","$","E","T","E","?","M","?","?","R","B"],"character_chosen":"DEFECT","items_purchased":["Turnip","Genetic Algorithm","Capacitor","Anchor","Steam"],"campfire_rested":6,"item_purchase_floors":[20,20,22,22,36],"current_hp_per_floor":[60,55,55,55,60,60,50,50,50,50,40,33,31,25,49,21,65,61,61,61,48,48,7,31,31,31,55,43,43,43,43,67,67,77,69,69,69,41,31,55,55,59,59,67,67,71,68,68,80,68],"gold":18,"neow_bonus":"THREE_SMALL_POTIONS","is_prod":false,"is_daily":false,"chose_seed":false,"campfire_upgraded":2,"win_rate":0,"timestamp":1538033099,"path_taken":["M","M","M","?","?","R","E","R","T","?","?","E","M","E","R","BOSS","M","M","$","M","$","E","R","?","T","R","M","?","M","?","R","BOSS","M","$","M","M","?","R","$","E","T","E","?","M","?","?","R","BOSS"],"build_version":"2018-09-20","purchased_purges":2,"victory":true,"max_hp_per_floor":[75,75,75,75,80,80,80,80,80,80,80,80,80,80,80,80,80,80,80,80,80,80,80,80,80,80,80,80,80,80,80,80,80,80,80,80,80,80,80,80,80,80,80,80,80,80,80,80,80,80],"card_choices":[{"not_picked":["Conserve Battery","Hologram"],"picked":"Cold Snap","floor":1.0},{"not_picked":["Hello World","Heatsinks"],"picked":"Consume","floor":2.0},{"not_picked":["Fusion","Loop"],"picked":"Glacier","floor":3.0},{"not_picked":["Stack","Consume"],"picked":"Conserve Battery","floor":7.0},{"not_picked":["Hologram","Ball Lightning"],"picked":"Loop","floor":11.0},{"not_picked":["Melter","Turbo"],"picked":"Defragment","floor":12.0},{"not_picked":["Tempest","Fission","Recycle"],"picked":"SKIP","floor":13.0},{"not_picked":["Hologram","Rainbow"],"picked":"Conserve Battery","floor":14.0},{"not_picked":["Rainbow","Biased Cognition"],"picked":"Echo Form","floor":16.0},{"not_picked":["Gash","Cold Snap"],"picked":"Compile Driver","floor":18.0},{"not_picked":["Genetic Algorithm","Leap+1"],"picked":"Ball Lightning+1","floor":19.0},{"not_picked":["Reinforced Body","Barrage"],"picked":"Go for the Eyes","floor":21},{"not_picked":["Melter","Glacier+1"],"picked":"Go for the Eyes+1","floor":23},{"not_picked":["Gash","Conserve Battery+1"],"picked":"Barrage","floor":28},{"not_picked":["Go for the Eyes","Cold Snap"],"picked":"Streamline+1","floor":30},{"not_picked":["Machine Learning","Hyperbeam"],"picked":"Multi-Cast","floor":33},{"not_picked":["Stack","Ball Lightning"],"picked":"Beam Cell+1","floor":35},{"not_picked":["Rebound+1","Defragment+1"],"picked":"Sweeping Beam","floor":37},{"not_picked":["Hello World","Leap"],"picked":"Cold Snap+1","floor":38},{"not_picked":["Trip","Bandage Up"],"picked":"Sadistic Nature","floor":39},{"not_picked":["Transmutation","Dark Shackles"],"picked":"Panache","floor":39},{"not_picked":["Madness","The Bomb"],"picked":"Bandage Up","floor":39},{"not_picked":["Genetic Algorithm+1","Go for the Eyes+1","Fusion+1"],"picked":"SKIP","floor":42},{"not_picked":["Skim+1","Compile Driver+1"],"picked":"White Noise","floor":44},{"not_picked":["Barrage+1","Turbo","Leap"],"picked":"SKIP","floor":46},{"not_picked":["Conserve Battery","Gash"],"picked":"BootSequence+1","floor":47}],"player_experience":463310,"relics_obtained":[{"floor":7.0,"key":"Old Coin"},{"floor":9.0,"key":"Shuriken"},{"floor":12.0,"key":"Juzu Bracelet"},{"floor":14.0,"key":"Mummified Hand"},{"floor":23,"key":"FossilizedHelix"},{"floor":26,"key":"Symbiotic Virus"},{"floor":31,"key":"Bag of Preparation"},{"floor":42,"key":"Art of War"},{"floor":43,"key":"Whetstone"},{"floor":44,"key":"Blue Candle"},{"floor":47,"key":"WingedGreaves"}],"event_choices":[{"event_name":"Liars Game","player_choice":"disagreed","floor":4.0,"damage_taken":0.0},{"event_name":"Big Fish","player_choice":"Donut","floor":5.0,"damage_taken":0.0},{"event_name":"Living Wall","player_choice":"Grow","floor":10.0,"damage_taken":0.0},{"event_name":"Addict","player_choice":"Stole Relic","floor":25,"damage_taken":0},{"event_name":"Ghosts","player_choice":"Ignored","floor":29,"damage_taken":0},{"event_name":"SensoryStone","player_choice":"Memory 3","floor":39,"damage_taken":0},{"event_name":"Tomb of Lord Red Mask","player_choice":"Paid","floor":45,"damage_taken":0},{"event_name":"MindBloom","player_choice":"Fight","floor":47,"damage_taken":0},{"event_name":"Transmorgrifier","player_choice":"Transform","floor":48,"damage_taken":0}],"is_beta":false,"boss_relics":[{"not_picked":["Busted Crown","Empty Cage"],"picked":"Fusion Hammer"},{"not_picked":["Calling Bell","FrozenCore"],"picked":"Runic Pyramid"}],"items_purged_floors":[20,36],"is_endless":false,"potions_floor_spawned":[1,2,7,14,21,23,33,44,46,47],"ascension_level":9}