{"gold_per_floor":[111,111,68,80,96,121,121,121,145,164,186,186,198,198,198,198],"floor_reached":16,"playtime":780,"items_purged":[],"score":200,"play_id":"068bd98a-04cf-4d60-8edf-7be7bf4da09b","local_time":"20190324172501","is_ascension_mode":true,"campfire_choices":[{"data":"Dualcast","floor":7.0,"key":"SMITH"},{"floor":12.0,"key":"REST"},{"floor":15,"key":"REST"}],"neow_cost":"PERCENT_DAMAGE","seed_source_timestamp":1344878919994200,"circlet_count":0,"master_deck":["AscendersBane","Strike_B","Strike_B","Strike_B+1","Defend_B","Defend_B","Defend_B","Zap+1","Dualcast+1","FTL+1","BootSequence+1","Ball Lightning","Reinforced Body+1","Thunder Strike","Capacitor","Undo","Redo","Genetic Algorithm"],"special_seed":0,"relics":["Cracked Core","War Paint","Happy Flower","Dream Catcher","Odd Mushroom"],"potions_floor_usage":[16],"damage_taken":[{"damage":7.0,"enemies":"2 Louse","floor":1.0,"turns":2.0},{"damage":0.0,"enemies":"Small Slimes","floor":4.0,"turns":3.0},{"damage":0.0,"enemies":"Jaw Worm","floor":5.0,"turns":2.0},{"damage":11.0,"enemies":"Gremlin Nob","floor":6.0,"turns":3.0},{"damage":0.0,"enemies":"2 Fungi Beasts","floor":10.0,"turns":3.0},{"damage":1.0,"enemies":"The Mushroom Lair","floor":11.0,"turns":3.0},{"damage":0,"enemies":"3 Louse","floor":13,"turns":3},{"damage":39,"enemies":"Slime Boss","floor":16,"turns":7}],"seed_played":"2791233731939625223","potions_obtained":[{"floor":1.0,"key":"Dexterity Potion"},{"floor":5.0,"key":"SkillPotion"},{"floor":11.0,"key":"Strength Potion"}],"is_trial":false,"path_per_floor":["M","?","$","M","M","E","R","?","T","M","?","R","M","?","R","B"],"character_chosen":"DEFECT","items_purchased":["BootSequence"],"campfire_rested":2,"item_purchase_floors":[3],"current_hp_per_floor":[39,39,39,39,39,28,28,17,17,17,16,37,37,16,37,0],"gold":198,"neow_bonus":"REMOVE_TWO","is_prod":false,"is_daily":false,"chose_seed":false,"campfire_upgraded":1,"win_rate":0,"timestamp":1553473501,"path_taken":["M","?","$","M","M","E","R","?","T","M","?","R","?","?","R","BOSS"],"build_version":"2019-03-15","purchased_purges":0,"victory":false,"max_hp_per_floor":[71,71,71,71,71,71,71,71,71,71,71,71,71,71,71,71],"card_choices":[{"not_picked":["Force Field","Go for the Eyes"],"picked":"FTL","floor":1.0},{"not_picked":["Streamline","Go for the Eyes"],"picked":"Ball Lightning","floor":4.0},{"not_picked":["Barrage","Stack"],"picked":"Reinforced Body","floor":6.0},{"not_picked":["Leap","Beam Cell"],"picked":"Thunder Strike","floor":10.0},{"not_picked":["Coolheaded","Conserve Battery"],"picked":"Capacitor","floor":11.0},{"not_picked":["Blizzard","Coolheaded"],"picked":"Undo","floor":12.0},{"not_picked":["Beam Cell","Conserve Battery"],"picked":"Redo","floor":13},{"not_picked":["Heatsinks","Stack"],"picked":"Genetic Algorithm","floor":15}],"player_experience":3382285,"relics_obtained":[{"floor":6.0,"key":"War Paint"},{"floor":9.0,"key":"Dream Catcher"},{"floor":11.0,"key":"Odd Mushroom"}],"event_choices":[{"damage_healed":0.0,"max_hp_gain":0.0,"max_hp_loss":0.0,"gold_gain":0.0,"event_name":"Living Wall","player_choice":"Grow","floor":2.0,"gold_loss":0.0,"damage_taken":0.0,"cards_upgraded":["Zap"]},{"damage_healed":0.0,"max_hp_gain":0.0,"max_hp_loss":0.0,"gold_gain":0.0,"event_name":"Scrap Ooze","player_choice":"Success","floor":8.0,"gold_loss":0.0,"damage_taken":11.0,"relics_obtained":["Happy Flower"]},{"damage_healed":0.0,"max_hp_gain":0.0,"max_hp_loss":0.0,"gold_gain":0.0,"event_name":"Mushrooms","player_choice":"Fought Mushrooms","floor":11.0,"gold_loss":0.0,"damage_taken":0.0},{"damage_healed":0,"gold_gain":0,"player_choice":"Entered Light","damage_taken":21,"max_hp_gain":0,"max_hp_loss":0,"event_name":"Shining Light","floor":14,"gold_loss":0,"cards_upgraded":["FTL","Strike_B"]}],"is_beta":true,"boss_relics":[],"items_purged_floors":[],"is_endless":false,"potions_floor_spawned":[1,5,6,11],"killed_by":"Slime Boss","ascension_level":20}