{"gold_per_floor":[116,135,153,153,153,185,185,37,37,212,212,212,228,248,248,343,393,403,370,42,42,60,60,73,73,96,15,28,28],"floor_reached":29,"playtime":2950,"items_purged":[],"score":275,"play_id":"62674688-aefa-4c07-af75-4f34b52ea17a","local_time":"20190626232356","is_ascension_mode":false,"campfire_choices":[{"data":"Hello World","floor":7,"key":"SMITH"},{"floor":11,"key":"REST"},{"floor":15,"key":"REST"},{"floor":23,"key":"REST"}],"neow_cost":"NONE","seed_source_timestamp":225189324871114,"circlet_count":0,"master_deck":["Strike_B+1","Strike_B+1","Strike_B+1","Strike_B+1","Defend_B+1","Defend_B+1","Defend_B+1","Defend_B+1","Zap","Dualcast","Cold Snap","Hello World+1","Go for the Eyes","Cold Snap","Storm","Sweeping Beam","Streamline","Doubt","Decay","Capacitor","Gash","All For One","Darkness","FTL+1","Compile Driver","Compile Driver","Reinforced Body","Ball Lightning","Double Energy","FTL"],"relics":["Cracked Core","NeowsBlessing","Meat on the Bone","Darkstone Periapt","Tiny House","Mango","Orichalcum"],"potions_floor_usage":[18,22,29],"damage_taken":[{"damage":0,"enemies":"2 Louse","floor":1,"turns":1},{"damage":0,"enemies":"Small Slimes","floor":2,"turns":1},{"damage":0,"enemies":"Jaw Worm","floor":3,"turns":1},{"damage":21,"enemies":"3 Sentries","floor":6,"turns":7},{"damage":16,"enemies":"2 Fungi Beasts","floor":13,"turns":3},{"damage":5,"enemies":"Red Slaver","floor":14,"turns":3},{"damage":44,"enemies":"The Guardian","floor":16,"turns":12},{"damage":14,"enemies":"Shell Parasite","floor":18,"turns":6},{"damage":52,"enemies":"2 Thieves","floor":19,"turns":5},{"damage":53,"enemies":"Sentry and Sphere","floor":22,"turns":6},{"damage":21,"enemies":"Snake Plant","floor":24,"turns":4},{"damage":36,"enemies":"Centurion and Healer","floor":28,"turns":5},{"damage":25,"enemies":"Colosseum Slavers","floor":29,"turns":2}],"seed_played":"8931770852553138343","potions_obtained":[{"floor":6,"key":"SteroidPotion"},{"floor":14,"key":"Swift Potion"},{"floor":17,"key":"FocusPotion"},{"floor":19,"key":"Explosive Potion"},{"floor":28,"key":"Regen Potion"}],"is_trial":false,"path_per_floor":["M","M","M","?","?","E","R","$","T","?","R","?","M","M","R","B",null,"M","M","$","?","M","R","M","?","T","$","M","?"],"character_chosen":"DEFECT","items_purchased":["Storm","Sweeping Beam","Streamline","Mango","Compile Driver","Double Energy"],"campfire_rested":3,"item_purchase_floors":[8,8,8,20,20,27],"current_hp_per_floor":[75,75,75,80,64,43,43,43,43,49,74,80,64,59,86,54,97,83,43,57,57,16,49,40,40,40,40,16,0],"gold":28,"neow_bonus":"THREE_ENEMY_KILL","is_prod":false,"is_daily":false,"chose_seed":false,"campfire_upgraded":1,"win_rate":0.0,"timestamp":1561580636,"path_taken":["M","M","M","?","?","E","R","$","T","?","R","?","?","M","R","BOSS","M","M","$","?","M","R","M","?","T","$","M","?"],"build_version":"2019-01-23","purchased_purges":0,"victory":false,"max_hp_per_floor":[75,75,75,80,80,80,80,80,80,86,86,92,92,92,92,92,97,97,97,111,111,111,111,111,111,111,111,111,111],"card_choices":[{"not_picked":["Gash","Coolheaded"],"picked":"Cold Snap","floor":1},{"not_picked":["Beam Cell","Redo"],"picked":"Hello World","floor":2},{"not_picked":["Conserve Battery","Darkness"],"picked":"Go for the Eyes","floor":3},{"not_picked":["Leap","Steam"],"picked":"Cold Snap","floor":6},{"not_picked":["Coolheaded","Ball Lightning"],"picked":"Capacitor","floor":13},{"not_picked":["Reboot","Barrage"],"picked":"Gash","floor":14},{"not_picked":["Creative AI","Multi-Cast"],"picked":"All For One","floor":16},{"not_picked":["Steam","Hello World"],"picked":"Darkness","floor":17},{"not_picked":["Streamline","Sweeping Beam"],"picked":"FTL+1","floor":18},{"not_picked":["Streamline+1","Static Discharge"],"picked":"Compile Driver","floor":19},{"not_picked":["Stack+1","Beam Cell"],"picked":"Reinforced Body","floor":22},{"not_picked":["Stack","Steam Power+1"],"picked":"Ball Lightning","floor":24},{"not_picked":["Reprogram","Gash+1"],"picked":"FTL","floor":28}],"player_experience":16131,"relics_obtained":[{"floor":6,"key":"Meat on the Bone"},{"floor":9,"key":"Darkstone Periapt"},{"floor":26,"key":"Orichalcum"}],"event_choices":[{"damage_healed":0,"gold_gain":0,"player_choice":"Donut","damage_taken":0,"max_hp_gain":5,"max_hp_loss":0,"event_name":"Big Fish","floor":4,"gold_loss":0},{"damage_healed":0,"gold_gain":0,"player_choice":"Entered Light","damage_taken":16,"max_hp_gain":0,"max_hp_loss":0,"event_name":"Shining Light","floor":5,"gold_loss":0,"cards_upgraded":["Strike_B","Defend_B"]},{"damage_healed":0,"gold_gain":175,"player_choice":"AGREE","damage_taken":0,"max_hp_gain":0,"max_hp_loss":0,"event_name":"Liars Game","floor":10,"gold_loss":0,"cards_obtained":["Doubt"]},{"damage_healed":0,"gold_gain":0,"player_choice":"Cursed","damage_taken":0,"max_hp_gain":0,"max_hp_loss":0,"event_name":"Wheel of Change","floor":12,"gold_loss":0,"cards_obtained":["Decay"]},{"damage_healed":0,"gold_gain":0,"player_choice":"Ignored","damage_taken":0,"max_hp_gain":0,"max_hp_loss":0,"event_name":"Ghosts","floor":21,"gold_loss":0},{"damage_healed":0,"gold_gain":0,"player_choice":"Simplicity","damage_taken":0,"max_hp_gain":0,"max_hp_loss":0,"event_name":"Back to Basics","floor":25,"gold_loss":0,"cards_upgraded":["Strike_B","Strike_B","Defend_B","Defend_B","Defend_B"]},{"damage_healed":0,"gold_gain":0,"player_choice":"Fight","damage_taken":0,"max_hp_gain":0,"max_hp_loss":0,"event_name":"Colosseum","floor":29,"gold_loss":0}],"is_beta":false,"boss_relics":[{"not_picked":["FrozenCore","Inserter"],"picked":"Tiny House"}],"items_purged_floors":[],"is_endless":false,"potions_floor_spawned":[6,14,19,28],"killed_by":"Colosseum Slavers","ascension_level":0}