{"gold_per_floor":[114,114,126,145,155,155,180,198,198,231,248,248,271,286,286,359,359,378,392,392],"floor_reached":20,"playtime":1198,"items_purged":[],"score":310,"play_id":"7faafca2-7a6c-4f77-b20d-e8bd0488114a","local_time":"20180710123240","is_ascension_mode":true,"campfire_choices":[{"data":"Neutralize","floor":6,"key":"SMITH"},{"data":"Backstab","floor":12,"key":"SMITH"},{"data":"Sucker Punch","floor":15,"key":"SMITH"}],"neow_cost":"NONE","seed_source_timestamp":140381582194833,"circlet_count":0,"master_deck":["Survivor","Neutralize+1","AscendersBane","Finisher","Quick Slash","Cloak And Dagger","Well Laid Plans","All Out Attack","Bullet Time","Backstab+1","Sucker Punch+1","Noxious Fumes","After Image","Dagger Throw","Accuracy","Predator","Slice","Outmaneuver","Skewer","Endless Agony","Dodge and Roll","Sucker Punch","Prepared","Cloak And Dagger"],"relics":["Lizard Tail","Dodecahedron","Bottled Tornado","Dream Catcher","Odd Mushroom","Pandora\u0027s Box"],"potions_floor_usage":[7,10,11,13,16,16],"damage_taken":[{"damage":10,"enemies":"Cultist","floor":1,"turns":5},{"damage":1,"enemies":"2 Louse","floor":3,"turns":4},{"damage":1,"enemies":"Small Slimes","floor":4,"turns":5},{"damage":3,"enemies":"Looter","floor":5,"turns":4},{"damage":11,"enemies":"3 Sentries","floor":7,"turns":11},{"damage":7,"enemies":"3 Louse","floor":8,"turns":4},{"damage":18,"enemies":"Lagavulin","floor":10,"turns":8},{"damage":23,"enemies":"Exordium Thugs","floor":11,"turns":5},{"damage":13,"floor":13,"turns":4},{"damage":0,"enemies":"2 Fungi Beasts","floor":14,"turns":3},{"damage":14,"enemies":"Hexaghost","floor":16,"turns":14},{"damage":21,"enemies":"Shell Parasite","floor":18,"turns":5},{"damage":15,"enemies":"Spheric Guardian","floor":19,"turns":6},{"damage":22,"enemies":"Cultist and Chosen","floor":20,"turns":5}],"seed_played":"2649269288111369385","potions_obtained":[{"floor":1,"key":"FearPotion"},{"floor":2,"key":"Strength Potion"},{"floor":8,"key":"Explosive Potion"},{"floor":11,"key":"Regen Potion"},{"floor":13,"key":"SteroidPotion"},{"floor":14,"key":"Block Potion"},{"floor":18,"key":"SpeedPotion"}],"is_trial":false,"path_per_floor":["M","?","M","M","M","R","E","M","T","E","M","R","?","M","R","B",null,"M","M"],"character_chosen":"THE_SILENT","items_purchased":[],"campfire_rested":0,"item_purchase_floors":[],"current_hp_per_floor":[53,53,52,51,48,48,37,30,30,12,35,35,34,34,34,20,58,37,22,0],"gold":392,"neow_bonus":"BOSS_RELIC","is_prod":false,"is_daily":false,"chose_seed":false,"campfire_upgraded":3,"win_rate":0,"timestamp":1531251160,"path_taken":["M","?","M","M","M","R","E","M","T","E","M","R","?","M","R","BOSS","M","M","M"],"build_version":"2018-07-09","purchased_purges":0,"victory":false,"max_hp_per_floor":[70,70,70,70,70,70,70,70,70,70,70,70,70,70,70,70,70,70,70,70],"card_choices":[{"not_picked":["Blur","Deadly Poison"],"picked":"Finisher","floor":1},{"not_picked":["Deflect","Finisher"],"picked":"Quick Slash","floor":3},{"not_picked":["All Out Attack","Poisoned Stab"],"picked":"Cloak And Dagger","floor":4},{"not_picked":["Distraction","Deadly Poison"],"picked":"Well Laid Plans","floor":5},{"not_picked":["Bane","Prepared","Distraction"],"picked":"SKIP","floor":7},{"not_picked":["Concentrate","Dodge and Roll"],"picked":"All Out Attack","floor":8},{"not_picked":["All Out Attack","Dagger Throw"],"picked":"Bullet Time","floor":10},{"not_picked":["Calculated Gamble","Slice"],"picked":"Backstab","floor":11},{"not_picked":["Concentrate","Infinite Blades"],"picked":"Sucker Punch","floor":13},{"not_picked":["Cloak And Dagger","Deflect"],"picked":"Noxious Fumes","floor":14},{"not_picked":["Unload","Bullet Time"],"picked":"After Image","floor":16},{"not_picked":["Bane","Underhanded Strike"],"picked":"Cloak And Dagger","floor":18},{"not_picked":["Poisoned Stab+1","Outmaneuver","Escape Plan"],"picked":"SKIP","floor":19}],"player_experience":760819,"relics_obtained":[{"floor":7,"key":"Dodecahedron"},{"floor":9,"key":"Bottled Tornado"},{"floor":10,"key":"Dream Catcher"},{"floor":13,"key":"Odd Mushroom"}],"event_choices":[{"event_name":"The Lab","player_choice":"Got Potions","floor":2,"damage_taken":0},{"event_name":"Mushrooms","player_choice":"Fought Mushrooms","floor":13,"damage_taken":0}],"boss_relics":[{"not_picked":["White Beast Statue","Fusion Hammer"],"picked":"Pandora\u0027s Box"}],"items_purged_floors":[],"is_endless":false,"potions_floor_spawned":[1,8,11,13,14,18],"killed_by":"Cultist and Chosen","ascension_level":13}