{"gold_per_floor":[118,136,136,151,52,52,88,88,88,113,129,129,143,168,168,291,291,307,330,455,13,36,76,76,107,130,151,224,224,499,534,534,664,664,687,398,416,467,483,483,518,537,537,537,537,560,603,73,73,73],"floor_reached":51,"playtime":5670,"items_purged":["Regret"],"score":953,"play_id":"75352641-6061-4d5d-bc1a-ee1c2f29a23a","local_time":"20190313190146","daily_mods":["Draft","Allstar","Diverse","Colorless Cards","DeadlyEvents"],"is_ascension_mode":true,"campfire_choices":[{"data":"Uppercut","floor":6,"key":"SMITH"},{"data":"Noxious Fumes","floor":8,"key":"SMITH"},{"data":"Armaments","floor":12,"key":"SMITH"},{"data":"Deadly Poison","floor":15,"key":"SMITH"},{"floor":24,"key":"REST"},{"data":"Aggregate","floor":29,"key":"SMITH"},{"data":"Uppercut","floor":32,"key":"SMITH"},{"data":"Envenom","floor":40,"key":"SMITH"},{"data":"Predator","floor":45,"key":"SMITH"},{"data":"Immolate","floor":49,"key":"SMITH"}],"neow_cost":"","seed_source_timestamp":0,"circlet_count":0,"master_deck":["BootSequence","All Out Attack","Predator+1","Noxious Fumes+1","True Grit","Turbo","Uppercut+1","Steam","Slice","Power Through","Shrug It Off","Armaments+1","Swift Strike","Stack","Poisoned Stab","Blur","Conserve Battery","Aggregate+1","Deep Breath","Deadly Poison+1","Beam Cell","Exhume","Dodge and Roll","Sucker Punch","Rebound+1","Immolate+1","Conserve Battery+1","Acrobatics+1","Armaments+1","Feed","Uppercut+1","Envenom+1","Shame","Clumsy","Doubt","Clothesline","PiercingWail+1","White Noise+1","Backflip+1","Finesse+1","Buffer+1","Backflip+1","Master of Strategy+1"],"relics":["Burning Blood","Golden Idol","Ginger","The Courier","Black Star","Ice Cream","Bottled Lightning","Matryoshka","PreservedInsect","Red Skull","Oddly Smooth Stone","Mercury Hourglass","Blue Candle","Art of War","Lantern","Tiny Chest","Dream Catcher","Ancient Tea Set","Sundial","Calling Bell","Pen Nib","Toxic Egg 2","Turnip","Letter Opener","Bronze Scales","Centennial Puzzle","Orichalcum","Strawberry","Boot","Frozen Egg 2","Incense Burner","Blood Vial","Bottled Flame","Brimstone"],"potions_floor_usage":[7,7,11,19,20,20,22,25,33,39,50],"damage_taken":[{"damage":0,"enemies":"2 Louse","floor":1,"turns":2},{"damage":1,"enemies":"Jaw Worm","floor":2,"turns":2},{"damage":0,"enemies":"Cultist","floor":4,"turns":2},{"damage":0,"enemies":"Lagavulin","floor":7,"turns":5},{"damage":0,"enemies":"Exordium Wildlife","floor":10,"turns":4},{"damage":0,"enemies":"Gremlin Gang","floor":11,"turns":3},{"damage":0,"enemies":"2 Fungi Beasts","floor":13,"turns":3},{"damage":3,"enemies":"Red Slaver","floor":14,"turns":2},{"damage":1,"enemies":"Hexaghost","floor":16,"turns":7},{"damage":0,"enemies":"Chosen","floor":18,"turns":6},{"damage":0,"enemies":"3 Byrds","floor":19,"turns":5},{"damage":4,"enemies":"Colosseum Slavers","floor":20,"turns":4},{"damage":40,"enemies":"Colosseum Nobs","floor":20,"turns":8},{"damage":12,"enemies":"Snake Plant","floor":22,"turns":3},{"damage":19,"enemies":"Gremlin Leader","floor":23,"turns":7},{"damage":3,"enemies":"Book of Stabbing","floor":25,"turns":3},{"damage":0,"enemies":"3 Cultists","floor":27,"turns":4},{"damage":0,"enemies":"Gremlin Leader","floor":28,"turns":4},{"damage":9,"enemies":"Book of Stabbing","floor":31,"turns":5},{"damage":49,"enemies":"Automaton","floor":33,"turns":8},{"damage":5,"enemies":"Orb Walker","floor":35,"turns":4},{"damage":2,"enemies":"3 Darklings","floor":37,"turns":4},{"damage":0,"enemies":"Spire Growth","floor":39,"turns":4},{"damage":0,"enemies":"Reptomancer","floor":41,"turns":4},{"damage":3,"enemies":"Sphere and 2 Shapes","floor":42,"turns":3},{"damage":0,"enemies":"4 Shapes","floor":46,"turns":3},{"damage":18,"enemies":"Nemesis","floor":47,"turns":5},{"damage":2,"enemies":"Awakened One","floor":50,"turns":10}],"seed_played":"1277659257512997974","potions_obtained":[{"floor":4,"key":"PowerPotion"},{"floor":10,"key":"Block Potion"},{"floor":11,"key":"BloodPotion"},{"floor":18,"key":"Swift Potion"},{"floor":20,"key":"LiquidBronze"},{"floor":23,"key":"Dexterity Potion"},{"floor":27,"key":"SpeedPotion"},{"floor":28,"key":"BloodPotion"},{"floor":35,"key":"Regen Potion"},{"floor":37,"key":"AttackPotion"},{"floor":47,"key":"FearPotion"}],"is_trial":true,"path_per_floor":["M","M","?","M","$","R","E","R","T","M","M","R","M","M","R","B",null,"M","M","?","$","M","E","R","E","T","M","E","R","?","E","R","B",null,"M","$","M","T","M","R","E","M","T","T","R","M","E","$","R","B",null],"character_chosen":"IRONCLAD","items_purchased":["Explosive Potion","SkillPotion","Matryoshka","PreservedInsect","Immolate","Letter Opener","PiercingWail+1","Bottled Flame","Brimstone","Backflip+1","Master of Strategy+1"],"campfire_rested":1,"item_purchase_floors":[5,5,21,21,21,36,36,48,48,48,48],"current_hp_per_floor":[80,80,74,74,74,74,74,74,74,74,74,74,74,74,74,74,74,74,74,47,47,41,28,50,53,53,59,65,65,65,62,62,26,74,77,77,77,77,77,77,84,84,84,84,84,84,72,72,72,84],"gold":73,"neow_bonus":"","is_prod":false,"is_daily":false,"chose_seed":false,"campfire_upgraded":9,"win_rate":0,"timestamp":1552500106,"path_taken":["M","M","?","M","$","R","E","R","T","M","M","R","M","?","R","BOSS","M","M","?","$","M","E","R","E","T","?","?","R","?","E","R","BOSS","M","$","M","?","M","R","E","M","T","?","R","M","E","$","R","BOSS"],"build_version":"2019-02-06","purchased_purges":1,"victory":true,"max_hp_per_floor":[80,80,74,74,74,74,74,74,74,74,74,74,74,74,74,74,74,74,74,74,74,74,74,74,74,74,74,74,74,74,74,74,74,74,77,77,77,77,77,77,84,84,84,84,84,84,84,84,84,84],"card_choices":[{"not_picked":["Deadly Poison","Forethought"],"picked":"BootSequence","floor":0},{"not_picked":["Intimidate","Underhanded Strike"],"picked":"All Out Attack","floor":0},{"not_picked":["Infernal Blade","Hologram"],"picked":"Predator","floor":0},{"not_picked":["Well Laid Plans","Sweeping Beam"],"picked":"Noxious Fumes","floor":0},{"not_picked":["Redo","Rupture"],"picked":"True Grit","floor":0},{"not_picked":["True Grit","Sword Boomerang"],"picked":"Turbo","floor":0},{"not_picked":["Crippling Poison","Iron Wave"],"picked":"Uppercut","floor":0},{"not_picked":["Cold Snap","Dual Wield"],"picked":"Steam","floor":0},{"not_picked":["Body Slam","Wild Strike"],"picked":"Slice","floor":0},{"not_picked":["Clothesline","Sever Soul"],"picked":"Power Through","floor":0},{"not_picked":["Cold Snap","Sword Boomerang"],"picked":"Shrug It Off","floor":0},{"not_picked":["Coolheaded","Gash"],"picked":"Armaments","floor":0},{"not_picked":["Compile Driver","Quick Slash"],"picked":"Swift Strike","floor":0},{"not_picked":["Underhanded Strike","Blade Dance"],"picked":"Stack","floor":0},{"not_picked":["Deflect","Reflex"],"picked":"Poisoned Stab","floor":0},{"not_picked":["Feel No Pain","Quick Slash"],"picked":"Blur","floor":1},{"not_picked":["Setup","Sword Boomerang","Perfected Strike"],"picked":"SKIP","floor":2},{"not_picked":["Underhanded Strike","Stack"],"picked":"Conserve Battery","floor":4},{"not_picked":["Brutality","Warcry"],"picked":"Aggregate","floor":7},{"not_picked":["Stack","Redo"],"picked":"Deep Breath","floor":10},{"not_picked":["Ball Lightning","Sweeping Beam","Coolheaded"],"picked":"SKIP","floor":11},{"not_picked":["Perfected Strike","Skim"],"picked":"Deadly Poison","floor":13},{"not_picked":["Prepared","Reflex"],"picked":"Beam Cell","floor":14},{"not_picked":["Core Surge","Venomology"],"picked":"Exhume","floor":16},{"not_picked":["Flying Knee","Thunderclap+1"],"picked":"Dodge and Roll","floor":18},{"not_picked":["Bloodletting","Defragment"],"picked":"Sucker Punch","floor":19},{"not_picked":["Second Wind","Flechettes"],"picked":"Rebound+1","floor":20},{"not_picked":["Sentinel","Chaos"],"picked":"Conserve Battery+1","floor":22},{"not_picked":["Redo","All For One","Chill"],"picked":"SKIP","floor":23},{"not_picked":["Headbutt","Slice"],"picked":"Acrobatics+1","floor":25},{"not_picked":["Beam Cell","Tactician+1"],"picked":"Armaments+1","floor":27},{"not_picked":["Twin Strike","Carnage"],"picked":"Feed","floor":28},{"not_picked":["Underhanded Strike","Trip"],"picked":"Uppercut","floor":31},{"not_picked":["Sadistic Nature","Wraith Form v2"],"picked":"Envenom","floor":33},{"not_picked":["Outmaneuver+1","Dramatic Entrance+1"],"picked":"Clothesline","floor":35},{"not_picked":["Second Wind+1","Good Instincts+1"],"picked":"White Noise+1","floor":37},{"not_picked":["Steam+1","Sever Soul+1"],"picked":"Backflip+1","floor":39},{"not_picked":["Ghostly Armor+1","Blade Dance+1","Steam+1"],"picked":"SKIP","floor":41},{"not_picked":["BootSequence+1","Dagger Throw"],"picked":"Finesse+1","floor":42},{"not_picked":["Wild Strike","Rip and Tear+1","Leap+1"],"picked":"SKIP","floor":46},{"not_picked":["Perfected Strike+1","Storm+1"],"picked":"Buffer+1","floor":47}],"player_experience":241043,"relics_obtained":[{"floor":7,"key":"Ginger"},{"floor":9,"key":"The Courier"},{"floor":20,"key":"Ice Cream"},{"floor":20,"key":"Bottled Lightning"},{"floor":23,"key":"Red Skull"},{"floor":23,"key":"Oddly Smooth Stone"},{"floor":25,"key":"Mercury Hourglass"},{"floor":25,"key":"Blue Candle"},{"floor":26,"key":"Art of War"},{"floor":26,"key":"Lantern"},{"floor":28,"key":"Tiny Chest"},{"floor":28,"key":"Dream Catcher"},{"floor":31,"key":"Ancient Tea Set"},{"floor":31,"key":"Sundial"},{"floor":34,"key":"Pen Nib"},{"floor":34,"key":"Toxic Egg 2"},{"floor":34,"key":"Turnip"},{"floor":38,"key":"Bronze Scales"},{"floor":38,"key":"Centennial Puzzle"},{"floor":41,"key":"Orichalcum"},{"floor":41,"key":"Strawberry"},{"floor":43,"key":"Boot"},{"floor":44,"key":"Frozen Egg 2"},{"floor":47,"key":"Incense Burner"},{"floor":47,"key":"Blood Vial"}],"event_choices":[{"damage_healed":0,"gold_gain":0,"player_choice":"Lose Max HP","damage_taken":0,"relics_obtained":["Golden Idol"],"max_hp_gain":0,"max_hp_loss":6,"event_name":"Golden Idol","floor":3,"gold_loss":0},{"damage_healed":0,"gold_gain":0,"player_choice":"Fight","damage_taken":0,"max_hp_gain":0,"max_hp_loss":0,"event_name":"Colosseum","floor":20,"gold_loss":0},{"damage_healed":0,"gold_gain":0,"player_choice":"Fought Nobs","damage_taken":0,"max_hp_gain":0,"max_hp_loss":0,"event_name":"Colosseum","floor":20,"gold_loss":0},{"damage_healed":0,"gold_gain":275,"player_choice":"Desecrate","damage_taken":0,"max_hp_gain":0,"max_hp_loss":0,"event_name":"Golden Shrine","floor":30,"gold_loss":0,"cards_obtained":["Regret"]}],"is_beta":true,"boss_relics":[{"not_picked":["Cursed Key","Astrolabe"],"picked":"Black Star"},{"not_picked":["White Beast Statue","Runic Cube"],"picked":"Calling Bell"}],"items_purged_floors":[36],"is_endless":false,"potions_floor_spawned":[4,10,11,18,20,23,27,28,35,37,47],"ascension_level":1}