{"gold_per_floor":[14,31,51,67,86,86,113,133,133,133],"floor_reached":10,"playtime":355,"items_purged":[],"score":144,"play_id":"9a5ac339-b2b0-46d4-b9ee-01e9c1310ffc","local_time":"20190611203641","is_ascension_mode":true,"campfire_choices":[{"data":"Bash","floor":6,"key":"SMITH"}],"neow_cost":"NO_GOLD","seed_source_timestamp":4051596601521636,"circlet_count":0,"master_deck":["AscendersBane","Strike_R","Strike_R","Strike_R","Strike_R","Strike_R","Defend_R","Defend_R","Defend_R","Defend_R","Bash+1","Double Tap","Rampage","Clothesline","Iron Wave","Pommel Strike","Ghostly Armor","Battle Trance","Whirlwind"],"relics":["Burning Blood","Pantograph","Charon\u0027s Ashes"],"potions_floor_usage":[7,8],"damage_taken":[{"damage":1,"enemies":"Cultist","floor":1,"turns":3},{"damage":4,"enemies":"Small Slimes","floor":2,"turns":4},{"damage":9,"enemies":"Jaw Worm","floor":3,"turns":3},{"damage":13,"enemies":"Blue Slaver","floor":4,"turns":4},{"damage":12,"enemies":"2 Fungi Beasts","floor":5,"turns":4},{"damage":55,"enemies":"Lagavulin","floor":7,"turns":7},{"damage":4,"enemies":"3 Louse","floor":8,"turns":5},{"damage":18,"enemies":"Lots of Slimes","floor":10,"turns":2}],"seed_played":"5719007188930060698","potions_obtained":[{"floor":1,"key":"PowerPotion"},{"floor":5,"key":"Fruit Juice"},{"floor":7,"key":"Block Potion"}],"is_trial":false,"path_per_floor":["M","M","M","M","M","R","E","M","T","M"],"character_chosen":"IRONCLAD","items_purchased":[],"campfire_rested":0,"item_purchase_floors":[],"current_hp_per_floor":[73,75,72,65,59,59,15,17,17,0],"gold":133,"neow_bonus":"THREE_RARE_CARDS","is_prod":false,"is_daily":false,"chose_seed":false,"campfire_upgraded":1,"win_rate":0,"timestamp":1560310601,"path_taken":["M","M","M","?","M","R","E","M","T","M"],"build_version":"2019-06-10","purchased_purges":0,"victory":false,"max_hp_per_floor":[75,75,75,75,75,75,80,80,80,80],"card_choices":[{"not_picked":["Offering","Dark Embrace"],"picked":"Double Tap","floor":0},{"not_picked":["Power Through","Twin Strike"],"picked":"Rampage","floor":1},{"not_picked":["Intimidate","Dual Wield"],"picked":"Clothesline","floor":2},{"not_picked":["Sword Boomerang","Clothesline"],"picked":"Iron Wave","floor":3},{"not_picked":["Sword Boomerang","Warcry"],"picked":"Pommel Strike","floor":4},{"not_picked":["Flex","Wild Strike"],"picked":"Ghostly Armor","floor":5},{"not_picked":["Uppercut","Berserk"],"picked":"Battle Trance","floor":7},{"not_picked":["Rampage","Clothesline"],"picked":"Whirlwind","floor":8}],"player_experience":1347425,"relics_obtained":[{"floor":7,"key":"Pantograph"},{"floor":9,"key":"Charon\u0027s Ashes"}],"event_choices":[],"is_beta":true,"boss_relics":[],"items_purged_floors":[],"is_endless":false,"potions_floor_spawned":[1,5,7],"killed_by":"Lots of Slimes","ascension_level":20}