{"gold_per_floor":[118,129,143,10,10,37,37,55,55,82,36,48,48,75,75,153,153,73,32,32,59,59,59],"floor_reached":23,"playtime":1616,"items_purged":[],"score":379,"play_id":"548404c1-1801-4080-ae43-814dc0fc90d7","local_time":"20181025015852","is_ascension_mode":true,"campfire_choices":[{"data":"Neutralize","floor":7,"key":"SMITH"},{"floor":13,"key":"REST"},{"floor":15,"key":"REST"}],"neow_cost":"NONE","seed_source_timestamp":2932501274502545,"circlet_count":0,"master_deck":["Defend_G","Defend_G","Defend_G","Defend_G","Defend_G","Strike_G","Strike_G","Strike_G","Strike_G","Survivor","Neutralize+1","AscendersBane","Noxious Fumes","Deflect","Footwork","Footwork","Discovery","Envenom","PiercingWail","Heel Hook","Quick Slash","Dodge and Roll","Venomology","Leg Sweep","Noxious Fumes","Slice","Well Laid Plans","Dash","Burst","Neutralize"],"relics":["Ring of the Snake","Snake Skull","Darkstone Periapt","Bird Faced Urn","Vajra","Orrery","Strawberry"],"potions_floor_usage":[8,14,16,23],"damage_taken":[{"damage":0,"enemies":"2 Louse","floor":1,"turns":4},{"damage":0,"enemies":"Small Slimes","floor":2,"turns":5},{"damage":10,"enemies":"Cultist","floor":3,"turns":5},{"damage":14,"enemies":"3 Sentries","floor":6,"turns":10},{"damage":11,"enemies":"Lots of Slimes","floor":8,"turns":7},{"damage":4,"enemies":"Lagavulin","floor":10,"turns":9},{"damage":16,"enemies":"Exordium Wildlife","floor":12,"turns":5},{"damage":17,"enemies":"3 Sentries","floor":14,"turns":7},{"damage":44,"enemies":"The Guardian","floor":16,"turns":9},{"damage":16,"enemies":"2 Thieves","floor":18,"turns":4},{"damage":26,"enemies":"Colosseum Slavers","floor":20,"turns":5},{"damage":48,"enemies":"Gremlin Leader","floor":23,"turns":7}],"seed_played":"4707575246782229318","potions_obtained":[{"floor":1,"key":"EssenceOfSteel"},{"floor":2,"key":"Block Potion"},{"floor":8,"key":"GamblersBrew"}],"is_trial":false,"path_per_floor":["M","M","M","$","?","E","R","M","T","E","?","M","R","E","R","B",null,"M","$","?","T","?"],"character_chosen":"THE_SILENT","items_purchased":["Footwork","Discovery","Dash"],"campfire_rested":2,"item_purchase_floors":[4,4,19],"current_hp_per_floor":[65,65,55,55,48,34,34,23,23,19,19,9,30,19,40,4,55,47,47,31,38,38,0],"gold":59,"neow_bonus":"TEN_PERCENT_HP_BONUS","is_prod":false,"is_daily":false,"chose_seed":false,"campfire_upgraded":1,"win_rate":0,"timestamp":1540457932,"path_taken":["M","M","M","$","?","E","R","?","T","E","?","M","R","E","R","BOSS","M","$","?","?","?","E"],"build_version":"2018-10-24","purchased_purges":0,"victory":false,"max_hp_per_floor":[72,72,72,72,72,72,72,72,72,72,72,72,72,72,72,72,72,72,72,72,79,79,79],"card_choices":[{"not_picked":["Sucker Punch","Expertise"],"picked":"Noxious Fumes","floor":1},{"not_picked":["Distraction","Reflex"],"picked":"Deflect","floor":2},{"not_picked":["Dodge and Roll","Prepared"],"picked":"Footwork","floor":3},{"not_picked":["Poisoned Stab","Grand Finale"],"picked":"Envenom","floor":6},{"not_picked":["Prepared","Endless Agony"],"picked":"PiercingWail","floor":8},{"not_picked":["Masterful Stab","Backflip"],"picked":"Heel Hook","floor":10},{"not_picked":["Dagger Throw","Terror"],"picked":"Quick Slash","floor":12},{"not_picked":["Expertise","Quick Slash"],"picked":"Dodge and Roll","floor":14},{"not_picked":["Unload","Doppelganger"],"picked":"Venomology","floor":16},{"not_picked":["Quick Slash","PiercingWail"],"picked":"Leg Sweep","floor":17},{"not_picked":["Outmaneuver","Deadly Poison"],"picked":"Noxious Fumes","floor":17},{"not_picked":["Cloak And Dagger","Choke"],"picked":"Slice","floor":17},{"not_picked":["Dagger Throw","Setup"],"picked":"Well Laid Plans","floor":18}],"player_experience":989188,"relics_obtained":[{"floor":6,"key":"Snake Skull"},{"floor":9,"key":"Darkstone Periapt"},{"floor":10,"key":"Bird Faced Urn"},{"floor":14,"key":"Vajra"},{"floor":21,"key":"Strawberry"}],"event_choices":[{"cards_removed":["Strike_G"],"damage_healed":0,"gold_gain":0,"player_choice":"Card Removal","damage_taken":7,"max_hp_gain":0,"max_hp_loss":0,"event_name":"Golden Wing","floor":5,"gold_loss":0},{"damage_healed":0,"gold_gain":0,"player_choice":"Left Gold","damage_taken":0,"max_hp_gain":0,"max_hp_loss":0,"event_name":"World of Goop","floor":11,"gold_loss":46},{"damage_healed":0,"gold_gain":0,"player_choice":"Fight","damage_taken":0,"max_hp_gain":0,"max_hp_loss":0,"event_name":"Colosseum","floor":20,"gold_loss":0},{"damage_healed":0,"gold_gain":0,"player_choice":"Fled From Nobs","damage_taken":0,"max_hp_gain":0,"max_hp_loss":0,"event_name":"Colosseum","floor":20,"gold_loss":0},{"damage_healed":0,"gold_gain":0,"player_choice":"2 cards matched","damage_taken":0,"max_hp_gain":0,"max_hp_loss":0,"event_name":"Match and Keep!","floor":22,"gold_loss":0,"cards_obtained":["Burst","Neutralize"]}],"is_beta":true,"boss_relics":[{"not_picked":["Black Star","Runic Pyramid"],"picked":"Orrery"}],"items_purged_floors":[],"is_endless":false,"potions_floor_spawned":[1,2,6,8,12],"killed_by":"Gremlin Leader","ascension_level":17}