{"gold_per_floor":[111,186,186,199,212,242,242,41,66,96,96,106,168,168,168,168],"floor_reached":16,"playtime":1005,"items_purged":[],"score":108,"play_id":"96e45023-031f-40a1-878f-08f51b9e829f","local_time":"20181104220843","is_ascension_mode":false,"campfire_choices":[{"floor":7,"key":"REST"},{"data":"Panache","floor":11,"key":"SMITH"},{"floor":15,"key":"REST"}],"neow_cost":"NONE","seed_source_timestamp":224115575666454,"circlet_count":0,"master_deck":["Defend_G","Defend_G","Defend_G","Defend_G","Defend_G","Strike_G","Strike_G","Strike_G","Strike_G","Strike_G","Survivor","Neutralize","Quick Slash","Regret","Terror","Sucker Punch","Backstab","Panache+1","Quick Slash","Skewer","Tools of the Trade","Leg Sweep"],"relics":["Ring of the Snake","NeowsBlessing","Potion Belt","Pen Nib","Orichalcum","Gremlin Horn","Omamori","Golden Idol"],"potions_floor_usage":[13,16,16],"damage_taken":[{"damage":0,"enemies":"2 Louse","floor":1,"turns":1},{"damage":0,"enemies":"Jaw Worm","floor":4,"turns":1},{"damage":0,"enemies":"Small Slimes","floor":5,"turns":1},{"damage":24,"enemies":"Gremlin Nob","floor":6,"turns":5},{"damage":22,"enemies":"Lagavulin","floor":10,"turns":6},{"damage":0,"enemies":"Exordium Wildlife","floor":12,"turns":2},{"damage":14,"enemies":"3 Sentries","floor":13,"turns":6},{"damage":48,"enemies":"Slime Boss","floor":16,"turns":9}],"seed_played":"5316316910555865187","potions_obtained":[{"floor":4,"key":"Explosive Potion"},{"floor":6,"key":"Explosive Potion"},{"floor":12,"key":"LiquidBronze"}],"is_trial":false,"path_per_floor":["M","?","?","M","M","E","R","$","T","E","R","M","?","?","R","B"],"character_chosen":"THE_SILENT","items_purchased":["Panache","Quick Slash"],"campfire_rested":2,"item_purchase_floors":[8,8],"current_hp_per_floor":[70,59,59,59,59,35,56,56,56,34,34,34,20,20,41,0],"gold":168,"neow_bonus":"THREE_ENEMY_KILL","is_prod":false,"is_daily":false,"chose_seed":false,"campfire_upgraded":1,"win_rate":0.0,"timestamp":1541365723,"path_taken":["M","?","?","?","M","E","R","$","T","E","R","M","?","?","R","BOSS"],"build_version":"2018-11-02","purchased_purges":0,"victory":false,"max_hp_per_floor":[70,70,70,70,70,70,70,70,70,70,70,70,70,70,70,70],"card_choices":[{"not_picked":["Flying Knee","Blade Dance"],"picked":"Quick Slash","floor":1},{"not_picked":["Acrobatics","Crippling Poison"],"picked":"Terror","floor":4},{"not_picked":["Reflex","Dagger Throw"],"picked":"Sucker Punch","floor":5},{"not_picked":["Prepared","Leg Sweep"],"picked":"Backstab","floor":6},{"not_picked":["Dagger Throw","Reflex"],"picked":"Skewer","floor":10},{"not_picked":["Prepared","Tactician"],"picked":"Tools of the Trade","floor":12},{"not_picked":["Poisoned Stab","Quick Slash"],"picked":"Leg Sweep","floor":13}],"player_experience":8376,"relics_obtained":[{"floor":6,"key":"Pen Nib"},{"floor":9,"key":"Orichalcum"},{"floor":10,"key":"Gremlin Horn"},{"floor":13,"key":"Omamori"}],"event_choices":[{"damage_healed":0,"gold_gain":75,"player_choice":"Gather Gold","damage_taken":11,"max_hp_gain":0,"max_hp_loss":0,"event_name":"World of Goop","floor":2,"gold_loss":0},{"damage_healed":0,"gold_gain":0,"player_choice":"Box","damage_taken":0,"relics_obtained":["Potion Belt"],"max_hp_gain":0,"max_hp_loss":0,"event_name":"Big Fish","floor":3,"gold_loss":0,"cards_obtained":["Regret"]},{"damage_healed":0,"gold_gain":0,"player_choice":"Searched \u00271\u0027 times","damage_taken":0,"max_hp_gain":0,"max_hp_loss":0,"event_name":"Dead Adventurer","floor":13,"gold_loss":0},{"damage_healed":0,"gold_gain":0,"player_choice":"Take Wound","damage_taken":0,"relics_obtained":["Golden Idol"],"max_hp_gain":0,"max_hp_loss":0,"event_name":"Golden Idol","floor":14,"gold_loss":0,"cards_obtained":["Injury"]}],"is_beta":true,"boss_relics":[],"items_purged_floors":[],"is_endless":false,"potions_floor_spawned":[4,6,12],"killed_by":"Slime Boss","ascension_level":0}