{"gold_per_floor":[216,231,245,245,264,264,295,295,344,344,358,358,376,551,551,646,646,666,268,285,301,216,228,274,42,92,92,111,143,143,167,167,271,271,291,291,35,142,153,153,190,212,212,263,263,263,278,311,311,311],"floor_reached":51,"playtime":5611,"items_purged":["Doubt","Strike_P","Strike_P"],"score":1250,"play_id":"3bfe9966-804e-4d3c-8d39-7adf69cc8d55","local_time":"20190915201806","is_ascension_mode":true,"campfire_choices":[{"data":"PathToVictory","floor":6.0,"key":"SMITH"},{"floor":10.0,"key":"REST"},{"data":"Vault","floor":12.0,"key":"SMITH"},{"data":"TalkToTheHand","floor":15.0,"key":"SMITH"},{"data":"CrushJoints","floor":23,"key":"SMITH"},{"data":"Eruption","floor":27,"key":"SMITH"},{"data":"Sanctity","floor":32,"key":"SMITH"},{"floor":40,"key":"REST"},{"data":"1","floor":45,"key":"LIFT"},{"data":"2","floor":49,"key":"LIFT"}],"neow_cost":"NONE","seed_source_timestamp":15266910047500,"circlet_count":0,"master_deck":["Strike_P","Strike_P","Defend_P","Defend_P+1","Defend_P","Defend_P","Eruption+1","Vigilance+1","Consecrate","CutThroughFate","FlurryOfBlows","Vault+1","TalkToTheHand+1","Crescendo","Vault","CrushJoints+1","Apotheosis","Adaptation+1","Vault+1","ThirdEye+1","Adaptation+1","BattleHymn","EmptyBody+1","ClearTheMind","Swivel","Sanctity+1","DevaForm","StepAndStrike+1","DeusExMachina","ClearTheMind+1","TalkToTheHand+1","InnerPeace"],"special_seed":0,"relics":["PureWater","Question Card","Juzu Bracelet","Snecko Eye","Lee\u0027s Waffle","MawBank","InkBottle","Orrery","CeramicFish","Vajra","Cursed Key","Ginger","Ancient Tea Set","Girya","Regal Pillow"],"potions_floor_usage":[21,24,24,33,39,50,50],"damage_taken":[{"damage":0.0,"enemies":"Small Slimes","floor":1.0,"turns":2.0},{"damage":0.0,"enemies":"2 Louse","floor":2.0,"turns":2.0},{"damage":2.0,"enemies":"Jaw Worm","floor":3.0,"turns":3.0},{"damage":0.0,"enemies":"Gremlin Gang","floor":5.0,"turns":2.0},{"damage":41.0,"enemies":"Gremlin Nob","floor":7.0,"turns":6.0},{"damage":0.0,"enemies":"Blue Slaver","floor":11.0,"turns":2.0},{"damage":0.0,"enemies":"Exordium Wildlife","floor":13.0,"turns":3.0},{"damage":15.0,"enemies":"Hexaghost","floor":16.0,"turns":13.0},{"damage":9.0,"enemies":"2 Thieves","floor":18.0,"turns":4.0},{"damage":0.0,"enemies":"Chosen","floor":20.0,"turns":2.0},{"damage":14,"enemies":"Snake Plant","floor":21,"turns":3},{"damage":0,"enemies":"Slavers","floor":24,"turns":5},{"damage":1,"enemies":"Centurion and Healer","floor":28,"turns":5},{"damage":3,"enemies":"Book of Stabbing","floor":29,"turns":4},{"damage":7,"enemies":"Cultist and Chosen","floor":31,"turns":3},{"damage":0,"enemies":"Collector","floor":33,"turns":6},{"damage":9,"enemies":"Orb Walker","floor":35,"turns":2},{"damage":0,"enemies":"Mind Bloom Boss Battle","floor":38,"turns":4},{"damage":27,"enemies":"3 Darklings","floor":39,"turns":5},{"damage":0,"enemies":"Giant Head","floor":41,"turns":4},{"damage":3,"enemies":"Jaw Worm Horde","floor":42,"turns":3},{"damage":7,"enemies":"2 Orb Walkers","floor":44,"turns":3},{"damage":1,"enemies":"Transient","floor":47,"turns":5},{"damage":0,"enemies":"Reptomancer","floor":48,"turns":4},{"damage":18,"enemies":"Time Eater","floor":50,"turns":6}],"seed_played":"-3584074775315898684","potions_obtained":[{"floor":2.0,"key":"LiquidBronze"},{"floor":7.0,"key":"Dexterity Potion"},{"floor":11.0,"key":"Block Potion"},{"floor":16.0,"key":"EssenceOfSteel"},{"floor":18.0,"key":"StancePotion"},{"floor":21,"key":"Swift Potion"},{"floor":29,"key":"Energy Potion"},{"floor":33,"key":"Dexterity Potion"},{"floor":35,"key":"Ancient Potion"},{"floor":41,"key":"Strength Potion"}],"is_trial":false,"path_per_floor":["M","M","M","?","M","R","E","?","T","R","M","R","M","?","R","B",null,"M","$","M","M","?","R","E","$","T","R","M","E","?","M","R","B",null,"M","?","$","?","M","R","E","M","T","?","R","?","M","E","R","B",null],"character_chosen":"WATCHER","items_purchased":["Apotheosis","Lee\u0027s Waffle","Orrery","DeusExMachina"],"campfire_rested":2,"item_purchase_floors":[19,19,25,37],"current_hp_per_floor":[59,59,57,44,44,44,3,3,3,22,22,22,22,22,22,7,51,42,72,72,58,58,58,58,58,58,58,57,54,54,47,47,47,66,57,52,52,52,25,46,46,43,43,36,36,72,71,71,71,53],"gold":311,"neow_bonus":"HUNDRED_GOLD","is_prod":false,"is_daily":false,"chose_seed":false,"campfire_upgraded":6,"win_rate":0,"timestamp":1568571486,"path_taken":["M","M","M","?","M","R","E","?","T","R","M","R","M","?","R","BOSS","M","$","M","M","?","R","E","$","T","R","M","E","?","M","R","BOSS","M","?","$","?","M","R","E","M","T","?","R","?","M","E","R","BOSS"],"build_version":"2019-09-12","purchased_purges":3,"victory":true,"max_hp_per_floor":[65,65,65,65,65,65,65,65,65,65,65,65,65,65,65,65,65,65,72,72,72,72,72,72,72,72,72,72,72,72,72,72,72,72,72,72,72,72,72,72,72,72,72,72,72,72,72,72,72,72],"card_choices":[{"not_picked":["Prostrate","FollowUp"],"picked":"Consecrate","floor":1.0},{"not_picked":["SpiritShield","Devotion"],"picked":"CutThroughFate","floor":2.0},{"not_picked":["BowlingBash","Evaluate"],"picked":"FlurryOfBlows","floor":3.0},{"not_picked":["BowlingBash","Consecrate"],"picked":"PathToVictory","floor":5.0},{"not_picked":["Meditate","Consecrate"],"picked":"Vault","floor":7.0},{"not_picked":["Evaluate","Consecrate","CarveReality"],"picked":"TalkToTheHand","floor":11.0},{"not_picked":["CutThroughFate","ThirdEye","Establishment"],"picked":"Crescendo","floor":13.0},{"not_picked":["Wish","Blasphemy","DeusExMachina"],"picked":"Vault","floor":16.0},{"not_picked":["Sanctity","Weave","JustLucky"],"picked":"CrushJoints","floor":18.0},{"not_picked":["FearNoEvil","MentalFortress","Sanctity+1"],"picked":"Adaptation+1","floor":20.0},{"not_picked":["CrushJoints","Tantrum","ClearTheMind+1"],"picked":"Vault","floor":21},{"not_picked":["Prostrate","CleanseEvil","JustLucky","PathToVictory"],"picked":"SKIP","floor":24},{"not_picked":["CutThroughFate","BowlingBash","Weave"],"picked":"ThirdEye+1","floor":25},{"not_picked":["Halt","WreathOfFlame+1","BowlingBash"],"picked":"Adaptation+1","floor":25},{"not_picked":["FlyingSleeves","EmptyMind","CrushJoints"],"picked":"BattleHymn","floor":25},{"not_picked":["SpiritShield+1","ClearTheMind","Vengeance+1"],"picked":"EmptyBody+1","floor":25},{"not_picked":["EmptyFist","Prostrate","Consecrate"],"picked":"ClearTheMind","floor":28},{"not_picked":["BowlingBash","EmptyBody","ThirdEye"],"picked":"Swivel","floor":29},{"not_picked":["LessonLearned","Weave","Swivel"],"picked":"Sanctity","floor":31},{"not_picked":["Omniscience","FlowState","Judgement"],"picked":"DevaForm","floor":33},{"not_picked":["Vengeance+1","EmptyBody","JustLucky+1"],"picked":"StepAndStrike+1","floor":35},{"not_picked":["Prostrate+1","JustLucky+1","Protect"],"picked":"ClearTheMind+1","floor":38},{"not_picked":["ClearTheMind+1","FlyingSleeves+1","ThirdEye","BowlingBash+1"],"picked":"SKIP","floor":39},{"not_picked":["Conclude+1","Fasting+1","Collect+1"],"picked":"TalkToTheHand+1","floor":41},{"not_picked":["FlyingSleeves+1","Wireheading","CrushJoints"],"picked":"InnerPeace","floor":42},{"not_picked":["Weave+1","Sanctity","JustLucky","Devotion"],"picked":"SKIP","floor":47},{"not_picked":["Consecrate+1","ThirdEye","CarveReality","JustLucky"],"picked":"SKIP","floor":48}],"player_experience":676021,"relics_obtained":[{"floor":7.0,"key":"Question Card"},{"floor":9.0,"key":"Juzu Bracelet"},{"floor":24,"key":"InkBottle"},{"floor":26,"key":"CeramicFish"},{"floor":29,"key":"Vajra"},{"floor":38,"key":"Ginger"},{"floor":41,"key":"Ancient Tea Set"},{"floor":44,"key":"Girya"},{"floor":48,"key":"Regal Pillow"}],"event_choices":[{"damage_healed":0.0,"max_hp_gain":0.0,"max_hp_loss":0.0,"gold_gain":0.0,"event_name":"Shining Light","player_choice":"Entered Light","floor":4.0,"gold_loss":0.0,"damage_taken":13.0,"cards_upgraded":["Defend_P","Vigilance"]},{"damage_healed":0.0,"max_hp_gain":0.0,"max_hp_loss":0.0,"gold_gain":0.0,"event_name":"Dead Adventurer","player_choice":"Searched \u00270\u0027 times","floor":8.0,"gold_loss":0.0,"damage_taken":0.0},{"damage_healed":0.0,"max_hp_gain":0.0,"max_hp_loss":0.0,"gold_gain":175.0,"event_name":"Liars Game","player_choice":"AGREE","floor":14.0,"gold_loss":0.0,"damage_taken":0.0,"cards_obtained":["Doubt"]},{"damage_healed":0,"gold_gain":0,"player_choice":"Obtained Relic","damage_taken":0,"relics_obtained":["MawBank"],"max_hp_gain":0,"max_hp_loss":0,"event_name":"Addict","floor":22,"gold_loss":85},{"damage_healed":0,"gold_gain":0,"player_choice":"Upgraded","damage_taken":0,"max_hp_gain":0,"max_hp_loss":0,"event_name":"Upgrade Shrine","floor":30,"gold_loss":0,"cards_upgraded":["Vault"]},{"damage_healed":0,"gold_gain":0,"player_choice":"Memory 2","damage_taken":5,"max_hp_gain":0,"max_hp_loss":0,"event_name":"SensoryStone","floor":36,"gold_loss":0},{"damage_healed":0,"gold_gain":0,"player_choice":"Fight","damage_taken":0,"max_hp_gain":0,"max_hp_loss":0,"event_name":"MindBloom","floor":38,"gold_loss":0},{"damage_healed":0,"gold_gain":0,"player_choice":"Fight","damage_taken":0,"max_hp_gain":0,"max_hp_loss":0,"event_name":"Mysterious Sphere","floor":44,"gold_loss":0},{"cards_removed":["PathToVictory"],"damage_healed":36,"gold_gain":0,"player_choice":"Offered Uncommon","damage_taken":0,"max_hp_gain":0,"max_hp_loss":0,"event_name":"Bonfire Elementals","floor":46,"gold_loss":0}],"is_beta":true,"boss_relics":[{"not_picked":["SacredBark","Astrolabe"],"picked":"Snecko Eye"},{"not_picked":["Tiny House","Runic Dome"],"picked":"Cursed Key"}],"items_purged_floors":[19,25,37],"is_endless":false,"potions_floor_spawned":[2,7,11,13,16,18,21,29,33,35,41,48],"ascension_level":9}