{"gold_per_floor":[112,123,137,157,127,127,127,144,144,164,164,191,191,203,203,274,274,292,302,75,75,31,31,58,58,58,73,87,87,87,102,102,102],"floor_reached":33,"playtime":1547,"items_purged":[],"score":588,"play_id":"9651c773-4247-4be1-89c6-d6266eee07ac","local_time":"20181222001358","is_ascension_mode":true,"campfire_choices":[{"data":"Zap","floor":6,"key":"SMITH"},{"data":"Go for the Eyes","floor":13,"key":"SMITH"},{"floor":15,"key":"REST"},{"floor":23,"key":"REST"},{"floor":25,"key":"REST"},{"floor":32,"key":"REST"}],"neow_cost":"NONE","seed_source_timestamp":7941076165103842,"circlet_count":0,"master_deck":["AscendersBane","Strike_B","Strike_B+1","Strike_B","Defend_B","Defend_B","Defend_B","Defend_B","Zap+1","Dualcast","Conserve Battery","Ball Lightning+1","Chill","Go for the Eyes+1","Hologram","Hologram","Darkness","Machine Learning","Barrage","Multi-Cast","Sweeping Beam","Loop","Genetic Algorithm","FTL","Multi-Cast"],"relics":["Cracked Core","Mercury Hourglass","Sundial","PreservedInsect","Cursed Key","Chemical X","Whetstone"],"potions_floor_usage":[4,4,4,16,18,19,24,24,28],"damage_taken":[{"damage":1,"enemies":"Cultist","floor":1,"turns":3},{"damage":1,"enemies":"Small Slimes","floor":2,"turns":4},{"damage":0,"enemies":"2 Louse","floor":3,"turns":2},{"damage":15,"enemies":"Gremlin Gang","floor":4,"turns":6},{"damage":1,"enemies":"Large Slime","floor":8,"turns":4},{"damage":0,"enemies":"Red Slaver","floor":10,"turns":3},{"damage":0,"enemies":"3 Sentries","floor":12,"turns":6},{"damage":1,"enemies":"3 Louse","floor":14,"turns":3},{"damage":24,"enemies":"Hexaghost","floor":16,"turns":9},{"damage":8,"enemies":"Chosen","floor":18,"turns":5},{"damage":1,"enemies":"Spheric Guardian","floor":19,"turns":3},{"damage":26,"enemies":"Slavers","floor":24,"turns":4},{"damage":3,"enemies":"Centurion and Healer","floor":27,"turns":3},{"damage":22,"enemies":"Snake Plant","floor":28,"turns":3},{"damage":7,"enemies":"3 Cultists","floor":31,"turns":4},{"damage":54,"enemies":"Champ","floor":33,"turns":7}],"seed_played":"6542784050229990819","potions_obtained":[{"floor":0,"key":"EntropicBrew"},{"floor":0,"key":"FearPotion"},{"floor":4,"key":"Weak Potion"},{"floor":16,"key":"AttackPotion"},{"floor":18,"key":"Poison Potion"},{"floor":19,"key":"PowerPotion"},{"floor":27,"key":"AttackPotion"},{"floor":31,"key":"LiquidBronze"}],"is_trial":false,"path_per_floor":["M","M","M","M","$","R","?","M","T","M","?","E","R","M","R","B",null,"M","M","$","?","$","R","E","R","T","M","M","?","?","M","R","B"],"character_chosen":"DEFECT","items_purchased":["Hologram","Chemical X","Loop"],"campfire_rested":4,"item_purchase_floors":[5,20,22],"current_hp_per_floor":[63,62,62,47,47,47,40,39,39,39,28,28,28,27,48,24,59,51,50,50,30,30,52,26,48,48,45,23,23,23,16,38,0],"gold":102,"neow_bonus":"THREE_SMALL_POTIONS","is_prod":false,"is_daily":false,"chose_seed":false,"campfire_upgraded":2,"win_rate":0,"timestamp":1545466438,"path_taken":["M","M","M","M","$","R","?","M","T","M","?","E","R","M","R","BOSS","M","M","$","?","$","R","E","R","T","M","M","?","?","M","R","BOSS"],"build_version":"2018-12-20","purchased_purges":0,"victory":false,"max_hp_per_floor":[71,71,71,71,71,71,71,71,71,71,71,71,71,71,71,71,71,71,71,71,76,76,76,76,76,76,76,76,76,76,76,76,76],"card_choices":[{"not_picked":["Stack","Scrape"],"picked":"Conserve Battery","floor":1},{"not_picked":["Sweeping Beam","Redo"],"picked":"Ball Lightning","floor":2},{"not_picked":["Aggregate","Hello World"],"picked":"Chill","floor":3},{"not_picked":["Reprogram","Hologram"],"picked":"Go for the Eyes","floor":4},{"not_picked":["Beam Cell","Go for the Eyes"],"picked":"Hologram","floor":8},{"not_picked":["Glacier","Stack"],"picked":"Darkness","floor":10},{"not_picked":["Meteor Strike","Scrape"],"picked":"Machine Learning","floor":12},{"not_picked":["Chill","Beam Cell"],"picked":"Barrage","floor":14},{"not_picked":["Amplify","Machine Learning"],"picked":"Multi-Cast","floor":16},{"not_picked":["Conserve Battery","Rip and Tear"],"picked":"Sweeping Beam","floor":18},{"not_picked":["Double Energy","Hello World","Beam Cell"],"picked":"SKIP","floor":19},{"not_picked":["Thunder Strike","Chill","Ball Lightning"],"picked":"SKIP","floor":24},{"not_picked":["Loop","Doom and Gloom"],"picked":"Genetic Algorithm","floor":27},{"not_picked":["Steam Power","Rip and Tear"],"picked":"FTL","floor":28},{"not_picked":["Rebound","Skim","Stack"],"picked":"SKIP","floor":31}],"player_experience":1112879,"relics_obtained":[{"floor":9,"key":"Mercury Hourglass"},{"floor":12,"key":"PreservedInsect"},{"floor":24,"key":"Whetstone"}],"event_choices":[{"cards_removed":["Strike_B"],"damage_healed":0,"gold_gain":0,"player_choice":"Card Removal","damage_taken":7,"max_hp_gain":0,"max_hp_loss":0,"event_name":"Golden Wing","floor":7,"gold_loss":0},{"damage_healed":0,"gold_gain":0,"player_choice":"Success","damage_taken":11,"relics_obtained":["Sundial"],"max_hp_gain":0,"max_hp_loss":0,"event_name":"Scrap Ooze","floor":11,"gold_loss":0},{"damage_healed":0,"gold_gain":0,"player_choice":"Shed Blood","damage_taken":25,"max_hp_gain":5,"max_hp_loss":0,"event_name":"Forgotten Altar","floor":21,"gold_loss":0},{"damage_healed":0,"gold_gain":0,"player_choice":"Ignored","damage_taken":0,"max_hp_gain":0,"max_hp_loss":0,"event_name":"The Mausoleum","floor":29,"gold_loss":0},{"damage_healed":0,"gold_gain":0,"player_choice":"Copied","damage_taken":0,"max_hp_gain":0,"max_hp_loss":0,"event_name":"Duplicator","floor":30,"gold_loss":0,"cards_obtained":["Multi-Cast"]}],"is_beta":true,"boss_relics":[{"not_picked":["Calling Bell","FrozenCore"],"picked":"Cursed Key"}],"items_purged_floors":[],"is_endless":false,"potions_floor_spawned":[4,14,16,18,19,27,31],"killed_by":"Champ","ascension_level":20}