{"gold_per_floor":[116,134,150,163,181,211,211,223,246,421,433,433,50,62,62,62],"floor_reached":16,"playtime":1138,"items_purged":["Strike_G"],"score":106,"play_id":"fbf10479-e94a-4a99-a69d-2cc4d0116471","local_time":"20181031115941","is_ascension_mode":false,"campfire_choices":[{"floor":7.0,"key":"REST"},{"floor":15,"key":"REST"}],"neow_cost":"NONE","seed_source_timestamp":0,"circlet_count":0,"master_deck":["Defend_G","Defend_G","Defend_G","Defend_G","Defend_G","Strike_G","Strike_G","Survivor","Neutralize","Riddle With Holes","Slice","Masterful Stab","Crippling Poison","Slice","Backstab+1","Flying Knee","Dagger Spray+1","Impatience","Well Laid Plans","Dagger Throw","Poisoned Stab"],"special_seed":0,"relics":["Empty Cage","PreservedInsect","Omamori","Membership Card","Dream Catcher"],"potions_floor_usage":[],"damage_taken":[{"damage":0.0,"enemies":"Small Slimes","floor":1.0,"turns":5.0},{"damage":0.0,"enemies":"2 Louse","floor":2.0,"turns":2.0},{"damage":5.0,"enemies":"Jaw Worm","floor":3.0,"turns":5.0},{"damage":1.0,"enemies":"Exordium Wildlife","floor":4.0,"turns":6.0},{"damage":0.0,"enemies":"Large Slime","floor":5.0,"turns":5.0},{"damage":48.0,"enemies":"Lagavulin","floor":6.0,"turns":9.0},{"damage":0.0,"enemies":"Looter","floor":8.0,"turns":2.0},{"damage":4.0,"enemies":"Gremlin Gang","floor":11.0,"turns":4.0},{"damage":0,"enemies":"Blue Slaver","floor":14,"turns":3},{"damage":40,"enemies":"Hexaghost","floor":16,"turns":9}],"seed_played":"-3508137143307668301","potions_obtained":[{"floor":1.0,"key":"SkillPotion"},{"floor":2.0,"key":"Ancient Potion"},{"floor":4.0,"key":"Block Potion"},{"floor":8.0,"key":"PowerPotion"}],"is_trial":false,"path_per_floor":["M","M","M","M","M","E","R","M","T","?","M","?","$","M","R"],"character_chosen":"THE_SILENT","items_purchased":["Membership Card","Dream Catcher","Impatience","Well Laid Plans"],"campfire_rested":2,"item_purchase_floors":[13,13,13,13],"current_hp_per_floor":[70,70,65,64,64,16,37,37,37,37,33,19,19,19,40,0],"gold":62,"neow_bonus":"BOSS_RELIC","is_prod":false,"is_daily":false,"chose_seed":false,"campfire_upgraded":0,"win_rate":0.0,"timestamp":1541001581,"path_taken":["M","M","M","M","M","E","R","M","T","?","M","?","?","M","R","BOSS"],"build_version":"2018-10-25v2","purchased_purges":1,"victory":false,"max_hp_per_floor":[70,70,70,70,70,70,70,70,70,70,70,70,70,70,70,70],"card_choices":[{"not_picked":["Dash","Predator"],"picked":"Riddle With Holes","floor":1.0},{"not_picked":["Reflex","Deadly Poison"],"picked":"Slice","floor":2.0},{"not_picked":["PiercingWail","Calculated Gamble"],"picked":"Masterful Stab","floor":3.0},{"not_picked":["Bane","Poisoned Stab"],"picked":"Crippling Poison","floor":4.0},{"not_picked":["Flying Knee","Riddle With Holes"],"picked":"Slice","floor":5.0},{"not_picked":["Wraith Form v2","Reflex"],"picked":"Backstab","floor":6.0},{"not_picked":["Dodge and Roll","Outmaneuver"],"picked":"Flying Knee","floor":8.0},{"not_picked":["Bane","Heel Hook"],"picked":"Dagger Spray","floor":11.0},{"not_picked":["Heel Hook","Skewer"],"picked":"Dagger Throw","floor":14},{"not_picked":["Deadly Poison","Sucker Punch"],"picked":"Poisoned Stab","floor":15}],"player_experience":63230,"relics_obtained":[{"floor":6.0,"key":"PreservedInsect"},{"floor":9.0,"key":"Omamori"}],"event_choices":[{"damage_healed":0.0,"max_hp_gain":0.0,"max_hp_loss":0.0,"gold_gain":175.0,"event_name":"Liars Game","player_choice":"AGREE","floor":10.0,"gold_loss":0.0,"damage_taken":0.0,"cards_obtained":["Doubt"]},{"damage_healed":0.0,"max_hp_gain":0.0,"max_hp_loss":0.0,"gold_gain":0.0,"event_name":"Shining Light","player_choice":"Entered Light","floor":12.0,"gold_loss":0.0,"damage_taken":14.0,"cards_upgraded":["Backstab","Dagger Spray"]}],"is_beta":false,"boss_relics":[],"items_purged_floors":[13],"is_endless":false,"potions_floor_spawned":[1,2,4,8,14],"killed_by":"Hexaghost","ascension_level":0}