{"gold_per_floor":[119,138,154,229,229,259,259,149,149,149,159,190,34,34],"floor_reached":14,"playtime":462,"items_purged":["Strike_R"],"score":196,"play_id":"bf440388-da8a-45d1-aa75-ab9216d32fd4","local_time":"20181114211247","is_ascension_mode":true,"campfire_choices":[{"floor":7,"key":"REST"},{"data":"Bash","floor":10,"key":"SMITH"}],"neow_cost":"NONE","seed_source_timestamp":4734491795461889,"circlet_count":0,"master_deck":["AscendersBane","Strike_R","Strike_R","Strike_R","Defend_R","Defend_R","Defend_R","Defend_R","Bash+1","Dramatic Entrance","Twin Strike","Iron Wave","Double Tap","Body Slam","Clothesline","True Grit","Ghostly Armor","Headbutt","Evolve"],"relics":["Burning Blood","Question Card","Boot","Blue Candle"],"potions_floor_usage":[12,14],"damage_taken":[{"damage":0,"enemies":"2 Louse","floor":1,"turns":2},{"damage":0,"enemies":"Small Slimes","floor":2,"turns":2},{"damage":7,"enemies":"Cultist","floor":3,"turns":4},{"damage":51,"enemies":"Lagavulin","floor":6,"turns":8},{"damage":11,"enemies":"3 Louse","floor":11,"turns":3},{"damage":27,"enemies":"Gremlin Nob","floor":12,"turns":4},{"damage":15,"enemies":"Large Slime","floor":14,"turns":5}],"seed_played":"-1123042747276969828","potions_obtained":[{"floor":3,"key":"FearPotion"},{"floor":11,"key":"Dexterity Potion"},{"floor":12,"key":"LiquidBronze"}],"is_trial":false,"path_per_floor":["M","M","M","?","?","E","R","$","T","R","M","E","$","M"],"character_chosen":"IRONCLAD","items_purchased":["Clothesline","True Grit","Evolve"],"campfire_rested":1,"item_purchase_floors":[8,8,13],"current_hp_per_floor":[74,75,74,63,63,18,40,40,40,40,35,14,14,0],"gold":34,"neow_bonus":"RANDOM_COLORLESS","is_prod":false,"is_daily":false,"chose_seed":false,"campfire_upgraded":1,"win_rate":0,"timestamp":1542258767,"path_taken":["M","M","M","?","?","E","R","$","T","R","M","E","$","?"],"build_version":"2018-11-13","purchased_purges":1,"victory":false,"max_hp_per_floor":[75,75,75,75,75,75,75,75,75,75,75,75,75,75],"card_choices":[{"not_picked":["Anger","Flex"],"picked":"Twin Strike","floor":1},{"not_picked":["Dual Wield","Perfected Strike"],"picked":"Iron Wave","floor":2},{"not_picked":["Heavy Blade","Iron Wave"],"picked":"Double Tap","floor":3},{"not_picked":["Havoc","Flex"],"picked":"Body Slam","floor":6},{"not_picked":["Twin Strike","True Grit","Pommel Strike"],"picked":"Ghostly Armor","floor":11},{"not_picked":["Wild Strike","Burning Pact","Clash"],"picked":"Headbutt","floor":12}],"player_experience":1087102,"relics_obtained":[{"floor":6,"key":"Question Card"},{"floor":9,"key":"Boot"},{"floor":12,"key":"Blue Candle"}],"event_choices":[{"damage_healed":0,"gold_gain":75,"player_choice":"Gather Gold","damage_taken":11,"max_hp_gain":0,"max_hp_loss":0,"event_name":"World of Goop","floor":4,"gold_loss":0},{"cards_removed":["Strike_R"],"damage_healed":0,"gold_gain":0,"player_choice":"Purged","damage_taken":0,"max_hp_gain":0,"max_hp_loss":0,"event_name":"Purifier","floor":5,"gold_loss":0}],"is_beta":true,"boss_relics":[],"items_purged_floors":[13],"is_endless":false,"potions_floor_spawned":[3,11,12],"killed_by":"Large Slime","ascension_level":20}