{"gold_per_floor":[111,111,129,146,116,116,41,41,94,94,114,389,389,400,400,400],"floor_reached":16,"playtime":974,"items_purged":["Doubt"],"score":158,"play_id":"4598c097-c6df-4eac-b42b-0f4bcb28e854","local_time":"20190312023329","is_ascension_mode":true,"campfire_choices":[{"data":"Bash","floor":6,"key":"SMITH"},{"data":"Dark Shackles","floor":8,"key":"SMITH"},{"data":"Clothesline","floor":13,"key":"SMITH"},{"data":"Corruption","floor":15,"key":"SMITH"}],"neow_cost":"CURSE","seed_source_timestamp":170454463007296,"circlet_count":0,"master_deck":["AscendersBane","Strike_R","Strike_R","Strike_R","Defend_R","Defend_R","Defend_R","Defend_R","Bash+1","Dark Shackles+1","Flash of Steel","Flex","Corruption+1","True Grit","Sword Boomerang","Metallicize","Clothesline+1","Regret"],"relics":["Burning Blood","Tiny Chest","Odd Mushroom"],"potions_floor_usage":[11,11,16],"damage_taken":[{"damage":1,"enemies":"Small Slimes","floor":1,"turns":5},{"damage":6,"enemies":"Cultist","floor":3,"turns":5},{"damage":5,"enemies":"2 Louse","floor":4,"turns":4},{"damage":7,"enemies":"Looter","floor":5,"turns":4},{"damage":9,"enemies":"The Mushroom Lair","floor":11,"turns":6},{"damage":19,"enemies":"3 Louse","floor":14,"turns":5},{"damage":61,"enemies":"The Guardian","floor":16,"turns":11}],"seed_played":"-2799736019231848580","potions_obtained":[{"floor":3,"key":"Dexterity Potion"},{"floor":4,"key":"EssenceOfSteel"},{"floor":14,"key":"SteroidPotion"}],"is_trial":false,"path_per_floor":["M","?","M","M","M","R","$","R","T","?","?","?","R","M","R","B"],"character_chosen":"IRONCLAD","items_purchased":[],"campfire_rested":0,"item_purchase_floors":[],"current_hp_per_floor":[73,73,73,74,73,73,73,73,73,66,63,63,63,50,50,0],"gold":400,"neow_bonus":"RANDOM_COLORLESS_2","is_prod":false,"is_daily":false,"chose_seed":false,"campfire_upgraded":4,"win_rate":0,"timestamp":1552354409,"path_taken":["M","?","?","M","M","R","$","R","T","?","?","?","R","M","R","BOSS"],"build_version":"2019-02-06","purchased_purges":1,"victory":false,"max_hp_per_floor":[75,75,75,75,75,75,75,75,75,75,75,75,75,75,75,75],"card_choices":[{"not_picked":["Combust","Rampage"],"picked":"Flex","floor":1},{"not_picked":["Combust","Headbutt"],"picked":"True Grit","floor":3},{"not_picked":["Dual Wield","Rupture"],"picked":"Sword Boomerang","floor":4},{"not_picked":["Corruption","True Grit"],"picked":"Metallicize","floor":5},{"not_picked":["Sword Boomerang","Evolve"],"picked":"Clothesline","floor":11},{"not_picked":["Burning Pact","Corruption","Havoc"],"picked":"SKIP","floor":14}],"player_experience":201236,"relics_obtained":[{"floor":9,"key":"Tiny Chest"},{"floor":11,"key":"Odd Mushroom"}],"event_choices":[{"damage_healed":0,"gold_gain":0,"cards_transformed":["Strike_R"],"player_choice":"Transformed","damage_taken":0,"max_hp_gain":0,"max_hp_loss":0,"event_name":"Transmorgrifier","floor":2,"gold_loss":0,"cards_obtained":["Corruption"]},{"cards_removed":["Strike_R"],"damage_healed":0,"gold_gain":0,"player_choice":"Card Removal","damage_taken":7,"max_hp_gain":0,"max_hp_loss":0,"event_name":"Golden Wing","floor":10,"gold_loss":0},{"damage_healed":0,"gold_gain":0,"player_choice":"Fought Mushrooms","damage_taken":0,"max_hp_gain":0,"max_hp_loss":0,"event_name":"Mushrooms","floor":11,"gold_loss":0},{"damage_healed":0,"gold_gain":275,"player_choice":"Desecrate","damage_taken":0,"max_hp_gain":0,"max_hp_loss":0,"event_name":"Golden Shrine","floor":12,"gold_loss":0,"cards_obtained":["Regret"]}],"is_beta":true,"boss_relics":[],"items_purged_floors":[7],"is_endless":false,"potions_floor_spawned":[3,4,14],"killed_by":"The Guardian","ascension_level":16}