{"gold_per_floor":[117,130,144,69,83,117,117,192,192,192,205,205,232,251,251,324,324,344,394,174,155,165,165,193,203,253,288,288],"floor_reached":28,"playtime":1559,"items_purged":[],"score":516,"play_id":"073e6b39-1e07-4106-8562-2614a4904166","local_time":"20180711202656","is_ascension_mode":true,"campfire_choices":[{"data":"Streamline","floor":7,"key":"SMITH"},{"data":"Defragment","floor":10,"key":"SMITH"},{"data":"Defragment","floor":12,"key":"SMITH"},{"data":"Multi-Cast","floor":15,"key":"SMITH"},{"data":"Chill","floor":23,"key":"SMITH"}],"neow_cost":"NONE","seed_source_timestamp":254874988365667,"circlet_count":0,"master_deck":["Strike_B","Strike_B","Strike_B","Strike_B","Defend_B","Defend_B","Defend_B+1","Defend_B+1","Zap","Dualcast","AscendersBane","Chill+1","Defragment+1","Defragment+1","Self Repair","Streamline+1","Multi-Cast+1","Reinforced Body","Conserve Battery","Fission","Electrodynamics","Consume","Static Discharge","Coolheaded","Doom and Gloom+1","Chaos"],"relics":["Velvet Choker","War Paint","Happy Flower","Gremlin Horn","Inserter","Pen Nib","Potion Belt","Juzu Bracelet","Bag of Preparation"],"potions_floor_usage":[6,6,16,24,27,27],"damage_taken":[{"damage":7,"enemies":"Jaw Worm","floor":1,"turns":3},{"damage":0,"enemies":"2 Louse","floor":2,"turns":4},{"damage":4,"enemies":"Small Slimes","floor":3,"turns":3},{"damage":24,"enemies":"Exordium Thugs","floor":5,"turns":7},{"damage":10,"enemies":"Gremlin Nob","floor":6,"turns":3},{"damage":2,"enemies":"Lots of Slimes","floor":11,"turns":5},{"damage":0,"enemies":"3 Sentries","floor":13,"turns":10},{"damage":7,"enemies":"Blue Slaver","floor":14,"turns":3},{"damage":24,"enemies":"The Guardian","floor":16,"turns":10},{"damage":11,"enemies":"Chosen","floor":18,"turns":6},{"damage":20,"enemies":"2 Thieves","floor":21,"turns":4},{"damage":10,"enemies":"Centurion and Healer","floor":22,"turns":7},{"damage":9,"enemies":"Gremlin Leader","floor":24,"turns":6},{"damage":2,"enemies":"Sentry and Sphere","floor":25,"turns":3},{"damage":21,"enemies":"Book of Stabbing","floor":27,"turns":6},{"damage":24,"enemies":"Snake Plant","floor":28,"turns":2}],"seed_played":"5133983627181141258","potions_obtained":[{"floor":3,"key":"FearPotion"},{"floor":5,"key":"Explosive Potion"},{"floor":11,"key":"PowerPotion"},{"floor":13,"key":"SpeedPotion"},{"floor":16,"key":"SteroidPotion"},{"floor":25,"key":"Swift Potion"}],"is_trial":false,"path_per_floor":["M","M","M","$","M","E","R","?","T","R","M","R","E","M","R","B",null,"M","?","$","M","M","R","E","M","T","E"],"character_chosen":"DEFECT","items_purchased":["Self Repair","Pen Nib","Static Discharge"],"campfire_rested":0,"item_purchase_floors":[4,20,20],"current_hp_per_floor":[57,57,53,53,36,33,33,33,33,33,31,31,38,31,31,14,57,53,53,53,40,37,37,35,33,33,19,0],"gold":288,"neow_bonus":"BOSS_RELIC","is_prod":false,"is_daily":false,"chose_seed":false,"campfire_upgraded":5,"win_rate":0,"timestamp":1531366016,"path_taken":["M","M","M","$","M","E","R","?","T","R","M","R","E","M","R","BOSS","M","?","$","M","?","R","E","M","T","E","M"],"build_version":"2018-07-10","purchased_purges":0,"victory":false,"max_hp_per_floor":[71,71,71,71,71,71,71,71,71,71,71,71,71,71,71,71,71,71,71,71,71,71,71,71,71,71,71,71],"card_choices":[{"not_picked":["Stack","Force Field"],"picked":"Chill","floor":1},{"not_picked":["Ball Lightning","Go for the Eyes"],"picked":"Defragment","floor":2},{"not_picked":["Barrage","BootSequence"],"picked":"Defragment","floor":3},{"not_picked":["Leap","Coolheaded"],"picked":"Streamline","floor":5},{"not_picked":["Doom and Gloom","Scrape"],"picked":"Multi-Cast","floor":6},{"not_picked":["Gash","Undo"],"picked":"Reinforced Body","floor":11},{"not_picked":["Double Energy","Streamline"],"picked":"Conserve Battery","floor":13},{"not_picked":["Cold Snap","Rebound"],"picked":"Fission","floor":14},{"not_picked":["Buffer","Thunder Strike"],"picked":"Electrodynamics","floor":16},{"not_picked":["Redo","Leap"],"picked":"Consume","floor":18},{"not_picked":["Storm","Beam Cell"],"picked":"Coolheaded","floor":21},{"not_picked":["Gash+1","Leap"],"picked":"Doom and Gloom+1","floor":22},{"not_picked":["Ball Lightning","Steam+1"],"picked":"Chaos","floor":24},{"not_picked":["Turbo+1","Scrape","Consume"],"picked":"SKIP","floor":25},{"not_picked":["Amplify","Redo","Consume+1"],"picked":"SKIP","floor":27},{"not_picked":["Amplify","Redo","Consume+1"],"picked":"SKIP","floor":27}],"player_experience":809736,"relics_obtained":[{"floor":6,"key":"War Paint"},{"floor":9,"key":"Happy Flower"},{"floor":13,"key":"Gremlin Horn"},{"floor":24,"key":"Potion Belt"},{"floor":26,"key":"Juzu Bracelet"},{"floor":27,"key":"Bag of Preparation"}],"event_choices":[{"event_name":"Golden Wing","player_choice":"Gained Gold","floor":8,"damage_taken":0},{"event_name":"Nest","player_choice":"Stole From Cult","floor":19,"damage_taken":0}],"boss_relics":[{"not_picked":["Philosopher\u0027s Stone","Pandora\u0027s Box"],"picked":"Inserter"}],"items_purged_floors":[],"is_endless":false,"potions_floor_spawned":[3,5,11,13,16,18,22,25],"killed_by":"Snake Plant","ascension_level":15}