{"gold_per_floor":[111,111,24,39,59,59,74,74,97,56,56,85,98,120,120,199,199,217,142,154,154,165,165,199,199,199,199,218,247,260,271,271,271],"floor_reached":33,"playtime":1598,"items_purged":[],"score":624,"play_id":"4f6a3eaa-02ae-48e4-b9d4-52b5f03c373a","local_time":"20190327120513","is_ascension_mode":true,"campfire_choices":[{"data":"Terror","floor":6,"key":"SMITH"},{"data":"Choke","floor":8,"key":"SMITH"},{"data":"Dagger Spray","floor":11,"key":"SMITH"},{"data":"Infinite Blades","floor":15,"key":"SMITH"},{"floor":23,"key":"REST"},{"floor":25,"key":"REST"},{"data":"Adrenaline","floor":27,"key":"SMITH"},{"floor":32,"key":"REST"}],"neow_cost":"NONE","seed_source_timestamp":1584204020574700,"circlet_count":0,"master_deck":["AscendersBane","Defend_G","Defend_G","Defend_G","Defend_G","Defend_G","Strike_G+1","Strike_G","Strike_G","Survivor+1","Neutralize+1","Terror+1","PiercingWail","Choke+1","Dagger Spray+1","Infinite Blades+1","Dagger Spray","Slice","Footwork","Adrenaline+1","Predator","Infinite Blades","Footwork","Footwork","Night Terror","Choke","Finisher","Calculated Gamble"],"relics":["Ring of the Snake","Regal Pillow","Lantern","Peace Pipe","Odd Mushroom","Sozu","Letter Opener","Incense Burner","Mercury Hourglass"],"potions_floor_usage":[12,16,18,20],"damage_taken":[{"damage":0,"enemies":"2 Louse","floor":1,"turns":3},{"damage":1,"enemies":"Small Slimes","floor":4,"turns":4},{"damage":0,"enemies":"Cultist","floor":5,"turns":3},{"damage":0,"enemies":"Blue Slaver","floor":7,"turns":3},{"damage":0,"enemies":"Lagavulin","floor":12,"turns":2},{"damage":7,"enemies":"3 Louse","floor":13,"turns":4},{"damage":0,"enemies":"The Mushroom Lair","floor":14,"turns":3},{"damage":17,"enemies":"Hexaghost","floor":16,"turns":10},{"damage":5,"enemies":"Chosen","floor":18,"turns":4},{"damage":10,"enemies":"Shell Parasite","floor":20,"turns":4},{"damage":21,"enemies":"Shelled Parasite and Fungi","floor":22,"turns":3},{"damage":27,"enemies":"Slavers","floor":24,"turns":5},{"damage":11,"enemies":"Snecko","floor":28,"turns":5},{"damage":9,"enemies":"Gremlin Leader","floor":29,"turns":6},{"damage":3,"enemies":"Cultist and Chosen","floor":30,"turns":5},{"damage":11,"enemies":"3 Cultists","floor":31,"turns":4},{"damage":76,"enemies":"Collector","floor":33,"turns":7}],"seed_played":"116793222290716947","potions_obtained":[{"floor":1,"key":"SteroidPotion"},{"floor":4,"key":"SpeedPotion"},{"floor":12,"key":"SpeedPotion"},{"floor":16,"key":"Block Potion"}],"is_trial":false,"path_per_floor":["M","?","?","M","M","R","M","R","T","$","R","E","M","?","R","B",null,"M","?","M","?","M","R","E","R","T","R","M","E","M","M","R","B"],"character_chosen":"THE_SILENT","items_purchased":["Infinite Blades"],"campfire_rested":3,"item_purchase_floors":[10],"current_hp_per_floor":[59,39,39,38,38,38,38,38,38,38,38,38,31,31,31,14,53,48,48,38,38,17,51,24,58,58,58,47,38,35,24,58,0],"gold":271,"neow_bonus":"UPGRADE_CARD","is_prod":false,"is_daily":false,"chose_seed":false,"campfire_upgraded":5,"win_rate":0,"timestamp":1553713513,"path_taken":["M","?","?","M","M","R","M","R","T","$","R","E","?","?","R","BOSS","M","?","M","?","?","R","E","R","T","R","M","E","M","M","R","BOSS"],"build_version":"2019-03-15","purchased_purges":0,"victory":false,"max_hp_per_floor":[66,66,66,66,66,66,66,66,66,66,66,66,66,66,66,66,66,66,66,66,66,66,66,66,66,66,66,66,66,66,66,66,66],"card_choices":[{"not_picked":["Choke","Calculated Gamble"],"picked":"Terror","floor":1},{"not_picked":["Bouncing Flask","Dodge and Roll"],"picked":"PiercingWail","floor":4},{"not_picked":["Poisoned Stab","Tactician"],"picked":"Choke","floor":5},{"not_picked":["Flying Knee","Skewer"],"picked":"Dagger Spray","floor":7},{"not_picked":["Bane","Noxious Fumes"],"picked":"Dagger Spray","floor":12},{"not_picked":["Dagger Spray","Crippling Poison"],"picked":"Slice","floor":13},{"not_picked":["Eviscerate","Bane"],"picked":"Footwork","floor":14},{"not_picked":["Tools of the Trade","Doppelganger"],"picked":"Adrenaline","floor":16},{"not_picked":["Prepared","Blade Dance"],"picked":"Predator","floor":18},{"not_picked":["Slice","Distraction"],"picked":"Infinite Blades","floor":20},{"not_picked":["Sucker Punch","Poisoned Stab"],"picked":"Footwork","floor":22},{"not_picked":["Flying Knee+1","Setup"],"picked":"Footwork","floor":24},{"not_picked":["Bane+1","Outmaneuver"],"picked":"Night Terror","floor":28},{"not_picked":["Underhanded Strike","Skewer"],"picked":"Choke","floor":29},{"not_picked":["Concentrate+1","Setup+1"],"picked":"Finisher","floor":30},{"not_picked":["Dagger Throw","Outmaneuver"],"picked":"Calculated Gamble","floor":31}],"player_experience":3398099,"relics_obtained":[{"floor":9,"key":"Lantern"},{"floor":12,"key":"Peace Pipe"},{"floor":14,"key":"Odd Mushroom"},{"floor":24,"key":"Letter Opener"},{"floor":26,"key":"Incense Burner"},{"floor":29,"key":"Mercury Hourglass"}],"event_choices":[{"damage_healed":0,"gold_gain":0,"player_choice":"Entered Light","damage_taken":20,"max_hp_gain":0,"max_hp_loss":0,"event_name":"Shining Light","floor":2,"gold_loss":0,"cards_upgraded":["Strike_G","Survivor"]},{"damage_healed":0,"gold_gain":0,"player_choice":"Paid Gold","damage_taken":0,"relics_obtained":["Regal Pillow"],"max_hp_gain":0,"max_hp_loss":0,"event_name":"WeMeetAgain","floor":3,"gold_loss":87},{"damage_healed":0,"gold_gain":0,"player_choice":"Fought Mushrooms","damage_taken":0,"max_hp_gain":0,"max_hp_loss":0,"event_name":"Mushrooms","floor":14,"gold_loss":0},{"cards_removed":["Strike_G"],"damage_healed":0,"gold_gain":0,"player_choice":"Gave Gold","damage_taken":0,"max_hp_gain":0,"max_hp_loss":0,"event_name":"Beggar","floor":19,"gold_loss":75},{"cards_removed":["Strike_G"],"damage_healed":0,"gold_gain":0,"player_choice":"Purged","damage_taken":0,"max_hp_gain":0,"max_hp_loss":0,"event_name":"Purifier","floor":21,"gold_loss":0}],"is_beta":true,"boss_relics":[{"not_picked":["White Beast Statue","Eternal Feather"],"picked":"Sozu"}],"items_purged_floors":[],"is_endless":false,"potions_floor_spawned":[1,4,12,16,20,24,30,31],"killed_by":"Collector","ascension_level":20}