{"gold_per_floor":[109,122,122,139,139,139,16,16,16,345,360,360,378,398,398,398],"floor_reached":16,"playtime":1044,"items_purged":["Strike_B"],"score":199,"play_id":"77b75183-df54-4a34-8e2a-03e71655a040","local_time":"20181031212422","is_ascension_mode":true,"campfire_choices":[{"data":"Zap","floor":6,"key":"SMITH"},{"floor":12,"key":"REST"},{"data":"Fission","floor":15,"key":"SMITH"}],"neow_cost":"NONE","seed_source_timestamp":3521403042206423,"circlet_count":0,"master_deck":["Strike_B","Strike_B","Defend_B","Defend_B","Defend_B","Defend_B","Zap+1","Dualcast","AscendersBane","Fission+1","Doom and Gloom","Ball Lightning","Cold Snap","Seek","Compile Driver+1","Cold Snap+1","BootSequence"],"relics":["Cracked Core","The Courier","Molten Egg 2","Emotion Chip","Old Coin"],"potions_floor_usage":[],"damage_taken":[{"damage":4,"enemies":"Small Slimes","floor":1,"turns":4},{"damage":0,"enemies":"2 Louse","floor":2,"turns":3},{"damage":4,"enemies":"Jaw Worm","floor":4,"turns":3},{"damage":19,"enemies":"Lagavulin","floor":10,"turns":6},{"damage":11,"enemies":"Blue Slaver","floor":11,"turns":3},{"damage":2,"enemies":"Red Slaver","floor":13,"turns":3},{"damage":0,"enemies":"Exordium Wildlife","floor":14,"turns":2},{"damage":41,"enemies":"Hexaghost","floor":16,"turns":9}],"seed_played":"6263419301242364544","potions_obtained":[{"floor":1,"key":"SteroidPotion"},{"floor":10,"key":"Fire Potion"},{"floor":11,"key":"Poison Potion"},{"floor":14,"key":"Fire Potion"}],"is_trial":false,"path_per_floor":["M","M","?","M","?","R","$","T","T","E","M","R","M","M","R","B"],"character_chosen":"DEFECT","items_purchased":["Seek"],"campfire_rested":1,"item_purchase_floors":[7],"current_hp_per_floor":[60,60,65,61,50,50,50,50,50,31,20,42,40,40,40,0],"gold":398,"neow_bonus":"TRANSFORM_CARD","is_prod":false,"is_daily":false,"chose_seed":false,"campfire_upgraded":2,"win_rate":0,"timestamp":1541046262,"path_taken":["M","M","?","M","?","R","?","?","T","E","M","R","M","?","R","BOSS"],"build_version":"2018-10-30","purchased_purges":1,"victory":false,"max_hp_per_floor":[71,71,76,76,76,76,76,76,76,76,76,76,76,76,76,76],"card_choices":[{"not_picked":["Tempest","Turbo"],"picked":"Doom and Gloom","floor":1},{"not_picked":["FTL","Gash"],"picked":"Ball Lightning","floor":2},{"not_picked":["White Noise","FTL"],"picked":"Cold Snap","floor":4},{"not_picked":["Melter+1","Reprogram"],"picked":"Compile Driver+1","floor":10},{"not_picked":["Beam Cell+1","Redo","Turbo"],"picked":"SKIP","floor":11},{"not_picked":["Double Energy","Coolheaded"],"picked":"Cold Snap+1","floor":13},{"not_picked":["Beam Cell+1","Lockon+1"],"picked":"BootSequence","floor":14}],"player_experience":1017882,"relics_obtained":[{"floor":8,"key":"Molten Egg 2"},{"floor":9,"key":"Emotion Chip"},{"floor":10,"key":"Old Coin"}],"event_choices":[{"damage_healed":0,"gold_gain":0,"player_choice":"Donut","damage_taken":0,"max_hp_gain":5,"max_hp_loss":0,"event_name":"Big Fish","floor":3,"gold_loss":0},{"damage_healed":0,"gold_gain":0,"player_choice":"Success","damage_taken":11,"relics_obtained":["The Courier"],"max_hp_gain":0,"max_hp_loss":0,"event_name":"Scrap Ooze","floor":5,"gold_loss":0}],"is_beta":true,"boss_relics":[],"items_purged_floors":[7],"is_endless":false,"potions_floor_spawned":[1,10,11,14],"killed_by":"Hexaghost","ascension_level":19}