{"gold_per_floor":[110,127,50,50,0,33,49,49,49,49,66,78,93,122,134,223,235,260,35,53,53,53,78,95,95,95,115,115,115,5,30,30,101,101,118,137,62,162,174,202,202,218,290,320,320,320,333,353,353,353,353],"floor_reached":51,"playtime":5488,"items_purged":["Strike_R"],"score":1439,"play_id":"49fac6f7-296d-4ed6-8670-2c67b9fbc5f6","local_time":"20190425061015","is_ascension_mode":true,"campfire_choices":[{"data":"Uppercut","floor":8,"key":"SMITH"},{"data":"Bash","floor":10,"key":"SMITH"},{"data":"Disarm","floor":15,"key":"SMITH"},{"floor":25,"key":"REST"},{"floor":32,"key":"REST"},{"floor":41,"key":"REST"},{"floor":45,"key":"REST"},{"floor":49,"key":"REST"}],"neow_cost":"NONE","seed_source_timestamp":389339442794754,"circlet_count":0,"master_deck":["AscendersBane","Strike_R","Strike_R","Strike_R","Defend_R","Defend_R","Defend_R","Defend_R","Bash+1","Heavy Blade","Carnage","Uppercut+1","Armaments","Disarm+1","Whirlwind","Flame Barrier","Shrug It Off","Offering","Uppercut+1","Corruption","Battle Trance","Necronomicurse","Impervious","Combust+1","Ghostly+1","Ghostly+1","Ghostly+1","Battle Trance+1","Shrug It Off+1","Feed","Disarm+1","Disarm+1","Armaments+1","Shrug It Off+1","True Grit+1","Rupture+1","Burning Pact+1","Battle Trance+1","Sword Boomerang"],"relics":["Burning Blood","Shuriken","Ornamental Fan","MawBank","Fusion Hammer","Bag of Preparation","Necronomicon","Potion Belt","Toxic Egg 2","Bottled Tornado","Orrery","Gambling Chip","Art of War","Mummified Hand","Oddly Smooth Stone"],"potions_floor_usage":[14,14,23,31,31,33,40,40,51,51],"damage_taken":[{"damage":1,"enemies":"Cultist","floor":1,"turns":3},{"damage":11,"enemies":"Jaw Worm","floor":2,"turns":4},{"damage":26,"enemies":"Gremlin Nob","floor":6,"turns":4},{"damage":1,"enemies":"Small Slimes","floor":7,"turns":3},{"damage":17,"enemies":"Blue Slaver","floor":11,"turns":3},{"damage":15,"enemies":"Exordium Wildlife","floor":12,"turns":4},{"damage":3,"enemies":"3 Louse","floor":13,"turns":5},{"damage":18,"enemies":"3 Sentries","floor":14,"turns":8},{"damage":9,"enemies":"The Guardian","floor":16,"turns":15},{"damage":25,"enemies":"Shell Parasite","floor":18,"turns":6},{"damage":6,"enemies":"Chosen","floor":20,"turns":3},{"damage":9,"enemies":"Slavers","floor":23,"turns":4},{"damage":6,"enemies":"Snake Plant","floor":24,"turns":2},{"damage":11,"enemies":"Chosen and Byrds","floor":27,"turns":4},{"damage":17,"enemies":"Gremlin Leader","floor":31,"turns":3},{"damage":18,"enemies":"Collector","floor":33,"turns":5},{"damage":2,"enemies":"3 Darklings","floor":35,"turns":3},{"damage":0,"enemies":"Orb Walker","floor":36,"turns":3},{"damage":0,"enemies":"Mind Bloom Boss Battle","floor":38,"turns":6},{"damage":6,"enemies":"Transient","floor":39,"turns":6},{"damage":46,"enemies":"Nemesis","floor":40,"turns":15},{"damage":1,"enemies":"3 Darklings","floor":42,"turns":4},{"damage":24,"enemies":"Giant Head","floor":44,"turns":8},{"damage":3,"enemies":"Spire Growth","floor":47,"turns":5},{"damage":1,"enemies":"Transient","floor":48,"turns":6},{"damage":38,"enemies":"Awakened One","floor":50,"turns":14},{"damage":21,"enemies":"Time Eater","floor":51,"turns":13}],"seed_played":"335996285558344394","potions_obtained":[{"floor":6,"key":"Explosive Potion"},{"floor":7,"key":"Ancient Potion"},{"floor":11,"key":"Block Potion"},{"floor":14,"key":"BloodPotion"},{"floor":16,"key":"Explosive Potion"},{"floor":23,"key":"FearPotion"},{"floor":31,"key":"PowerPotion"},{"floor":35,"key":"BloodPotion"},{"floor":38,"key":"GamblersBrew"},{"floor":44,"key":"LiquidBronze"},{"floor":48,"key":"Strength Potion"}],"is_trial":false,"path_per_floor":["M","M","$","?","$","E","M","R","T","R","M","M","M","E","R","B",null,"M","$","M","?","?","E","M","R","T","M","?","?","$","E","R","B",null,"M","M","$","?","M","E","R","M","T","E","R","?","M","M","R","B","B"],"character_chosen":"IRONCLAD","items_purchased":["Uppercut","Armaments","Bag of Preparation","Corruption","Battle Trance+1","Shrug It Off+1"],"campfire_rested":5,"item_purchase_floors":[3,5,19,19,30,30],"current_hp_per_floor":[80,75,75,75,75,55,60,60,60,60,49,40,43,31,31,28,69,50,50,50,50,29,26,26,50,50,45,21,21,21,14,26,14,36,40,43,43,46,46,13,27,32,32,14,28,28,31,36,49,20,0],"gold":353,"neow_bonus":"TEN_PERCENT_HP_BONUS","is_prod":false,"is_daily":false,"chose_seed":false,"campfire_upgraded":3,"win_rate":0,"timestamp":1556165415,"path_taken":["M","M","$","?","?","E","M","R","T","R","M","M","?","E","R","BOSS","M","$","?","?","?","E","M","R","T","?","?","?","$","E","R","BOSS","M","M","$","?","M","E","R","M","T","E","R","?","?","M","R","BOSS","BOSS"],"build_version":"2019-04-23","purchased_purges":1,"victory":false,"max_hp_per_floor":[82,82,82,82,82,82,82,82,82,82,82,82,82,82,82,82,82,82,82,82,82,82,82,82,82,82,82,87,43,43,43,43,43,43,43,43,43,46,46,49,49,49,49,49,49,49,49,49,49,52,52],"card_choices":[{"not_picked":["Second Wind","Perfected Strike"],"picked":"Heavy Blade","floor":1},{"not_picked":["Heavy Blade","Headbutt"],"picked":"Carnage","floor":2},{"not_picked":["Rampage","Infernal Blade","Seeing Red"],"picked":"SKIP","floor":6},{"not_picked":["Warcry","Intimidate"],"picked":"Disarm","floor":7},{"not_picked":["Heavy Blade","Clash"],"picked":"Whirlwind","floor":11},{"not_picked":["Clothesline","Rampage","Armaments"],"picked":"SKIP","floor":12},{"not_picked":["Corruption","Shrug It Off"],"picked":"Flame Barrier","floor":13},{"not_picked":["Flex","Berserk"],"picked":"Shrug It Off","floor":14},{"not_picked":["Limit Break","Exhume"],"picked":"Offering","floor":16},{"not_picked":["Rage","Shrug It Off"],"picked":"Uppercut+1","floor":18},{"not_picked":["Cleave+1","Pummel"],"picked":"Battle Trance","floor":20},{"not_picked":["Flex","Heavy Blade"],"picked":"Impervious","floor":23},{"not_picked":["Disarm","Pummel"],"picked":"Combust+1","floor":24},{"not_picked":["Headbutt","Rampage","Evolve"],"picked":"SKIP","floor":27},{"not_picked":["Bludgeon","Wild Strike","Cleave"],"picked":"SKIP","floor":31},{"not_picked":["Offering+1","Double Tap+1"],"picked":"Feed","floor":33},{"not_picked":["Clothesline","Iron Wave"],"picked":"Disarm+1","floor":34},{"not_picked":["Heavy Blade","Flex+1"],"picked":"Disarm+1","floor":34},{"not_picked":["Anger","Rampage"],"picked":"Armaments+1","floor":34},{"not_picked":["Clash","Infernal Blade+1"],"picked":"Shrug It Off+1","floor":34},{"not_picked":["Thunderclap","Double Tap+1"],"picked":"True Grit+1","floor":35},{"not_picked":["Evolve","Sword Boomerang+1","Shrug It Off+1"],"picked":"SKIP","floor":36},{"not_picked":["Pommel Strike","Juggernaut"],"picked":"Rupture+1","floor":39},{"not_picked":["Wild Strike","Rage+1","Perfected Strike+1"],"picked":"SKIP","floor":40},{"not_picked":["Heavy Blade","Ghostly Armor+1"],"picked":"Burning Pact+1","floor":42},{"not_picked":["Twin Strike","Wild Strike+1"],"picked":"Battle Trance+1","floor":44},{"not_picked":["Clash","Flex+1","Searing Blow"],"picked":"SKIP","floor":47},{"not_picked":["Wild Strike","Battle Trance+1"],"picked":"Sword Boomerang","floor":48}],"player_experience":499404,"relics_obtained":[{"floor":6,"key":"Shuriken"},{"floor":9,"key":"Ornamental Fan"},{"floor":14,"key":"MawBank"},{"floor":22,"key":"Necronomicon"},{"floor":23,"key":"Potion Belt"},{"floor":26,"key":"Toxic Egg 2"},{"floor":31,"key":"Bottled Tornado"},{"floor":38,"key":"Gambling Chip"},{"floor":40,"key":"Art of War"},{"floor":43,"key":"Mummified Hand"},{"floor":44,"key":"Oddly Smooth Stone"}],"event_choices":[{"cards_removed":["Strike_R"],"damage_healed":0,"gold_gain":0,"player_choice":"Purged","damage_taken":0,"max_hp_gain":0,"max_hp_loss":0,"event_name":"Purifier","floor":4,"gold_loss":0},{"damage_healed":0,"gold_gain":0,"player_choice":"Obtained Book","damage_taken":21,"max_hp_gain":0,"max_hp_loss":0,"event_name":"Cursed Tome","floor":22,"gold_loss":0},{"damage_healed":0,"gold_gain":0,"player_choice":"Shed Blood","damage_taken":29,"max_hp_gain":5,"max_hp_loss":0,"event_name":"Forgotten Altar","floor":28,"gold_loss":0},{"damage_healed":0,"gold_gain":0,"player_choice":"Became a Ghost","damage_taken":0,"max_hp_gain":0,"max_hp_loss":44,"event_name":"Ghosts","floor":29,"gold_loss":0,"cards_obtained":["Ghostly","Ghostly","Ghostly"]},{"damage_healed":0,"gold_gain":0,"player_choice":"Fight","damage_taken":0,"max_hp_gain":0,"max_hp_loss":0,"event_name":"MindBloom","floor":38,"gold_loss":0},{"damage_healed":0,"gold_gain":0,"player_choice":"Ignored","damage_taken":0,"max_hp_gain":0,"max_hp_loss":0,"event_name":"SecretPortal","floor":46,"gold_loss":0}],"is_beta":true,"boss_relics":[{"not_picked":["Runic Cube","Empty Cage"],"picked":"Fusion Hammer"},{"not_picked":["Calling Bell","Mark of Pain"],"picked":"Orrery"}],"items_purged_floors":[37],"is_endless":false,"potions_floor_spawned":[6,7,11,14,16,18,23,31,35,38,44,48],"killed_by":"Time Eater","ascension_level":20}