{"gold_per_floor":[364,23,23,35,35,63,63,88,88,88,118,118,118,131,131,209,209,228,36,36,36,36,36,36,36,36,36,65,115,115,125,125,202,202,213,25,40,52,52,79,79,109,109,109,121,121,37,67,67,67],"floor_reached":51,"playtime":3417,"items_purged":["Strike_G","Defend_G"],"score":1647,"play_id":"22fc0621-15af-4a45-80b1-4037e1926f43","local_time":"20190430212539","is_ascension_mode":true,"campfire_choices":[{"floor":7.0,"key":"REST"},{"floor":10,"key":"REST"},{"data":"Leg Sweep","floor":15,"key":"SMITH"},{"data":"Dash","floor":23,"key":"SMITH"},{"data":"Glass Knife","floor":25,"key":"SMITH"},{"data":"Ghostly","floor":27,"key":"SMITH"},{"data":"Corpse Explosion","floor":32,"key":"SMITH"},{"data":"Catalyst","floor":41,"key":"SMITH"},{"data":"Crippling Poison","floor":44,"key":"SMITH"},{"data":"Ghostly","floor":46,"key":"SMITH"},{"data":"Ghostly","floor":49,"key":"SMITH"}],"neow_cost":"TEN_PERCENT_HP_LOSS","seed_source_timestamp":15121326235729,"circlet_count":0,"master_deck":["AscendersBane","Defend_G","Defend_G","Defend_G","Defend_G","Strike_G","Strike_G","Survivor","Neutralize","PiercingWail","Deadly Poison+1","Dash+1","Wraith Form v2+1","Blade Dance","Wraith Form v2+1","Leg Sweep+1","Corpse Explosion+1","Noxious Fumes+1","PiercingWail","Ghostly+1","Ghostly+1","Ghostly+1","Glass Knife+1","Eviscerate","Backflip","Ghostly+1","Wraith Form v2+1","Catalyst+1","Crippling Poison+1","Cloak And Dagger+1"],"special_seed":0,"relics":["Ring of the Snake","Frozen Egg 2","Ginger","Matryoshka","Tough Bandages","Pear","Darkstone Periapt","Bottled Lightning","PreservedInsect","Orichalcum","Singing Bowl","Philosopher\u0027s Stone","Ninja Scroll","Pen Nib","Snecko Eye","Shuriken","Blue Candle","Mercury Hourglass","Letter Opener"],"potions_floor_usage":[14,16,50,50],"damage_taken":[{"damage":8.0,"enemies":"Cultist","floor":1.0,"turns":5.0},{"damage":3.0,"enemies":"Small Slimes","floor":4.0,"turns":4.0},{"damage":21.0,"enemies":"Lagavulin","floor":6.0,"turns":8.0},{"damage":16,"enemies":"3 Sentries","floor":8,"turns":15},{"damage":29,"enemies":"Gremlin Nob","floor":11,"turns":5},{"damage":0,"enemies":"2 Louse","floor":14,"turns":1},{"damage":8,"enemies":"Hexaghost","floor":16,"turns":15},{"damage":20,"enemies":"3 Byrds","floor":18,"turns":5},{"damage":3,"enemies":"Gremlin Leader","floor":28,"turns":5},{"damage":1,"enemies":"Shell Parasite","floor":31,"turns":5},{"damage":12,"enemies":"Collector","floor":33,"turns":11},{"damage":0,"enemies":"3 Darklings","floor":35,"turns":2},{"damage":0,"enemies":"Orb Walker","floor":37,"turns":3},{"damage":0,"enemies":"Transient","floor":38,"turns":6},{"damage":0,"enemies":"Reptomancer","floor":40,"turns":6},{"damage":0,"enemies":"Nemesis","floor":42,"turns":5},{"damage":0,"enemies":"Maw","floor":45,"turns":5},{"damage":0,"enemies":"Giant Head","floor":48,"turns":7},{"damage":0,"enemies":"Time Eater","floor":50,"turns":12}],"seed_played":"-6280464302157974576","potions_obtained":[{"floor":4.0,"key":"AttackPotion"},{"floor":8,"key":"Explosive Potion"},{"floor":11,"key":"EssenceOfSteel"},{"floor":28,"key":"SneckoOil"},{"floor":31,"key":"SneckoOil"},{"floor":35,"key":"Energy Potion"},{"floor":37,"key":"SteroidPotion"}],"is_trial":false,"path_per_floor":["M","$","T","M","?","E","R","E","T","R","E","?","T","M","R","B",null,"M","$","?","$","?","R","?","R","T","R","E","?","?","M","R","B",null,"M","$","M","M","?","E","R","E","T","R","M","R","$","E","R","B",null],"character_chosen":"THE_SILENT","items_purchased":["Frozen Egg 2","Deadly Poison","Noxious Fumes+1","PiercingWail","Catalyst","GhostInAJar"],"campfire_rested":2,"item_purchase_floors":[2,2,19,19,36,47],"current_hp_per_floor":[51,51,51,48,37,16,34,28,28,49,20,20,20,20,20,12,56,38,38,36,36,36,36,36,36,36,36,33,33,33,34,34,22,34,36,36,38,40,40,40,40,42,42,42,44,44,44,44,44,44],"gold":67,"neow_bonus":"TWO_FIFTY_GOLD","is_prod":false,"is_daily":false,"chose_seed":false,"campfire_upgraded":9,"win_rate":0,"timestamp":1556652339,"path_taken":["M","$","?","M","?","E","R","E","T","R","E","?","?","M","R","BOSS","M","$","?","$","?","R","?","R","T","R","E","?","?","M","R","BOSS","M","$","M","M","?","E","R","E","T","R","M","R","$","E","R","BOSS"],"build_version":"2019-04-23","purchased_purges":2,"victory":true,"max_hp_per_floor":[60,60,60,60,60,60,60,70,70,70,70,70,70,70,70,70,70,72,72,36,36,36,36,36,36,36,36,36,36,36,38,38,38,38,40,40,42,44,42,42,42,44,44,44,46,46,46,46,46,46],"card_choices":[{"not_picked":["Flying Knee","Dagger Throw"],"picked":"PiercingWail","floor":1.0},{"not_picked":["Quick Slash","Backflip"],"picked":"Dash","floor":4.0},{"not_picked":["Tactician","Dodge and Roll"],"picked":"Wraith Form v2+1","floor":6.0},{"not_picked":["Blur","Terror"],"picked":"Blade Dance","floor":8},{"not_picked":["Dodge and Roll","Endless Agony"],"picked":"Wraith Form v2+1","floor":11},{"not_picked":["Outmaneuver","Skewer"],"picked":"Leg Sweep","floor":14},{"not_picked":["Wraith Form v2+1","Unload"],"picked":"Corpse Explosion","floor":16},{"not_picked":["Prepared","Blade Dance","Masterful Stab"],"picked":"Singing Bowl","floor":18},{"not_picked":["Blur","Concentrate"],"picked":"Backflip","floor":28},{"not_picked":["Blur+1","Dagger Spray","Underhanded Strike"],"picked":"Singing Bowl","floor":31},{"not_picked":["A Thousand Cuts+1","Tools of the Trade+1"],"picked":"Wraith Form v2+1","floor":33},{"not_picked":["Cloak And Dagger","Bane","Flechettes"],"picked":"Singing Bowl","floor":35},{"not_picked":["Escape Plan","Deflect+1","Deadly Poison"],"picked":"Singing Bowl","floor":37},{"not_picked":["Expertise","PiercingWail","Flying Knee"],"picked":"Singing Bowl","floor":38},{"not_picked":["Unload","Prepared"],"picked":"Crippling Poison","floor":40},{"not_picked":["Finisher","Prepared","Underhanded Strike"],"picked":"Singing Bowl","floor":42},{"not_picked":["Deflect","Sucker Punch+1","Cloak And Dagger"],"picked":"Singing Bowl","floor":45},{"not_picked":["Dagger Throw","Dagger Spray"],"picked":"Cloak And Dagger+1","floor":48}],"player_experience":522325,"relics_obtained":[{"floor":3.0,"key":"Ginger"},{"floor":6.0,"key":"Tough Bandages"},{"floor":8,"key":"Pear"},{"floor":9,"key":"Darkstone Periapt"},{"floor":9,"key":"Bottled Lightning"},{"floor":11,"key":"PreservedInsect"},{"floor":13,"key":"Orichalcum"},{"floor":13,"key":"Singing Bowl"},{"floor":26,"key":"Ninja Scroll"},{"floor":28,"key":"Pen Nib"},{"floor":40,"key":"Shuriken"},{"floor":42,"key":"Blue Candle"},{"floor":43,"key":"Mercury Hourglass"},{"floor":48,"key":"Letter Opener"}],"event_choices":[{"damage_healed":0.0,"max_hp_gain":0.0,"max_hp_loss":0.0,"gold_gain":0.0,"event_name":"Scrap Ooze","player_choice":"Success","floor":5.0,"gold_loss":0.0,"damage_taken":11.0,"relics_obtained":["Matryoshka"]},{"damage_healed":0,"gold_gain":0,"player_choice":"Grow","damage_taken":0,"max_hp_gain":0,"max_hp_loss":0,"event_name":"Living Wall","floor":12,"gold_loss":0,"cards_upgraded":["Deadly Poison"]},{"damage_healed":0,"gold_gain":0,"player_choice":"Became a Ghost","damage_taken":0,"max_hp_gain":0,"max_hp_loss":36,"event_name":"Ghosts","floor":20,"gold_loss":0,"cards_obtained":["Ghostly","Ghostly","Ghostly"]},{"damage_healed":0,"gold_gain":0,"player_choice":"Ignored","damage_taken":0,"max_hp_gain":0,"max_hp_loss":0,"event_name":"Vampires","floor":22,"gold_loss":0},{"damage_healed":0,"gold_gain":0,"cards_transformed":["Strike_G","Strike_G"],"player_choice":"Became Test Subject","damage_taken":0,"max_hp_gain":0,"max_hp_loss":0,"event_name":"Drug Dealer","floor":24,"gold_loss":0,"cards_obtained":["Glass Knife","Eviscerate"]},{"damage_healed":0,"gold_gain":50,"player_choice":"Stole From Cult","damage_taken":0,"max_hp_gain":0,"max_hp_loss":0,"event_name":"Nest","floor":29,"gold_loss":0},{"damage_healed":0,"gold_gain":0,"player_choice":"Copied","damage_taken":0,"max_hp_gain":0,"max_hp_loss":0,"event_name":"Duplicator","floor":30,"gold_loss":0,"cards_obtained":["Ghostly"]},{"damage_healed":0,"gold_gain":0,"player_choice":"Max HP","damage_taken":0,"max_hp_gain":0,"max_hp_loss":2,"event_name":"Winding Halls","floor":39,"gold_loss":0}],"is_beta":true,"boss_relics":[{"not_picked":["Runic Pyramid","Empty Cage"],"picked":"Philosopher\u0027s Stone"},{"not_picked":["Black Star","Fusion Hammer"],"picked":"Snecko Eye"}],"items_purged_floors":[19,36],"is_endless":false,"potions_floor_spawned":[4,8,11,28,31,35,37],"ascension_level":17}