{"gold_per_floor":[118,137,287,299,35,55,55,55,55,73,73,20,20],"floor_reached":13,"playtime":456,"items_purged":["Doubt"],"score":146,"play_id":"6e4c829f-faf8-4e4d-8b0f-0e48f3bf9294","local_time":"20190320213730","is_ascension_mode":true,"campfire_choices":[{"data":"Bash","floor":8,"key":"SMITH"},{"floor":11,"key":"REST"}],"neow_cost":"NONE","seed_source_timestamp":290626831110084,"circlet_count":0,"master_deck":["AscendersBane","Strike_R","Strike_R","Strike_R","Strike_R+1","Strike_R","Defend_R","Defend_R","Defend_R+1","Defend_R","Bash+1","Clothesline","Flame Barrier","Pommel Strike","Impervious","True Grit"],"relics":["Burning Blood","Happy Flower"],"potions_floor_usage":[6,10,13],"damage_taken":[{"damage":16,"enemies":"Small Slimes","floor":1,"turns":6},{"damage":1,"enemies":"2 Louse","floor":2,"turns":4},{"damage":11,"enemies":"Jaw Worm","floor":4,"turns":5},{"damage":2,"enemies":"Exordium Wildlife","floor":6,"turns":4},{"damage":40,"enemies":"Gremlin Gang","floor":10,"turns":5},{"damage":36,"enemies":"Gremlin Nob","floor":13,"turns":4}],"seed_played":"710711770221712830","potions_obtained":[{"floor":2,"key":"PowerPotion"}],"is_trial":false,"path_per_floor":["M","M","?","M","$","M","?","R","T","M","R","$","E"],"character_chosen":"IRONCLAD","items_purchased":["Flame Barrier","Energy Potion","Pommel Strike","Weak Potion"],"campfire_rested":1,"item_purchase_floors":[5,5,5,12],"current_hp_per_floor":[65,70,70,65,65,69,44,44,44,10,34,34,0],"gold":20,"neow_bonus":"TEN_PERCENT_HP_BONUS","is_prod":false,"is_daily":false,"chose_seed":false,"campfire_upgraded":1,"win_rate":0,"timestamp":1553114250,"path_taken":["M","M","?","M","$","M","?","R","T","M","R","?","E"],"build_version":"2019-03-15","purchased_purges":1,"victory":false,"max_hp_per_floor":[82,82,82,82,82,82,82,82,82,82,82,82,82],"card_choices":[{"not_picked":["Sever Soul","Warcry"],"picked":"Clothesline","floor":1},{"not_picked":["Fire Breathing","Clash","Clothesline"],"picked":"SKIP","floor":2},{"not_picked":["Body Slam","Thunderclap","Clothesline"],"picked":"SKIP","floor":4},{"not_picked":["Headbutt","Anger"],"picked":"Impervious","floor":6},{"not_picked":["Feel No Pain","Fire Breathing"],"picked":"True Grit","floor":10}],"player_experience":353944,"relics_obtained":[{"floor":9,"key":"Happy Flower"}],"event_choices":[{"damage_healed":0,"gold_gain":150,"player_choice":"AGREE","damage_taken":0,"max_hp_gain":0,"max_hp_loss":0,"event_name":"Liars Game","floor":3,"gold_loss":0,"cards_obtained":["Doubt"]},{"damage_healed":0,"gold_gain":0,"player_choice":"Entered Light","damage_taken":25,"max_hp_gain":0,"max_hp_loss":0,"event_name":"Shining Light","floor":7,"gold_loss":0,"cards_upgraded":["Defend_R","Strike_R"]}],"is_beta":true,"boss_relics":[],"items_purged_floors":[5],"is_endless":false,"potions_floor_spawned":[2],"killed_by":"Gremlin Nob","ascension_level":19}