{"gold_per_floor":[112,112,129,4,20,20,46,64,91,110,144,144,144,155,155,155],"floor_reached":16,"playtime":721,"items_purged":[],"score":190,"play_id":"39b1e69f-5977-4299-8ce6-51b42fc72770","local_time":"20190405040127","is_ascension_mode":true,"campfire_choices":[{"data":"Poisoned Stab","floor":6,"key":"SMITH"},{"data":"Footwork","floor":12,"key":"SMITH"},{"floor":15,"key":"REST"}],"neow_cost":"NONE","seed_source_timestamp":188415282959653,"circlet_count":0,"master_deck":["AscendersBane","Defend_G","Defend_G","Defend_G","Defend_G","Defend_G","Strike_G","Strike_G+1","Strike_G+1","Strike_G","Survivor","Neutralize","Deflect","Poisoned Stab+1","Footwork+1","Blade Dance","Adrenaline","Dodge and Roll","Parasite","Bouncing Flask"],"relics":["Ring of the Snake","NeowsBlessing","Whetstone","Regal Pillow","Snake Skull"],"potions_floor_usage":[7,11,11],"damage_taken":[{"damage":0,"enemies":"Jaw Worm","floor":1,"turns":1},{"damage":0,"enemies":"Cultist","floor":3,"turns":1},{"damage":0,"enemies":"Small Slimes","floor":5,"turns":1},{"damage":28,"enemies":"Gremlin Nob","floor":7,"turns":5},{"damage":2,"enemies":"2 Fungi Beasts","floor":8,"turns":3},{"damage":2,"enemies":"Looter","floor":10,"turns":3},{"damage":4,"enemies":"3 Sentries","floor":11,"turns":10},{"damage":10,"enemies":"Gremlin Gang","floor":14,"turns":7},{"damage":67,"enemies":"Hexaghost","floor":16,"turns":11}],"seed_played":"-907568567795292831","potions_obtained":[{"floor":5,"key":"SkillPotion"},{"floor":7,"key":"Strength Potion"}],"is_trial":false,"path_per_floor":["M","?","M","$","M","R","E","M","T","M","E","R","?","M","R","B"],"character_chosen":"THE_SILENT","items_purchased":["Footwork","FearPotion"],"campfire_rested":1,"item_purchase_floors":[4,4],"current_hp_per_floor":[59,59,59,59,59,59,31,29,29,27,23,23,39,29,63,0],"gold":155,"neow_bonus":"THREE_ENEMY_KILL","is_prod":false,"is_daily":false,"chose_seed":false,"campfire_upgraded":2,"win_rate":0,"timestamp":1554429687,"path_taken":["M","?","M","$","?","R","E","M","T","M","E","R","?","M","R","BOSS"],"build_version":"2019-03-15","purchased_purges":0,"victory":false,"max_hp_per_floor":[66,66,66,66,66,66,66,66,66,66,66,66,66,66,66,66],"card_choices":[{"not_picked":["Slice","Backflip"],"picked":"Deflect","floor":1},{"not_picked":["Underhanded Strike","Endless Agony"],"picked":"Poisoned Stab","floor":3},{"not_picked":["Eviscerate","Slice","Bane"],"picked":"SKIP","floor":5},{"not_picked":["Deflect","Sucker Punch"],"picked":"Blade Dance","floor":7},{"not_picked":["Riddle With Holes","Bane"],"picked":"Adrenaline","floor":8},{"not_picked":["Dagger Spray","Cloak And Dagger"],"picked":"Dodge and Roll","floor":10},{"not_picked":["Tactician","Infinite Blades","Bane"],"picked":"SKIP","floor":11},{"not_picked":["Cloak And Dagger","Slice"],"picked":"Bouncing Flask","floor":14}],"player_experience":447254,"relics_obtained":[{"floor":7,"key":"Whetstone"},{"floor":9,"key":"Regal Pillow"},{"floor":11,"key":"Snake Skull"}],"event_choices":[{"cards_removed":["Strike_G"],"damage_healed":0,"gold_gain":0,"player_choice":"Offered Basic","damage_taken":0,"max_hp_gain":0,"max_hp_loss":0,"event_name":"Bonfire Elementals","floor":2,"gold_loss":0},{"damage_healed":16,"gold_gain":0,"player_choice":"Healed and dodged fight","damage_taken":0,"max_hp_gain":0,"max_hp_loss":0,"event_name":"Mushrooms","floor":13,"gold_loss":0,"cards_obtained":["Parasite"]}],"is_beta":true,"boss_relics":[],"items_purged_floors":[],"is_endless":false,"potions_floor_spawned":[5,7,10],"killed_by":"Hexaghost","ascension_level":14}