{"gold_per_floor":[110,129,75,75,150,177,177,5,5,5,20,20,34,363,363,363],"floor_reached":16,"playtime":397,"items_purged":[],"score":266,"play_id":"a7fac2cf-3a0b-49a3-92cf-7fdf4bbfa9b5","local_time":"20190608230647","is_ascension_mode":true,"campfire_choices":[{"data":"Footwork","floor":7,"key":"SMITH"},{"data":"Neutralize","floor":10,"key":"SMITH"},{"data":"Catalyst","floor":12,"key":"SMITH"},{"data":"Sucker Punch","floor":15,"key":"SMITH"}],"neow_cost":"NONE","seed_source_timestamp":3801361250373564,"circlet_count":0,"master_deck":["AscendersBane","Strike_G","Strike_G","Strike_G","Strike_G","Strike_G","Defend_G","Defend_G","Defend_G","Defend_G","Defend_G","Survivor","Neutralize+1","Sucker Punch+1","Footwork+1","Corpse Explosion","Catalyst+1","Backflip"],"relics":["Ring of the Snake","NeowsBlessing","Dodecahedron","Snake Skull","Oddly Smooth Stone","FossilizedHelix","Old Coin"],"potions_floor_usage":[16],"damage_taken":[{"damage":0,"enemies":"2 Louse","floor":1,"turns":1},{"damage":0,"enemies":"Jaw Worm","floor":2,"turns":1},{"damage":0,"enemies":"Gremlin Nob","floor":6,"turns":1},{"damage":0,"enemies":"Cultist","floor":11,"turns":4},{"damage":0,"enemies":"Looter","floor":13,"turns":3},{"damage":7,"enemies":"3 Sentries","floor":14,"turns":4},{"damage":39,"enemies":"Slime Boss","floor":16,"turns":9}],"seed_played":"-7786927658773375445","potions_obtained":[{"floor":1,"key":"SteroidPotion"},{"floor":14,"key":"LiquidBronze"}],"is_trial":false,"path_per_floor":["M","M","$","?","?","E","R","$","T","R","M","R","M","E","R","B"],"character_chosen":"THE_SILENT","items_purchased":["Fire Potion","Oddly Smooth Stone"],"campfire_rested":0,"item_purchase_floors":[3,8],"current_hp_per_floor":[59,59,59,54,43,43,43,43,43,43,43,43,43,36,36,0],"gold":363,"neow_bonus":"THREE_ENEMY_KILL","is_prod":false,"is_daily":false,"chose_seed":false,"campfire_upgraded":4,"win_rate":0,"timestamp":1560060407,"path_taken":["M","M","$","?","?","E","R","?","T","R","M","R","?","E","R","BOSS"],"build_version":"2019-06-07","purchased_purges":0,"victory":false,"max_hp_per_floor":[66,66,66,66,66,66,66,66,66,66,66,66,66,66,66,66],"card_choices":[{"not_picked":["Endless Agony","Flying Knee"],"picked":"Sucker Punch","floor":1},{"not_picked":["Deadly Poison","Slice"],"picked":"Footwork","floor":2},{"not_picked":["PiercingWail","Acrobatics"],"picked":"Corpse Explosion","floor":6},{"not_picked":["Terror","Slice"],"picked":"Catalyst","floor":11},{"not_picked":["Setup","Blade Dance","Sucker Punch"],"picked":"SKIP","floor":13},{"not_picked":["Quick Slash","Predator"],"picked":"Backflip","floor":14}],"player_experience":1341509,"relics_obtained":[{"floor":6,"key":"Snake Skull"},{"floor":9,"key":"FossilizedHelix"},{"floor":14,"key":"Old Coin"}],"event_choices":[{"damage_healed":0,"gold_gain":0,"player_choice":"Success","damage_taken":5,"relics_obtained":["Dodecahedron"],"max_hp_gain":0,"max_hp_loss":0,"event_name":"Scrap Ooze","floor":4,"gold_loss":0},{"damage_healed":0,"gold_gain":75,"player_choice":"Gather Gold","damage_taken":11,"max_hp_gain":0,"max_hp_loss":0,"event_name":"World of Goop","floor":5,"gold_loss":0}],"is_beta":true,"boss_relics":[],"items_purged_floors":[],"is_endless":false,"potions_floor_spawned":[1,11,14],"killed_by":"Slime Boss","ascension_level":20}