{"gold_per_floor":[218,236,254,270,40,73,73,99,99,99,274,288,288,19,19,121,121,134,134,148,22,22,22,52,80,80,114,114,129,29,29,29,130,130,140,188,207,207,207,207,429,463,514,547,547,561,7,27,27,27],"floor_reached":51,"playtime":5462,"items_purged":["Doubt","Strike_P+1","Strike_P+1"],"score":966,"play_id":"9caf0c25-8095-4934-aa3b-5eeb5576ce89","local_time":"20190913184630","is_ascension_mode":true,"campfire_choices":[{"data":"Adaptation","floor":7.0,"key":"SMITH"},{"data":"Crescendo","floor":10.0,"key":"SMITH"},{"data":"Protect","floor":15.0,"key":"SMITH"},{"data":"FlyingSleeves","floor":23.0,"key":"SMITH"},{"floor":28.0,"key":"REST"},{"floor":32.0,"key":"REST"},{"floor":40,"key":"REST"},{"floor":49,"key":"REST"}],"neow_cost":"NONE","seed_source_timestamp":7909341198700,"circlet_count":0,"master_deck":["Strike_P+1","Strike_P+1","Defend_P+1","Defend_P+1","Defend_P+1","Defend_P+1","Eruption+1","Vigilance+1","Protect+1","EmptyFist","Crescendo+1","FearNoEvil+1","EmptyBody+1","InnerPeace+1","FlurryOfBlows+1","FlyingSleeves+1","Crescendo+1","Adaptation+1","Establishment","Judgement+1","LessonLearned+1","CrushJoints+1","EmptyMind+1","SandsOfTime+1","Devotion+1","Necronomicurse","Vault+1","CarveReality+1","ClearTheMind+1","Swift Strike+1","MentalFortress+1","ThirdEye","Adaptation"],"special_seed":0,"relics":["PureWater","Orrery","Molten Egg 2","Sundial","Yang","OrangePellets","VioletLotus","Art of War","Red Mask","FossilizedHelix","Bronze Scales","Necronomicon","Fusion Hammer","Gambling Chip","MealTicket","Regal Pillow","War Paint","Boot","TheAbacus"],"potions_floor_usage":[50,50],"damage_taken":[{"damage":0.0,"enemies":"Cultist","floor":1.0,"turns":2.0},{"damage":0.0,"enemies":"2 Louse","floor":2.0,"turns":2.0},{"damage":0.0,"enemies":"Small Slimes","floor":3.0,"turns":3.0},{"damage":12.0,"enemies":"3 Louse","floor":4.0,"turns":4.0},{"damage":5.0,"enemies":"3 Sentries","floor":6.0,"turns":5.0},{"damage":18.0,"enemies":"Gremlin Nob","floor":8.0,"turns":3.0},{"damage":0.0,"enemies":"Looter","floor":12.0,"turns":3.0},{"damage":1.0,"enemies":"The Guardian","floor":16.0,"turns":7.0},{"damage":6.0,"enemies":"3 Byrds","floor":18.0,"turns":3.0},{"damage":12.0,"enemies":"2 Thieves","floor":20.0,"turns":2.0},{"damage":0.0,"enemies":"Cultist and Chosen","floor":22.0,"turns":1.0},{"damage":7.0,"enemies":"Book of Stabbing","floor":24.0,"turns":4.0},{"damage":0.0,"enemies":"Masked Bandits","floor":25.0,"turns":3.0},{"damage":20.0,"enemies":"Gremlin Leader","floor":27.0,"turns":6.0},{"damage":0.0,"enemies":"Centurion and Healer","floor":29.0,"turns":6.0},{"damage":5.0,"enemies":"Champ","floor":33.0,"turns":7.0},{"damage":0.0,"enemies":"Orb Walker","floor":35.0,"turns":2.0},{"damage":3.0,"enemies":"2 Orb Walkers","floor":36.0,"turns":4.0},{"damage":12.0,"enemies":"3 Darklings","floor":37.0,"turns":4.0},{"damage":0.0,"enemies":"Maw","floor":38.0,"turns":2.0},{"damage":0,"enemies":"Nemesis","floor":42,"turns":4},{"damage":0,"enemies":"Reptomancer","floor":44,"turns":4},{"damage":15,"enemies":"4 Shapes","floor":46,"turns":4},{"damage":0,"enemies":"Jaw Worm Horde","floor":48,"turns":3},{"damage":39,"enemies":"Donu and Deca","floor":50,"turns":7}],"seed_played":"-3304208501232243414","potions_obtained":[{"floor":2.0,"key":"Regen Potion"},{"floor":6.0,"key":"SmokeBomb"},{"floor":12.0,"key":"SteroidPotion"},{"floor":18.0,"key":"StancePotion"},{"floor":33.0,"key":"FearPotion"},{"floor":35.0,"key":"SmokeBomb"},{"floor":36.0,"key":"GamblersBrew"},{"floor":42,"key":"Energy Potion"}],"is_trial":false,"path_per_floor":["M","M","M","M","$","E","R","E","T","R","?","M","?","$","R","B",null,"M","?","M","$","M","R","E","?","T","E","R","M","$","?","R","B",null,"M","?","M","M","?","R","?","E","T","E","?","M","$","M","R","B",null],"character_chosen":"WATCHER","items_purchased":["Orrery","Adaptation","OrangePellets","Block Potion","EmptyMind","LiquidBronze","ThirdEye","Boot","TheAbacus","Adaptation"],"campfire_rested":4,"item_purchase_floors":[5,5,14,14,21,21,47,47,47,47],"current_hp_per_floor":[65,65,65,53,53,60,60,42,42,42,42,42,29,29,29,28,56,50,50,38,38,38,38,31,31,31,11,30,30,30,14,33,28,56,56,53,41,41,41,60,60,60,60,60,60,45,60,60,62,23],"gold":27,"neow_bonus":"HUNDRED_GOLD","is_prod":false,"is_daily":false,"chose_seed":false,"campfire_upgraded":4,"win_rate":0,"timestamp":1568393190,"path_taken":["M","M","?","M","$","E","R","E","T","R","?","M","?","$","R","BOSS","M","?","M","$","M","R","E","?","T","E","R","M","?","?","R","BOSS","M","?","M","M","?","R","?","E","T","E","?","M","$","M","R","BOSS"],"build_version":"2019-09-12","purchased_purges":3,"victory":true,"max_hp_per_floor":[65,65,65,65,65,65,65,65,65,65,65,65,65,65,65,65,65,65,65,65,65,65,65,65,65,65,65,65,65,65,65,65,65,65,65,65,65,65,65,65,65,65,65,65,62,62,62,62,62,62],"card_choices":[{"not_picked":["CrushJoints","ThirdEye"],"picked":"Protect","floor":1.0},{"not_picked":["FlurryOfBlows","ClearTheMind"],"picked":"EmptyFist","floor":2.0},{"not_picked":["SpiritShield","FlurryOfBlows"],"picked":"Crescendo","floor":3.0},{"not_picked":["Devotion","SandsOfTime"],"picked":"FearNoEvil","floor":4.0},{"not_picked":["FlyingSleeves","CrushJoints"],"picked":"EmptyBody","floor":5.0},{"not_picked":["Consecrate","EmptyFist"],"picked":"InnerPeace","floor":5.0},{"not_picked":["ClearTheMind","SpiritShield"],"picked":"FlurryOfBlows","floor":5.0},{"not_picked":["EmptyFist","CrushJoints"],"picked":"FlyingSleeves","floor":5.0},{"not_picked":["Weave","Wish"],"picked":"Crescendo","floor":5.0},{"not_picked":["Vengeance","BowlingBash"],"picked":"Establishment","floor":6.0},{"not_picked":["Vengeance","Sanctity"],"picked":"Judgement","floor":8.0},{"not_picked":["BowlingBash+1","EmptyFist+1","ClearTheMind"],"picked":"SKIP","floor":12.0},{"not_picked":["Wish","Alpha"],"picked":"LessonLearned+1","floor":16.0},{"not_picked":["BowlingBash+1","EmptyFist+1"],"picked":"CrushJoints+1","floor":18.0},{"not_picked":["Halt","Establishment","EmptyFist+1"],"picked":"SKIP","floor":20.0},{"not_picked":["FlyingSleeves+1","Judgement","EmptyBody"],"picked":"SKIP","floor":24.0},{"not_picked":["JustLucky+1","WaveOfTheHand"],"picked":"SandsOfTime+1","floor":25.0},{"not_picked":["CrushJoints+1","Tantrum+1","CutThroughFate+1"],"picked":"SKIP","floor":27.0},{"not_picked":["EmptyBody","Vengeance+1"],"picked":"Devotion","floor":29.0},{"not_picked":["Pray","Nirvana"],"picked":"Vault+1","floor":33.0},{"not_picked":["Crescendo","Consecrate+1"],"picked":"CarveReality+1","floor":35.0},{"not_picked":["Consecrate+1","Prostrate"],"picked":"ClearTheMind","floor":36.0},{"not_picked":["Halt+1","BowlingBash+1","Sanctity"],"picked":"SKIP","floor":37.0},{"not_picked":["Madness","Panacea"],"picked":"Swift Strike+1","floor":39},{"not_picked":["Judgement","CrushJoints+1","FollowUp+1"],"picked":"SKIP","floor":42},{"not_picked":["Judgement","CrushJoints+1","FollowUp+1"],"picked":"SKIP","floor":42},{"not_picked":["Crescendo+1","Clarity+1"],"picked":"MentalFortress+1","floor":44},{"not_picked":["EmptyFist+1","WindmillStrike+1","Prostrate+1"],"picked":"SKIP","floor":46},{"not_picked":["JustLucky+1","Prostrate+1","FollowUp+1"],"picked":"SKIP","floor":48}],"player_experience":648997,"relics_obtained":[{"floor":6.0,"key":"Molten Egg 2"},{"floor":8.0,"key":"Sundial"},{"floor":9.0,"key":"Yang"},{"floor":24.0,"key":"Art of War"},{"floor":25.0,"key":"Red Mask"},{"floor":26.0,"key":"FossilizedHelix"},{"floor":27.0,"key":"Bronze Scales"},{"floor":31.0,"key":"Necronomicon"},{"floor":36.0,"key":"Gambling Chip"},{"floor":42,"key":"MealTicket"},{"floor":43,"key":"Regal Pillow"},{"floor":44,"key":"War Paint"}],"event_choices":[{"damage_healed":0.0,"max_hp_gain":0.0,"max_hp_loss":0.0,"gold_gain":175.0,"event_name":"Liars Game","player_choice":"AGREE","floor":11.0,"gold_loss":0.0,"damage_taken":0.0,"cards_obtained":["Doubt"]},{"damage_healed":0.0,"max_hp_gain":0.0,"max_hp_loss":0.0,"gold_gain":0.0,"event_name":"Shining Light","player_choice":"Entered Light","floor":13.0,"gold_loss":0.0,"damage_taken":13.0,"cards_upgraded":["Crescendo","Defend_P"]},{"damage_healed":0.0,"max_hp_gain":0.0,"max_hp_loss":0.0,"gold_gain":0.0,"event_name":"Back to Basics","player_choice":"Simplicity","floor":19.0,"gold_loss":0.0,"damage_taken":0.0,"cards_upgraded":["Strike_P","Strike_P","Strike_P","Strike_P","Defend_P","Defend_P","Defend_P"]},{"damage_healed":0.0,"max_hp_gain":0.0,"max_hp_loss":0.0,"gold_gain":0.0,"event_name":"Masked Bandits","player_choice":"Fought Bandits","floor":25.0,"gold_loss":0.0,"damage_taken":0.0},{"damage_healed":0.0,"max_hp_gain":0.0,"max_hp_loss":0.0,"gold_gain":0.0,"event_name":"Cursed Tome","player_choice":"Obtained Book","floor":31.0,"gold_loss":0.0,"damage_taken":16.0},{"damage_healed":0.0,"max_hp_gain":0.0,"max_hp_loss":0.0,"gold_gain":0.0,"event_name":"Mysterious Sphere","player_choice":"Fight","floor":36.0,"gold_loss":0.0,"damage_taken":0.0},{"damage_healed":0,"gold_gain":0,"player_choice":"Memory 1","damage_taken":0,"max_hp_gain":0,"max_hp_loss":0,"event_name":"SensoryStone","floor":39,"gold_loss":0},{"damage_healed":0,"gold_gain":222,"player_choice":"Wore Mask","damage_taken":0,"max_hp_gain":0,"max_hp_loss":0,"event_name":"Tomb of Lord Red Mask","floor":41,"gold_loss":0},{"damage_healed":0,"gold_gain":0,"player_choice":"Max HP","damage_taken":0,"max_hp_gain":0,"max_hp_loss":3,"event_name":"Winding Halls","floor":45,"gold_loss":0}],"is_beta":true,"boss_relics":[{"not_picked":["Astrolabe","Runic Dome"],"picked":"VioletLotus"},{"not_picked":["Pandora\u0027s Box","Coffee Dripper"],"picked":"Fusion Hammer"}],"items_purged_floors":[14,30,47],"is_endless":false,"potions_floor_spawned":[2,6,12,18,33,35,36,42,44],"ascension_level":5}