{"gold_per_floor":[113,131,151,151,65,95,106,106,106,125,125,157,173,208,208,279,279,299,312,312,11,111,111,129,129,201,236,236,296,296,346,346,422,422,437,487,537,93,159,189,189,220,220,220],"floor_reached":44,"playtime":2218,"items_purged":["Strike_R"],"score":1033,"play_id":"78d4f264-7e02-407e-807e-3e22f4c823eb","local_time":"20181112200739","is_ascension_mode":true,"campfire_choices":[{"data":"Bash","floor":8.0,"key":"SMITH"},{"data":"Clothesline","floor":11.0,"key":"SMITH"},{"floor":15.0,"key":"REST"},{"data":"1","floor":23.0,"key":"LIFT"},{"floor":25.0,"key":"REST"},{"floor":28.0,"key":"RECALL"},{"data":"Demon Form","floor":30.0,"key":"SMITH"},{"data":"Battle Trance","floor":32.0,"key":"SMITH"},{"floor":41,"key":"REST"}],"neow_cost":"NONE","seed_source_timestamp":0,"circlet_count":0,"master_deck":["AscendersBane","Strike_R","Strike_R","Strike_R","Strike_R","Defend_R","Defend_R","Defend_R","Defend_R","Bash+1","Clothesline+1","Anger","Carnage","Metallicize","Combust","Battle Trance+1","Spot Weakness","Impervious","Sword Boomerang","Demon Form+1","Shrug It Off","Havoc+1","Feed","Battle Trance+1","Double Tap","Evolve+1"],"special_seed":0,"relics":["Burning Blood","Question Card","Thread and Needle","Girya","Vajra","Velvet Choker","SsserpentHead","Meat on the Bone","Kunai","Gremlin Horn","Pantograph","Sozu","Shuriken","DollysMirror","PreservedInsect","Omamori","Red Skull"],"potions_floor_usage":[42],"damage_taken":[{"damage":4.0,"enemies":"Jaw Worm","floor":1.0,"turns":4.0},{"damage":4.0,"enemies":"Small Slimes","floor":2.0,"turns":3.0},{"damage":1.0,"enemies":"Cultist","floor":3.0,"turns":4.0},{"damage":26.0,"enemies":"Gremlin Nob","floor":6.0,"turns":4.0},{"damage":3.0,"enemies":"Blue Slaver","floor":7.0,"turns":5.0},{"damage":6.0,"enemies":"Exordium Thugs","floor":10.0,"turns":5.0},{"damage":23.0,"enemies":"3 Sentries","floor":12.0,"turns":7.0},{"damage":3.0,"enemies":"2 Fungi Beasts","floor":13.0,"turns":3.0},{"damage":30.0,"enemies":"Gremlin Nob","floor":14.0,"turns":5.0},{"damage":11.0,"enemies":"Slime Boss","floor":16.0,"turns":7.0},{"damage":29.0,"enemies":"2 Thieves","floor":18.0,"turns":5.0},{"damage":8.0,"enemies":"Spheric Guardian","floor":19.0,"turns":6.0},{"damage":17.0,"enemies":"Snake Plant","floor":24.0,"turns":4.0},{"damage":24.0,"enemies":"Gremlin Leader","floor":27.0,"turns":7.0},{"damage":19.0,"enemies":"Centurion and Healer","floor":29.0,"turns":5.0},{"damage":7.0,"enemies":"Champ","floor":33.0,"turns":9.0},{"damage":34.0,"enemies":"3 Darklings","floor":35.0,"turns":6.0},{"damage":0.0,"enemies":"3 Shapes","floor":39.0,"turns":5.0},{"damage":34,"enemies":"Nemesis","floor":40,"turns":7},{"damage":70,"enemies":"Reptomancer","floor":42,"turns":5},{"damage":23,"enemies":"Sphere and 2 Shapes","floor":44,"turns":5}],"seed_played":"2737393832698958964","potions_obtained":[{"floor":3.0,"key":"Explosive Potion"},{"floor":6.0,"key":"Strength Potion"},{"floor":18.0,"key":"LiquidBronze"},{"floor":24.0,"key":"Swift Potion"},{"floor":27.0,"key":"PowerPotion"}],"is_trial":false,"path_per_floor":["M","M","M","?","$","E","M","R","T","M","R","E","M","E","R","B",null,"M","M","?","$","?","R","M","R","T","E","R","M","R","T","R","B",null,"M","?","?","$","M","E","R","E","T","M"],"character_chosen":"IRONCLAD","items_purchased":["Carnage","Meat on the Bone","Shuriken","DollysMirror"],"campfire_rested":3,"item_purchase_floors":[5,21,38,38],"current_hp_per_floor":[77,79,82,82,82,62,65,65,65,65,65,48,51,27,51,46,73,50,48,48,48,48,48,49,73,73,55,55,54,54,54,54,78,81,53,53,53,53,62,46,71,19,19,0],"gold":220,"neow_bonus":"TEN_PERCENT_HP_BONUS","is_prod":false,"is_daily":false,"chose_seed":false,"campfire_upgraded":4,"win_rate":0,"timestamp":1542082059,"path_taken":["M","M","M","?","$","E","M","R","T","M","R","E","M","E","R","BOSS","M","M","?","?","?","R","M","R","T","E","R","?","R","?","R","BOSS","M","?","?","?","?","E","R","E","T","M"],"build_version":"2018-11-08","purchased_purges":1,"victory":false,"max_hp_per_floor":[82,82,82,82,82,82,82,82,82,82,82,82,82,82,82,82,82,82,82,82,82,82,82,82,82,82,82,82,82,82,82,82,82,82,82,82,82,82,85,85,85,85,85,88],"card_choices":[{"not_picked":["Perfected Strike","Armaments"],"picked":"Clothesline","floor":1.0},{"not_picked":["Blood for Blood","Clash"],"picked":"Metallicize","floor":2.0},{"not_picked":["Cleave","Warcry"],"picked":"Anger","floor":3.0},{"not_picked":["Ghostly Armor","Perfected Strike"],"picked":"Metallicize","floor":6.0},{"not_picked":["Flex","Twin Strike","Sentinel"],"picked":"Combust","floor":7.0},{"not_picked":["Wild Strike","Bloodletting","Warcry"],"picked":"Battle Trance","floor":10.0},{"not_picked":["Thunderclap","Clash","Body Slam"],"picked":"Spot Weakness","floor":12.0},{"not_picked":["Twin Strike","Sword Boomerang","Ghostly Armor"],"picked":"Impervious","floor":13.0},{"not_picked":["Burning Pact","Shrug It Off","Havoc"],"picked":"Sword Boomerang","floor":14.0},{"not_picked":["Offering","Double Tap","Immolate"],"picked":"Demon Form","floor":16.0},{"not_picked":["Iron Wave","Flame Barrier","Inflame"],"picked":"Shrug It Off","floor":18.0},{"not_picked":["Iron Wave","Bloodletting","Clothesline","Hemokinesis"],"picked":"SKIP","floor":19.0},{"not_picked":["Combust+1","Twin Strike+1","Reckless Charge","Perfected Strike"],"picked":"SKIP","floor":24.0},{"not_picked":["Anger","Pummel","Entrench","Twin Strike"],"picked":"SKIP","floor":27.0},{"not_picked":["Fire Breathing","Flame Barrier","Dual Wield"],"picked":"Havoc+1","floor":29.0},{"not_picked":["Immolate","Impervious","Exhume"],"picked":"Feed","floor":33.0},{"not_picked":["Inflame","Uppercut","Heavy Blade","Rage"],"picked":"SKIP","floor":35.0},{"not_picked":["Pummel+1","Body Slam+1","Cleave+1","Flame Barrier"],"picked":"SKIP","floor":39.0},{"not_picked":["Pummel+1","Body Slam+1","Cleave+1","Flame Barrier"],"picked":"SKIP","floor":39.0},{"not_picked":["Sword Boomerang","Double Tap","Whirlwind","Reckless Charge"],"picked":"SKIP","floor":40},{"not_picked":["Sword Boomerang","Whirlwind","Reckless Charge"],"picked":"Double Tap","floor":40},{"not_picked":["Warcry+1","Anger+1","Body Slam+1"],"picked":"Evolve+1","floor":42}],"player_experience":1072041,"relics_obtained":[{"floor":6.0,"key":"Question Card"},{"floor":9.0,"key":"Thread and Needle"},{"floor":12.0,"key":"Girya"},{"floor":14.0,"key":"Vajra"},{"floor":26.0,"key":"Kunai"},{"floor":27.0,"key":"Gremlin Horn"},{"floor":31.0,"key":"Pantograph"},{"floor":40,"key":"PreservedInsect"},{"floor":42,"key":"Omamori"},{"floor":43,"key":"Red Skull"}],"event_choices":[{"damage_healed":0.0,"max_hp_gain":0.0,"max_hp_loss":0.0,"gold_gain":0.0,"event_name":"The Cleric","player_choice":"Leave","floor":4.0,"gold_loss":0.0,"damage_taken":0.0},{"damage_healed":0.0,"max_hp_gain":0.0,"max_hp_loss":0.0,"gold_gain":0.0,"event_name":"FaceTrader","player_choice":"Trade","floor":20.0,"gold_loss":0.0,"damage_taken":0.0,"relics_obtained":["SsserpentHead"]},{"damage_healed":0.0,"max_hp_gain":0.0,"max_hp_loss":0.0,"gold_gain":50.0,"event_name":"Nest","player_choice":"Stole From Cult","floor":22.0,"gold_loss":0.0,"damage_taken":0.0},{"cards_removed":["Metallicize"],"damage_healed":0.0,"max_hp_gain":0.0,"max_hp_loss":0.0,"gold_gain":0.0,"event_name":"Falling","player_choice":"Removed Power","floor":36.0,"gold_loss":0.0,"damage_taken":0.0},{"damage_healed":0.0,"max_hp_gain":0.0,"max_hp_loss":0.0,"gold_gain":0.0,"event_name":"Tomb of Lord Red Mask","player_choice":"Ignored","floor":37.0,"gold_loss":0.0,"damage_taken":0.0}],"is_beta":true,"boss_relics":[{"not_picked":["Cursed Key","Runic Cube"],"picked":"Velvet Choker"},{"not_picked":["Astrolabe","Empty Cage"],"picked":"Sozu"}],"items_purged_floors":[21],"is_endless":false,"potions_floor_spawned":[3,6,10,18,24,27,39,40,42],"killed_by":"Sphere and 2 Shapes","ascension_level":20}