{"gold_per_floor":[110,185,39,4,23,57,57,91,115,115,132,132,147,165,165,237,237,252,252,84,95,109,109,109,128,128,1,1,35,55,66,66,143,143,163,63,79,79,90,90,125,125,148,166,180,17,33,68,68,68],"floor_reached":50,"playtime":3734,"items_purged":["Bite","Bite"],"score":1168,"play_id":"b7a577a4-b460-4b41-9664-289bddc1c6f7","local_time":"20181222014332","is_ascension_mode":true,"campfire_choices":[{"data":"Zap","floor":7,"key":"SMITH"},{"data":"Defragment","floor":15,"key":"SMITH"},{"data":"Go for the Eyes","floor":23,"key":"SMITH"},{"data":"Loop","floor":28,"key":"SMITH"},{"floor":32,"key":"REST"},{"floor":40,"key":"REST"},{"data":"Bite","floor":42,"key":"PURGE"},{"floor":49,"key":"REST"}],"neow_cost":"NONE","seed_source_timestamp":7944262100736928,"circlet_count":0,"master_deck":["AscendersBane","Defend_B","Defend_B","Defend_B","Defend_B+1","Zap+1","Dualcast+1","Defragment+1","Self Repair","Ball Lightning","Reinforced Body","White Noise","Go for the Eyes+1","Seek+1","Sweeping Beam","Coolheaded","All For One","Loop+1","Bite","Bite","Conserve Battery","Turbo","Gash","Glacier","Compile Driver","Hologram","Echo Form","Darkness","Reprogram+1","Defragment","Sunder+1","Creative AI","Hologram+1"],"relics":["FrozenCore","NeowsBlessing","War Paint","Dream Catcher","DataDisk","Question Card","Bag of Preparation","Fusion Hammer","Peace Pipe","Gremlin Horn","PreservedInsect","Juzu Bracelet"],"potions_floor_usage":[8,8,22,29,33,47],"damage_taken":[{"damage":0,"enemies":"Jaw Worm","floor":1,"turns":1},{"damage":0,"enemies":"Small Slimes","floor":5,"turns":1},{"damage":0,"enemies":"Lagavulin","floor":6,"turns":1},{"damage":23,"enemies":"Gremlin Nob","floor":8,"turns":4},{"damage":0,"enemies":"Cultist","floor":11,"turns":3},{"damage":6,"enemies":"3 Louse","floor":13,"turns":4},{"damage":0,"enemies":"Exordium Thugs","floor":14,"turns":2},{"damage":3,"enemies":"The Guardian","floor":16,"turns":11},{"damage":7,"enemies":"Chosen","floor":18,"turns":6},{"damage":26,"enemies":"3 Byrds","floor":21,"turns":6},{"damage":14,"enemies":"Cultist and Chosen","floor":22,"turns":8},{"damage":13,"enemies":"Centurion and Healer","floor":25,"turns":10},{"damage":32,"enemies":"Book of Stabbing","floor":29,"turns":6},{"damage":23,"enemies":"3 Cultists","floor":30,"turns":6},{"damage":15,"enemies":"Snake Plant","floor":31,"turns":7},{"damage":68,"enemies":"Champ","floor":33,"turns":21},{"damage":1,"enemies":"Orb Walker","floor":35,"turns":4},{"damage":0,"enemies":"3 Shapes","floor":37,"turns":6},{"damage":54,"enemies":"3 Darklings","floor":39,"turns":8},{"damage":21,"enemies":"Giant Head","floor":41,"turns":13},{"damage":2,"enemies":"Maw","floor":44,"turns":9},{"damage":0,"enemies":"4 Shapes","floor":45,"turns":8},{"damage":21,"enemies":"Jaw Worm Horde","floor":47,"turns":3},{"damage":18,"enemies":"Reptomancer","floor":48,"turns":8},{"damage":75,"enemies":"Awakened One","floor":50,"turns":11}],"seed_played":"-7400004918014511649","potions_obtained":[{"floor":5,"key":"Weak Potion"},{"floor":6,"key":"PowerPotion"},{"floor":14,"key":"PowerPotion"},{"floor":16,"key":"SteroidPotion"},{"floor":21,"key":"Fire Potion"},{"floor":25,"key":"EssenceOfSteel"},{"floor":31,"key":"PowerPotion"},{"floor":35,"key":"Ancient Potion"},{"floor":45,"key":"Explosive Potion"},{"floor":48,"key":"Dexterity Potion"}],"is_trial":false,"path_per_floor":["M","?","$","?","M","E","R","E","T","$","M","?","M","M","R","B",null,"M","?","$","M","M","R","?","M","T","$","R","E","M","M","R","B",null,"M","$","M","?","M","R","E","R","T","M","M","$","M","E","R","B"],"character_chosen":"DEFECT","items_purchased":["Self Repair","Cold Snap","DataDisk","Gash","Creative AI"],"campfire_rested":3,"item_purchase_floors":[3,3,20,27,46],"current_hp_per_floor":[64,53,53,70,70,70,70,54,54,54,63,63,66,71,71,71,71,71,71,71,56,63,63,63,71,71,71,71,56,42,44,65,24,59,67,67,71,71,27,48,53,53,53,64,71,71,57,56,71,0],"gold":68,"neow_bonus":"THREE_ENEMY_KILL","is_prod":false,"is_daily":false,"chose_seed":false,"campfire_upgraded":4,"win_rate":0,"timestamp":1545471812,"path_taken":["M","?","$","?","M","E","R","E","T","$","M","?","?","M","R","BOSS","M","?","$","M","M","R","?","M","T","$","R","E","M","M","R","BOSS","M","$","M","?","M","R","E","R","T","M","M","$","M","E","R","BOSS"],"build_version":"2018-12-20","purchased_purges":2,"victory":false,"max_hp_per_floor":[71,71,71,71,71,71,71,71,71,71,71,71,71,71,71,71,71,71,71,71,71,71,71,71,71,71,71,71,71,71,71,71,71,71,71,71,71,71,71,71,71,71,71,71,71,71,71,71,71,71],"card_choices":[{"not_picked":["Redo","Leap"],"picked":"Defragment","floor":1},{"not_picked":["Leap","Barrage"],"picked":"Ball Lightning","floor":5},{"not_picked":["Heatsinks","Recycle"],"picked":"Reinforced Body","floor":6},{"not_picked":["Multi-Cast","Amplify"],"picked":"White Noise","floor":8},{"not_picked":["Rebound","FTL"],"picked":"Go for the Eyes","floor":11},{"not_picked":["Tempest","Auto Shields"],"picked":"Sweeping Beam","floor":13},{"not_picked":["Beam Cell","Steam"],"picked":"Coolheaded","floor":14},{"not_picked":["Hyperbeam","Rainbow"],"picked":"All For One","floor":16},{"not_picked":["Sweeping Beam","Redo"],"picked":"Loop","floor":18},{"not_picked":["Cold Snap+1","Leap"],"picked":"Conserve Battery","floor":21},{"not_picked":["Leap","Rip and Tear"],"picked":"Turbo","floor":22},{"not_picked":["Chill","Fusion","Genetic Algorithm"],"picked":"SKIP","floor":25},{"not_picked":["Streamline","Multi-Cast","Rebound"],"picked":"Glacier","floor":29},{"not_picked":["Streamline","Tempest+1","Static Discharge"],"picked":"Compile Driver","floor":30},{"not_picked":["Beam Cell","Double Energy","Barrage"],"picked":"Hologram","floor":31},{"not_picked":["Core Surge","Seek","Hyperbeam"],"picked":"Echo Form","floor":33},{"not_picked":["Streamline","Compile Driver+1","Doom and Gloom","Steam"],"picked":"SKIP","floor":35},{"not_picked":["White Noise","Conserve Battery","Gash+1"],"picked":"Darkness","floor":37},{"not_picked":["Gash","Rebound","Cold Snap"],"picked":"Reprogram+1","floor":39},{"not_picked":["Stack","Redo","Barrage+1"],"picked":"Defragment","floor":40},{"not_picked":["Consume","Self Repair","Buffer","Beam Cell"],"picked":"SKIP","floor":41},{"not_picked":["Leap","Streamline","Ball Lightning"],"picked":"Sunder+1","floor":44},{"not_picked":["Chill+1","Reinforced Body","Redo","Rebound"],"picked":"SKIP","floor":45},{"not_picked":["Aggregate","Cold Snap","Undo+1","Hologram"],"picked":"SKIP","floor":47},{"not_picked":["Consume","Lockon","Sunder","Reprogram"],"picked":"SKIP","floor":48},{"not_picked":["Double Energy","Steam","Sunder"],"picked":"Hologram+1","floor":49}],"player_experience":1116029,"relics_obtained":[{"floor":6,"key":"War Paint"},{"floor":8,"key":"Blood Vial"},{"floor":9,"key":"Dream Catcher"},{"floor":26,"key":"Question Card"},{"floor":29,"key":"Bag of Preparation"},{"floor":41,"key":"Gremlin Horn"},{"floor":43,"key":"PreservedInsect"},{"floor":48,"key":"Juzu Bracelet"}],"event_choices":[{"damage_healed":0,"gold_gain":75,"player_choice":"Gather Gold","damage_taken":11,"max_hp_gain":0,"max_hp_loss":0,"event_name":"World of Goop","floor":2,"gold_loss":0},{"damage_healed":17,"gold_gain":0,"player_choice":"Healed","damage_taken":0,"max_hp_gain":0,"max_hp_loss":0,"event_name":"The Cleric","floor":4,"gold_loss":35},{"damage_healed":0,"gold_gain":0,"player_choice":"1 cards matched","damage_taken":0,"max_hp_gain":0,"max_hp_loss":0,"event_name":"Match and Keep!","floor":12,"gold_loss":0,"cards_obtained":["Seek"]},{"damage_healed":0,"gold_gain":0,"player_choice":"Became a vampire (Vial)","damage_taken":0,"max_hp_gain":0,"max_hp_loss":0,"event_name":"Vampires","floor":19,"relics_lost":["Blood Vial"],"gold_loss":0,"cards_obtained":["Bite","Bite","Bite","Bite","Bite"]},{"damage_healed":0,"gold_gain":0,"player_choice":"Upgraded","damage_taken":0,"max_hp_gain":0,"max_hp_loss":0,"event_name":"Upgrade Shrine","floor":24,"gold_loss":0,"cards_upgraded":["Seek"]},{"cards_removed":["Cold Snap"],"damage_healed":0,"gold_gain":0,"player_choice":"Gave Card","damage_taken":0,"relics_obtained":["Peace Pipe"],"max_hp_gain":0,"max_hp_loss":0,"event_name":"WeMeetAgain","floor":38,"gold_loss":0}],"is_beta":true,"boss_relics":[{"not_picked":["Black Star","Runic Pyramid"],"picked":"FrozenCore"},{"not_picked":["Runic Dome","Eternal Feather"],"picked":"Fusion Hammer"}],"items_purged_floors":[27,36],"is_endless":false,"potions_floor_spawned":[5,6,14,16,21,25,31,35,39,45,48],"killed_by":"Awakened One","ascension_level":20}