{"gold_per_floor":[113,188,153,53,66,97,97,131,180,190,190,200,200,232,232,306,306,316,316,34,34],"floor_reached":21,"playtime":912,"items_purged":[],"score":407,"play_id":"c5d3dd84-f59c-4560-9b0e-9040388097e3","local_time":"20190905151746","is_ascension_mode":true,"campfire_choices":[{"data":"Zap","floor":7,"key":"SMITH"},{"data":"Streamline","floor":11,"key":"SMITH"},{"data":"Defragment","floor":13,"key":"SMITH"},{"floor":15,"key":"REST"}],"neow_cost":"NONE","seed_source_timestamp":180834040642500,"circlet_count":0,"master_deck":["AscendersBane","Strike_B","Strike_B","Strike_B","Strike_B","Defend_B","Defend_B","Defend_B","Defend_B","Zap+1","Dualcast","Sweeping Beam","Defragment+1","Hologram","Streamline+1","All For One","White Noise","Cold Snap","Thunder Strike","Electrodynamics","Redo"],"relics":["Cracked Core","NeowsBlessing","Strawberry","Bottled Tornado","Omamori","Bottled Flame","Inserter","Molten Egg 2"],"potions_floor_usage":[],"damage_taken":[{"damage":0,"enemies":"2 Louse","floor":1,"turns":1},{"damage":0,"enemies":"Small Slimes","floor":5,"turns":1},{"damage":0,"enemies":"3 Sentries","floor":6,"turns":1},{"damage":34,"enemies":"Gremlin Nob","floor":8,"turns":4},{"damage":2,"enemies":"Jaw Worm","floor":10,"turns":3},{"damage":9,"enemies":"2 Fungi Beasts","floor":12,"turns":3},{"damage":21,"enemies":"3 Sentries","floor":14,"turns":6},{"damage":31,"enemies":"Slime Boss","floor":16,"turns":6},{"damage":24,"enemies":"Chosen","floor":18,"turns":5},{"damage":13,"enemies":"3 Byrds","floor":21,"turns":1}],"seed_played":"-6191282341117486786","potions_obtained":[{"floor":5,"key":"Dexterity Potion"},{"floor":12,"key":"Energy Potion"},{"floor":14,"key":"EssenceOfSteel"}],"is_trial":false,"path_per_floor":["M","?","?","$","M","E","R","E","T","M","R","M","R","E","R","B",null,"M","?","$","M"],"character_chosen":"DEFECT","items_purchased":["Defragment","Hologram","Molten Egg 2"],"campfire_rested":1,"item_purchase_floors":[4,4,20],"current_hp_per_floor":[64,53,70,70,70,77,77,43,43,41,41,32,32,11,34,3,59,35,13,13,0],"gold":34,"neow_bonus":"THREE_ENEMY_KILL","is_prod":false,"is_daily":false,"chose_seed":false,"campfire_upgraded":3,"win_rate":0,"timestamp":1567711066,"path_taken":["M","?","?","$","?","E","R","E","T","M","R","M","R","E","R","BOSS","M","?","$","M"],"build_version":"2019-07-17","purchased_purges":0,"victory":false,"max_hp_per_floor":[71,71,71,71,71,78,78,78,78,78,78,78,78,78,78,78,78,78,83,83,83],"card_choices":[{"not_picked":["Leap","Redo"],"picked":"Sweeping Beam","floor":1},{"not_picked":["Coolheaded","Stack"],"picked":"Streamline","floor":5},{"not_picked":["Coolheaded","Auto Shields"],"picked":"All For One","floor":6},{"not_picked":["Turbo","Sweeping Beam","Barrage"],"picked":"SKIP","floor":8},{"not_picked":["Chaos","Sweeping Beam"],"picked":"White Noise","floor":10},{"not_picked":["Hologram","Go for the Eyes"],"picked":"Cold Snap","floor":12},{"not_picked":["Beam Cell","Auto Shields"],"picked":"Thunder Strike","floor":14},{"not_picked":["Meteor Strike","Creative AI"],"picked":"Electrodynamics","floor":16},{"not_picked":["Cold Snap","Beam Cell"],"picked":"Redo","floor":18}],"player_experience":761948,"relics_obtained":[{"floor":6,"key":"Strawberry"},{"floor":8,"key":"Bottled Tornado"},{"floor":9,"key":"Omamori"},{"floor":14,"key":"Bottled Flame"}],"event_choices":[{"damage_healed":0,"gold_gain":75,"player_choice":"Gather Gold","damage_taken":11,"max_hp_gain":0,"max_hp_loss":0,"event_name":"World of Goop","floor":2,"gold_loss":0},{"damage_healed":17,"gold_gain":0,"player_choice":"Healed","damage_taken":0,"max_hp_gain":0,"max_hp_loss":0,"event_name":"The Cleric","floor":3,"gold_loss":35},{"damage_healed":0,"gold_gain":0,"player_choice":"Shed Blood","damage_taken":27,"max_hp_gain":5,"max_hp_loss":0,"event_name":"Forgotten Altar","floor":19,"gold_loss":0}],"is_beta":false,"boss_relics":[{"not_picked":["Pandora\u0027s Box","White Beast Statue"],"picked":"Inserter"}],"items_purged_floors":[],"is_endless":false,"potions_floor_spawned":[5,12,14,18],"killed_by":"3 Byrds","ascension_level":17}