{"gold_per_floor":[209,209,94,108,121,162,162,181,231,275,289,289,304,333,333,333],"floor_reached":16,"playtime":1034,"items_purged":[],"score":196,"play_id":"119fd7b4-55ba-4fa7-a039-0ddae9dbe747","local_time":"20190311213822","is_ascension_mode":true,"campfire_choices":[{"floor":7,"key":"REST"},{"floor":12,"key":"REST"},{"data":"Armaments","floor":15,"key":"SMITH"}],"neow_cost":"NONE","seed_source_timestamp":152688031574750,"circlet_count":0,"master_deck":["AscendersBane","Strike_R","Strike_R","Strike_R","Strike_R","Strike_R","Defend_R","Defend_R","Defend_R","Defend_R","Bash","Pommel Strike","Injury","True Grit","Ghostly Armor","Inflame","Armaments+1"],"relics":["Burning Blood","Golden Idol","Kunai","Art of War","Ancient Tea Set","Ginger","Odd Mushroom"],"potions_floor_usage":[10,14,14,14,14],"damage_taken":[{"damage":11,"enemies":"Small Slimes","floor":1,"turns":5},{"damage":6,"enemies":"Cultist","floor":4,"turns":3},{"damage":5,"enemies":"2 Louse","floor":5,"turns":3},{"damage":48,"enemies":"3 Sentries","floor":6,"turns":14},{"damage":12,"enemies":"Blue Slaver","floor":8,"turns":4},{"damage":33,"enemies":"Lagavulin","floor":10,"turns":8},{"damage":4,"enemies":"Large Slime","floor":11,"turns":9},{"damage":2,"enemies":"Exordium Wildlife","floor":13,"turns":4},{"damage":15,"enemies":"The Mushroom Lair","floor":14,"turns":5},{"damage":31,"enemies":"Hexaghost","floor":16,"turns":9}],"seed_played":"-8380931555495412124","potions_obtained":[{"floor":6,"key":"GamblersBrew"},{"floor":8,"key":"EntropicBrew"},{"floor":13,"key":"PowerPotion"}],"is_trial":false,"path_per_floor":["M","?","?","M","M","E","R","M","T","E","M","R","M","?","R","B"],"character_chosen":"IRONCLAD","items_purchased":[],"campfire_rested":2,"item_purchase_floors":[],"current_hp_per_floor":[63,63,63,63,64,22,44,38,38,11,13,35,39,30,30,0],"gold":333,"neow_bonus":"HUNDRED_GOLD","is_prod":false,"is_daily":false,"chose_seed":false,"campfire_upgraded":1,"win_rate":0,"timestamp":1552336702,"path_taken":["M","?","?","M","M","E","R","?","T","E","M","R","M","?","R","BOSS"],"build_version":"2019-02-06","purchased_purges":0,"victory":false,"max_hp_per_floor":[75,75,75,75,75,75,75,75,75,75,75,75,75,75,75,75],"card_choices":[{"not_picked":["Iron Wave","Twin Strike"],"picked":"Pommel Strike","floor":1},{"not_picked":["Heavy Blade","Fire Breathing"],"picked":"True Grit","floor":4},{"not_picked":["Intimidate","Pommel Strike"],"picked":"Ghostly Armor","floor":5},{"not_picked":["Clothesline","True Grit"],"picked":"Inflame","floor":6},{"not_picked":["Sword Boomerang","Cleave","Dropkick"],"picked":"SKIP","floor":8},{"not_picked":["Wild Strike","Bloodletting"],"picked":"Armaments","floor":10},{"not_picked":["Sever Soul","Clash","Havoc"],"picked":"SKIP","floor":11},{"not_picked":["Wild Strike","True Grit","Cleave"],"picked":"SKIP","floor":13}],"player_experience":184123,"relics_obtained":[{"floor":6,"key":"Art of War"},{"floor":9,"key":"Ancient Tea Set"},{"floor":10,"key":"Ginger"},{"floor":14,"key":"Odd Mushroom"}],"event_choices":[{"damage_healed":0,"gold_gain":0,"player_choice":"Take Wound","damage_taken":0,"relics_obtained":["Golden Idol"],"max_hp_gain":0,"max_hp_loss":0,"event_name":"Golden Idol","floor":2,"gold_loss":0,"cards_obtained":["Injury"]},{"damage_healed":0,"gold_gain":0,"player_choice":"Paid Gold","damage_taken":0,"relics_obtained":["Kunai"],"max_hp_gain":0,"max_hp_loss":0,"event_name":"WeMeetAgain","floor":3,"gold_loss":115},{"damage_healed":0,"gold_gain":0,"player_choice":"Fought Mushrooms","damage_taken":0,"max_hp_gain":0,"max_hp_loss":0,"event_name":"Mushrooms","floor":14,"gold_loss":0}],"is_beta":true,"boss_relics":[],"items_purged_floors":[],"is_endless":false,"potions_floor_spawned":[6,8,13],"killed_by":"Hexaghost","ascension_level":15}