{"gold_per_floor":[110,128,141,291,302,337,337,337,364,304,304,337,337,349,349,349],"floor_reached":16,"playtime":1198,"items_purged":[],"score":220,"play_id":"2b6ebe00-c9e7-4187-9b67-7724c6a25ed3","local_time":"20190909145926","is_ascension_mode":true,"campfire_choices":[{"floor":7,"key":"REST"},{"data":"Noxious Fumes","floor":11,"key":"SMITH"},{"data":"Deadly Poison","floor":15,"key":"SMITH"}],"neow_cost":"NONE","seed_source_timestamp":5853810911500,"circlet_count":0,"master_deck":["AscendersBane","Strike_G","Strike_G","Strike_G","Strike_G","Defend_G","Defend_G","Defend_G","Defend_G","Defend_G","Survivor","Neutralize","Crippling Poison","Noxious Fumes+1","PiercingWail","Doubt","Flying Knee","Poisoned Stab","Calculated Gamble","Dodge and Roll","Deadly Poison+1"],"relics":["Ring of the Snake","Dream Catcher","Boot","Strawberry"],"potions_floor_usage":[5,6],"damage_taken":[{"damage":0,"enemies":"Cultist","floor":1,"turns":5},{"damage":9,"enemies":"Small Slimes","floor":2,"turns":5},{"damage":2,"enemies":"2 Louse","floor":3,"turns":4},{"damage":0,"enemies":"Large Slime","floor":5,"turns":5},{"damage":47,"enemies":"Gremlin Nob","floor":6,"turns":5},{"damage":4,"enemies":"Looter","floor":10,"turns":5},{"damage":20,"enemies":"3 Sentries","floor":12,"turns":6},{"damage":9,"enemies":"Lots of Slimes","floor":14,"turns":5},{"damage":22,"enemies":"The Guardian","floor":16,"turns":2}],"seed_played":"3590100286126608389","potions_obtained":[{"floor":2,"key":"Explosive Potion"},{"floor":3,"key":"Fire Potion"},{"floor":6,"key":"SteroidPotion"},{"floor":14,"key":"Explosive Potion"}],"is_trial":false,"path_per_floor":["M","M","M","?","M","E","R","?","T","M","R","E","?","M","R","B"],"character_chosen":"THE_SILENT","items_purchased":[],"campfire_rested":1,"item_purchase_floors":[],"current_hp_per_floor":[65,56,54,54,54,7,28,52,52,48,48,35,28,19,19,0],"gold":349,"neow_bonus":"TEN_PERCENT_HP_BONUS","is_prod":false,"is_daily":false,"chose_seed":false,"campfire_upgraded":2,"win_rate":0,"timestamp":1568055566,"path_taken":["M","M","?","?","M","E","R","?","T","M","R","E","?","M","R","BOSS"],"build_version":"2019-07-17","purchased_purges":0,"victory":false,"max_hp_per_floor":[72,72,72,72,72,72,72,72,72,72,72,79,79,79,79,79],"card_choices":[{"not_picked":["Flying Knee","Backstab"],"picked":"Crippling Poison","floor":1},{"not_picked":["Choke","Flying Knee"],"picked":"Noxious Fumes","floor":2},{"not_picked":["Underhanded Strike","Cloak And Dagger"],"picked":"PiercingWail","floor":3},{"not_picked":["Setup","Riddle With Holes"],"picked":"Flying Knee","floor":5},{"not_picked":["Endless Agony","Escape Plan"],"picked":"Poisoned Stab","floor":6},{"not_picked":["Prepared","Expertise"],"picked":"Calculated Gamble","floor":10},{"not_picked":["Slice","Acrobatics"],"picked":"Dodge and Roll","floor":12},{"not_picked":["All Out Attack","Blade Dance"],"picked":"Deadly Poison","floor":14}],"player_experience":780032,"relics_obtained":[{"floor":6,"key":"Dream Catcher"},{"floor":9,"key":"Boot"},{"floor":12,"key":"Strawberry"}],"event_choices":[{"damage_healed":0,"gold_gain":150,"player_choice":"AGREE","damage_taken":0,"max_hp_gain":0,"max_hp_loss":0,"event_name":"Liars Game","floor":4,"gold_loss":0,"cards_obtained":["Doubt"]},{"damage_healed":24,"gold_gain":0,"player_choice":"Banana","damage_taken":0,"max_hp_gain":0,"max_hp_loss":0,"event_name":"Big Fish","floor":8,"gold_loss":0},{"cards_removed":["Strike_G"],"damage_healed":0,"gold_gain":0,"player_choice":"Card Removal","damage_taken":7,"max_hp_gain":0,"max_hp_loss":0,"event_name":"Golden Wing","floor":13,"gold_loss":0}],"is_beta":false,"boss_relics":[],"items_purged_floors":[],"is_endless":false,"potions_floor_spawned":[2,3,6,14],"killed_by":"The Guardian","ascension_level":20}