{"gold_per_floor":[114,74,87,97,117,117,149,149,149,166,166,18,43,60,60,155,155,168,15,15,25,125,155,155,189,215,226,243,243,274,284,284,385,385,403,1,14,14,28,28,62,11,11,24,55,67,83,99,99,99],"floor_reached":50,"playtime":3580,"items_purged":["Defend_B","Strike_B"],"score":681,"play_id":"1ded0b5e-7a49-4aed-847e-d3afe504e31b","local_time":"20181119210633","is_ascension_mode":true,"campfire_choices":[{"data":"Sunder","floor":6.0,"key":"SMITH"},{"floor":8.0,"key":"REST"},{"data":"Streamline","floor":15.0,"key":"SMITH"},{"floor":24.0,"key":"REST"},{"floor":29.0,"key":"REST"},{"floor":32.0,"key":"REST"},{"floor":40,"key":"REST"},{"data":"Hologram","floor":49,"key":"SMITH"}],"neow_cost":"NONE","seed_source_timestamp":0,"circlet_count":0,"master_deck":["Strike_B","Defend_B","Defend_B","Defend_B","Zap+1","Dualcast+1","FTL","Streamline+1","Sunder+1","Gash","Ball Lightning","Steam","Rebound","Cold Snap","Machine Learning+1","Leap","Self Repair+1","Beam Cell+1","Hyperbeam","Hologram+1","Conserve Battery+1","Hello World+1","Redo+1","Static Discharge+1","Amplify","Steam","Self Repair+1","Steam","Leap","Loop+1","Storm+1","Loop+1","Force Field","Conserve Battery+1","Auto Shields+1","Redo","Capacitor+1","Skim","Redo+1","Redo+1"],"special_seed":0,"relics":["Cracked Core","Kunai","Frozen Egg 2","Regal Pillow","Ancient Tea Set","Sozu","Centennial Puzzle","Bag of Marbles","Art of War","Oddly Smooth Stone","Orrery","Vajra","Bottled Lightning","Ginger","Gremlin Horn"],"potions_floor_usage":[50],"damage_taken":[{"damage":8.0,"enemies":"Small Slimes","floor":1.0,"turns":2.0},{"damage":1.0,"enemies":"Cultist","floor":3.0,"turns":3.0},{"damage":11.0,"enemies":"Jaw Worm","floor":4.0,"turns":2.0},{"damage":2.0,"enemies":"3 Louse","floor":5.0,"turns":2.0},{"damage":13.0,"enemies":"3 Sentries","floor":7.0,"turns":6.0},{"damage":9.0,"enemies":"Blue Slaver","floor":10.0,"turns":3.0},{"damage":0.0,"enemies":"Gremlin Nob","floor":13.0,"turns":2.0},{"damage":7.0,"enemies":"Red Slaver","floor":14.0,"turns":2.0},{"damage":5.0,"enemies":"Slime Boss","floor":16.0,"turns":7.0},{"damage":0.0,"enemies":"Spheric Guardian","floor":18.0,"turns":3.0},{"damage":3.0,"enemies":"3 Byrds","floor":21.0,"turns":4.0},{"damage":54.0,"enemies":"Book of Stabbing","floor":23.0,"turns":5.0},{"damage":25.0,"enemies":"Gremlin Leader","floor":25.0,"turns":6.0},{"damage":17.0,"enemies":"Snake Plant","floor":27.0,"turns":3.0},{"damage":14.0,"enemies":"Centurion and Healer","floor":28.0,"turns":4.0},{"damage":25.0,"enemies":"Book of Stabbing","floor":30.0,"turns":5.0},{"damage":24.0,"enemies":"Shelled Parasite and Fungi","floor":31.0,"turns":3.0},{"damage":64.0,"enemies":"Collector","floor":33.0,"turns":10.0},{"damage":22,"enemies":"3 Shapes","floor":35,"turns":4},{"damage":8,"enemies":"3 Darklings","floor":37,"turns":4},{"damage":36,"enemies":"4 Shapes","floor":39,"turns":4},{"damage":1,"enemies":"Giant Head","floor":41,"turns":8},{"damage":5,"enemies":"Transient","floor":44,"turns":5},{"damage":34,"enemies":"Reptomancer","floor":45,"turns":6},{"damage":0,"enemies":"Maw","floor":46,"turns":6},{"damage":18,"enemies":"Spire Growth","floor":47,"turns":4},{"damage":21,"enemies":"Transient","floor":48,"turns":5},{"damage":73,"enemies":"Time Eater","floor":50,"turns":9}],"seed_played":"-953452198978872098","potions_obtained":[{"floor":2.0,"key":"Weak Potion"},{"floor":2.0,"key":"Fire Potion"},{"floor":2.0,"key":"Weak Potion"},{"floor":3.0,"key":"Regen Potion"},{"floor":14.0,"key":"Block Potion"},{"floor":16.0,"key":"SpeedPotion"}],"is_trial":false,"path_per_floor":["M","?","M","M","M","R","E","R","T","M","?","$","E","M","R","B",null,"M","$","?","M","?","E","R","E","T","M","M","R","E","M","R","B",null,"M","$","M","?","M","R","E","$","T","M","E","M","M","M","R","B"],"character_chosen":"DEFECT","items_purchased":["Regal Pillow","Self Repair+1","Loop+1","Vajra","Force Field","Redo"],"campfire_rested":5,"item_purchase_floors":[12,19,36,36,36,42],"current_hp_per_floor":[67,67,66,55,53,53,40,62,62,53,53,53,58,51,51,46,75,75,75,75,72,72,28,65,50,50,43,39,75,60,46,75,21,75,63,63,55,55,39,75,75,75,75,75,61,75,67,66,66,0],"gold":99,"neow_bonus":"REMOVE_CARD","is_prod":false,"is_daily":false,"chose_seed":false,"campfire_upgraded":3,"win_rate":0,"timestamp":1542657993,"path_taken":["M","?","M","?","M","R","E","R","T","M","?","$","E","M","R","BOSS","M","$","?","M","?","E","R","E","T","M","M","R","E","M","R","BOSS","M","$","M","?","M","R","E","$","T","M","E","M","M","M","R","BOSS"],"build_version":"2018-11-15","purchased_purges":2,"victory":false,"max_hp_per_floor":[75,75,75,75,75,75,75,75,75,75,75,75,75,75,75,75,75,75,75,75,75,75,75,75,75,75,75,75,75,75,75,75,75,75,75,75,75,75,75,75,75,75,75,75,75,75,75,75,75,75],"card_choices":[{"not_picked":["Leap","Melter"],"picked":"FTL","floor":1.0},{"not_picked":["Barrage","Leap"],"picked":"Streamline","floor":3.0},{"not_picked":["Skim","Sweeping Beam"],"picked":"Sunder","floor":4.0},{"not_picked":["Leap","Compile Driver"],"picked":"Gash","floor":5.0},{"not_picked":["Beam Cell","Echo Form"],"picked":"Ball Lightning","floor":7.0},{"not_picked":["Reprogram","Rebound"],"picked":"Steam","floor":10.0},{"not_picked":["Turbo","Tempest"],"picked":"Rebound","floor":13.0},{"not_picked":["Rip and Tear","Turbo"],"picked":"Cold Snap","floor":14.0},{"not_picked":["Amplify","Thunder Strike"],"picked":"Machine Learning+1","floor":16.0},{"not_picked":["Ball Lightning","Rebound"],"picked":"Leap","floor":18.0},{"not_picked":["Go for the Eyes","Rebound"],"picked":"Beam Cell+1","floor":21.0},{"not_picked":["Redo","Conserve Battery+1"],"picked":"Hyperbeam","floor":23.0},{"not_picked":["Streamline","Beam Cell"],"picked":"Hologram","floor":25.0},{"not_picked":["Undo","Barrage"],"picked":"Conserve Battery+1","floor":27.0},{"not_picked":["Gash","Rebound"],"picked":"Hello World+1","floor":28.0},{"not_picked":["Buffer+1","Gash"],"picked":"Redo+1","floor":30.0},{"not_picked":["Lockon","Barrage+1"],"picked":"Static Discharge+1","floor":31.0},{"not_picked":["Thunder Strike","Reboot"],"picked":"Amplify","floor":33.0},{"not_picked":["Barrage","Streamline"],"picked":"Steam","floor":34},{"not_picked":["Amplify","Tempest"],"picked":"Self Repair+1","floor":34},{"not_picked":["Streamline","Ball Lightning"],"picked":"Steam","floor":34},{"not_picked":["Turbo","Hologram"],"picked":"Leap","floor":34},{"not_picked":["Go for the Eyes+1","Rebound+1"],"picked":"Loop+1","floor":34},{"not_picked":["Turbo","Reprogram"],"picked":"Storm+1","floor":35},{"not_picked":["Leap","Ball Lightning"],"picked":"Conserve Battery+1","floor":37},{"not_picked":["Recycle+1","Steam+1"],"picked":"Auto Shields+1","floor":39},{"not_picked":["Hello World+1","Reprogram","Sweeping Beam+1"],"picked":"SKIP","floor":41},{"not_picked":["Self Repair+1","Reinforced Body","Hello World+1"],"picked":"SKIP","floor":44},{"not_picked":["Blizzard","Reinforced Body+1"],"picked":"Capacitor+1","floor":45},{"not_picked":["Gash+1","Doom and Gloom+1"],"picked":"Skim","floor":46},{"not_picked":["BootSequence","Turbo+1"],"picked":"Redo+1","floor":47},{"not_picked":["Hologram","Barrage"],"picked":"Redo+1","floor":48}],"player_experience":134609,"relics_obtained":[{"floor":7.0,"key":"Kunai"},{"floor":9.0,"key":"Frozen Egg 2"},{"floor":13.0,"key":"Ancient Tea Set"},{"floor":23.0,"key":"Centennial Puzzle"},{"floor":25.0,"key":"Bag of Marbles"},{"floor":26.0,"key":"Art of War"},{"floor":30.0,"key":"Oddly Smooth Stone"},{"floor":41,"key":"Bottled Lightning"},{"floor":43,"key":"Ginger"},{"floor":45,"key":"Gremlin Horn"}],"event_choices":[{"damage_healed":0.0,"max_hp_gain":0.0,"max_hp_loss":0.0,"gold_gain":0.0,"event_name":"The Woman in Blue","player_choice":"Bought 3 Potions","floor":2.0,"gold_loss":0.0,"damage_taken":0.0},{"damage_healed":0.0,"max_hp_gain":0.0,"max_hp_loss":0.0,"gold_gain":0.0,"event_name":"Living Wall","player_choice":"Grow","floor":11.0,"gold_loss":0.0,"damage_taken":0.0,"cards_upgraded":["Zap"]},{"cards_removed":["Strike_B"],"damage_healed":0.0,"max_hp_gain":0.0,"max_hp_loss":0.0,"gold_gain":0.0,"event_name":"Back to Basics","player_choice":"Elegance","floor":20.0,"gold_loss":0.0,"damage_taken":0.0},{"damage_healed":0.0,"max_hp_gain":0.0,"max_hp_loss":0.0,"gold_gain":100.0,"event_name":"Golden Shrine","player_choice":"Pray","floor":22.0,"gold_loss":0.0,"damage_taken":0.0},{"damage_healed":0,"gold_gain":0,"player_choice":"Upgraded","damage_taken":0,"max_hp_gain":0,"max_hp_loss":0,"event_name":"Upgrade Shrine","floor":38,"gold_loss":0,"cards_upgraded":["Dualcast"]}],"is_beta":true,"boss_relics":[{"not_picked":["Inserter","Philosopher\u0027s Stone"],"picked":"Sozu"},{"not_picked":["Runic Pyramid","Calling Bell"],"picked":"Orrery"}],"items_purged_floors":[19,36],"is_endless":false,"potions_floor_spawned":[3,4,14,16,18,25,27,31,33,35,41,47,48],"killed_by":"Time Eater","ascension_level":1}