{"gold_per_floor":[361,361,386,386,386,417,417,456,482,495,495,573,573,4,4,128,128,146,48,147,161,161,161,204,204,250,250,290,309,343,368,368,499,562,577,351,374,374,374,374,408,408,455,495,8,26,26,60,60,60],"floor_reached":51,"playtime":3772,"items_purged":["Strike_B","Strike_B+1"],"score":1218,"play_id":"98e7978a-5b1d-43ff-9779-2523d0b05915","local_time":"20190515020915","is_ascension_mode":true,"campfire_choices":[{"data":"Sunder","floor":7.0,"key":"SMITH"},{"floor":11.0,"key":"REST"},{"data":"Defragment","floor":13.0,"key":"SMITH"},{"data":"Zap","floor":15,"key":"SMITH"},{"data":"Biased Cognition","floor":23,"key":"SMITH"},{"data":"Glacier","floor":25,"key":"SMITH"},{"data":"Sweeping Beam","floor":27,"key":"SMITH"},{"data":"Creative AI","floor":32,"key":"SMITH"},{"data":"Buffer","floor":40,"key":"SMITH"},{"data":"Coolheaded","floor":42,"key":"SMITH"},{"data":"Defragment","floor":47,"key":"SMITH"},{"floor":49,"key":"REST"}],"neow_cost":"TEN_PERCENT_HP_LOSS","seed_source_timestamp":209874240009442,"circlet_count":0,"master_deck":["AscendersBane","Strike_B+1","Defend_B+1","Defend_B+1","Defend_B+1","Defend_B+1","Zap+1","Dualcast","Defragment+1","Leap","Sunder+1","Streamline+1","Glacier+1","Core Surge","Biased Cognition+1","Ball Lightning","Sweeping Beam+1","Skim+1","Lockon+1","Creative AI+1","Conserve Battery+1","FTL","Cold Snap","Buffer+1","Undo","Self Repair","Coolheaded+1","BootSequence+1","Coolheaded+1","Defragment+1","Go for the Eyes+1","Redo+1"],"special_seed":0,"relics":["Cracked Core","Golden Idol","Bag of Preparation","Bottled Flame","Orichalcum","Dream Catcher","PreservedInsect","Philosopher\u0027s Stone","Smiling Mask","Vajra","Oddly Smooth Stone","Centennial Puzzle","Tiny House","Molten Egg 2","Blood Vial","Pen Nib","Gambling Chip","Happy Flower","Potion Belt"],"potions_floor_usage":[16,16,24,28,28,31,33,41,44,44,46,50],"damage_taken":[{"damage":3.0,"enemies":"2 Louse","floor":1.0,"turns":2.0},{"damage":8.0,"enemies":"Small Slimes","floor":3.0,"turns":3.0},{"damage":6.0,"enemies":"Lagavulin","floor":6.0,"turns":7.0},{"damage":26.0,"enemies":"3 Sentries","floor":8.0,"turns":7.0},{"damage":0.0,"enemies":"Cultist","floor":10.0,"turns":3.0},{"damage":3,"enemies":"Hexaghost","floor":16,"turns":10},{"damage":15,"enemies":"2 Thieves","floor":18,"turns":4},{"damage":0,"enemies":"Spheric Guardian","floor":21,"turns":3},{"damage":2,"enemies":"Slavers","floor":24,"turns":2},{"damage":0,"enemies":"Gremlin Leader","floor":28,"turns":4},{"damage":5,"enemies":"Chosen and Byrds","floor":29,"turns":5},{"damage":12,"enemies":"Book of Stabbing","floor":30,"turns":4},{"damage":1,"enemies":"3 Cultists","floor":31,"turns":3},{"damage":6,"enemies":"Automaton","floor":33,"turns":9},{"damage":5,"enemies":"Orb Walker","floor":35,"turns":3},{"damage":17,"enemies":"3 Shapes","floor":37,"turns":3},{"damage":0,"enemies":"Giant Head","floor":41,"turns":8},{"damage":40,"enemies":"Reptomancer","floor":44,"turns":6},{"damage":0,"enemies":"Spire Growth","floor":46,"turns":8},{"damage":5,"enemies":"Giant Head","floor":48,"turns":8},{"damage":42,"enemies":"Donu and Deca","floor":50,"turns":10}],"seed_played":"-6388265145418518835","potions_obtained":[{"floor":1.0,"key":"Block Potion"},{"floor":3.0,"key":"Weak Potion"},{"floor":10.0,"key":"Energy Potion"},{"floor":18,"key":"SkillPotion"},{"floor":28,"key":"SteroidPotion"},{"floor":30,"key":"Block Potion"},{"floor":31,"key":"Block Potion"},{"floor":34,"key":"Poison Potion"},{"floor":41,"key":"SpeedPotion"},{"floor":44,"key":"EssenceOfSteel"},{"floor":48,"key":"Block Potion"}],"is_trial":false,"path_per_floor":["M","?","M","?","?","E","R","E","T","M","R","?","R","$","R","B",null,"M","$","?","M","?","R","E","R","T","R","E","M","E","M","R","B",null,"M","$","M","?","?","R","E","R","T","E","$","M","R","E","R","B",null],"character_chosen":"DEFECT","items_purchased":["PreservedInsect","Core Surge","Static Discharge","Block Potion","PowerPotion","Sweeping Beam","Explosive Potion","Regen Potion","Self Repair","Coolheaded","Defragment","Gambling Chip","Happy Flower"],"campfire_rested":2,"item_purchase_floors":[14,14,14,14,14,19,19,36,36,36,45,45,45],"current_hp_per_floor":[65,48,40,33,33,27,27,1,1,1,21,21,21,21,21,18,56,41,41,41,41,41,41,39,39,39,39,39,34,22,21,21,15,60,55,55,45,45,45,45,67,67,67,43,43,52,52,56,73,38],"gold":60,"neow_bonus":"TWO_FIFTY_GOLD","is_prod":false,"is_daily":false,"chose_seed":false,"campfire_upgraded":10,"win_rate":0,"timestamp":1557878955,"path_taken":["M","?","M","?","?","E","R","E","T","?","R","?","R","$","R","BOSS","M","$","?","M","?","R","E","R","T","R","E","M","E","M","R","BOSS","M","$","M","?","?","R","E","R","T","E","$","M","R","E","R","BOSS"],"build_version":"2019-05-07","purchased_purges":2,"victory":true,"max_hp_per_floor":[68,68,68,68,68,68,68,68,68,68,68,68,68,68,68,68,68,68,68,68,68,68,68,68,68,68,68,68,68,68,68,68,68,73,73,73,73,73,73,73,73,73,73,73,73,73,73,73,73,73],"card_choices":[{"not_picked":["Skim","Gash"],"picked":"Defragment","floor":1.0},{"not_picked":["Redo","Rip and Tear"],"picked":"Leap","floor":3.0},{"not_picked":["Hello World","All For One"],"picked":"Sunder","floor":6.0},{"not_picked":["Hyperbeam","White Noise","Beam Cell"],"picked":"SKIP","floor":8.0},{"not_picked":["Capacitor","Compile Driver"],"picked":"Streamline","floor":10.0},{"not_picked":["Genetic Algorithm","Conserve Battery"],"picked":"Glacier","floor":11.0},{"not_picked":["Seek","Core Surge"],"picked":"Biased Cognition","floor":16},{"not_picked":["Static Discharge+1","White Noise+1"],"picked":"Ball Lightning","floor":18},{"not_picked":["Streamline","Cold Snap+1"],"picked":"Skim+1","floor":21},{"not_picked":["BootSequence","Reprogram"],"picked":"Lockon+1","floor":24},{"not_picked":["Redo","Rebound"],"picked":"Creative AI","floor":28},{"not_picked":["Hologram","Go for the Eyes"],"picked":"Conserve Battery+1","floor":29},{"not_picked":["Leap","Sweeping Beam"],"picked":"FTL","floor":30},{"not_picked":["Sweeping Beam","Hello World+1"],"picked":"Cold Snap","floor":31},{"not_picked":["Machine Learning","Fission"],"picked":"Buffer","floor":33},{"not_picked":["Auto Shields","Stack+1"],"picked":"Undo","floor":35},{"not_picked":["Double Energy+1","Heatsinks"],"picked":"BootSequence+1","floor":37},{"not_picked":["Leap+1","Redo+1"],"picked":"Coolheaded+1","floor":41},{"not_picked":["BootSequence+1","Sunder+1","Steam"],"picked":"SKIP","floor":44},{"not_picked":["Hologram+1","Gash+1"],"picked":"Go for the Eyes+1","floor":46},{"not_picked":["Steam+1","Go for the Eyes+1"],"picked":"Redo+1","floor":48}],"player_experience":585499,"relics_obtained":[{"floor":6.0,"key":"Bottled Flame"},{"floor":8.0,"key":"Orichalcum"},{"floor":9.0,"key":"Dream Catcher"},{"floor":24,"key":"Smiling Mask"},{"floor":26,"key":"Vajra"},{"floor":28,"key":"Oddly Smooth Stone"},{"floor":30,"key":"Centennial Puzzle"},{"floor":41,"key":"Molten Egg 2"},{"floor":43,"key":"Blood Vial"},{"floor":44,"key":"Pen Nib"},{"floor":48,"key":"Potion Belt"}],"event_choices":[{"damage_healed":0.0,"max_hp_gain":0.0,"max_hp_loss":0.0,"gold_gain":0.0,"event_name":"Golden Idol","player_choice":"Take Damage","floor":2.0,"gold_loss":0.0,"damage_taken":17.0,"relics_obtained":["Golden Idol"]},{"damage_healed":0.0,"max_hp_gain":0.0,"max_hp_loss":0.0,"gold_gain":0.0,"event_name":"Scrap Ooze","player_choice":"Success","floor":4.0,"gold_loss":0.0,"damage_taken":7.0,"relics_obtained":["Bag of Preparation"]},{"cards_removed":["Strike_B"],"damage_healed":0.0,"max_hp_gain":0.0,"max_hp_loss":0.0,"gold_gain":0.0,"event_name":"Purifier","player_choice":"Purged","floor":5.0,"gold_loss":0.0,"damage_taken":0.0},{"damage_healed":0.0,"max_hp_gain":0.0,"max_hp_loss":0.0,"gold_gain":78.0,"event_name":"Golden Wing","player_choice":"Gained Gold","floor":12.0,"gold_loss":0.0,"damage_taken":0.0},{"damage_healed":0,"gold_gain":99,"player_choice":"Stole From Cult","damage_taken":0,"max_hp_gain":0,"max_hp_loss":0,"event_name":"Nest","floor":20,"gold_loss":0},{"damage_healed":0,"gold_gain":0,"player_choice":"Simplicity","damage_taken":0,"max_hp_gain":0,"max_hp_loss":0,"event_name":"Back to Basics","floor":22,"gold_loss":0,"cards_upgraded":["Strike_B","Strike_B","Defend_B","Defend_B","Defend_B","Defend_B"]},{"cards_removed":["Static Discharge"],"damage_healed":0,"gold_gain":0,"player_choice":"Removed Power","damage_taken":0,"max_hp_gain":0,"max_hp_loss":0,"event_name":"Falling","floor":38,"gold_loss":0},{"damage_healed":0,"gold_gain":0,"player_choice":"Memory 1","damage_taken":0,"max_hp_gain":0,"max_hp_loss":0,"event_name":"SensoryStone","floor":39,"gold_loss":0}],"is_beta":true,"boss_relics":[{"not_picked":["FrozenCore","Empty Cage"],"picked":"Philosopher\u0027s Stone"},{"not_picked":["White Beast Statue","Black Star"],"picked":"Tiny House"}],"items_purged_floors":[14,36],"is_endless":false,"potions_floor_spawned":[1,3,10,18,28,30,31,41,44,48],"ascension_level":10}