{"gold_per_floor":[116,126,126,146,157,157,192,2,2,2,21,37,37,50,50,122,122,135,149,163,163],"floor_reached":21,"playtime":1930,"items_purged":[],"score":342,"play_id":"b42520e8-3711-4a5e-b9b3-2460b033a860","local_time":"20190220152017","is_ascension_mode":true,"campfire_choices":[{"floor":6.0,"key":"REST"},{"floor":13,"key":"REST"},{"floor":15,"key":"REST"}],"neow_cost":"PERCENT_DAMAGE","seed_source_timestamp":92314315193265,"circlet_count":0,"master_deck":["AscendersBane","Defend_G","Defend_G","Defend_G","Strike_G","Strike_G","Strike_G","Survivor","Neutralize","Prepared","Well Laid Plans","Calculated Gamble","Leg Sweep","Burst","Apotheosis","Leg Sweep","Noxious Fumes","Dash","Tools of the Trade","Acrobatics+1","A Thousand Cuts+1","Reflex+1","Calculated Gamble","Footwork"],"special_seed":0,"relics":["Ring of the Snake","FossilizedHelix","Ninja Scroll","Blue Candle","Astrolabe"],"potions_floor_usage":[7,16,16,20],"damage_taken":[{"damage":0.0,"enemies":"2 Louse","floor":1.0,"turns":4.0},{"damage":0.0,"enemies":"Cultist","floor":2.0,"turns":4.0},{"damage":2.0,"enemies":"Jaw Worm","floor":4.0,"turns":4.0},{"damage":0.0,"enemies":"Exordium Wildlife","floor":5.0,"turns":4.0},{"damage":49,"enemies":"Gremlin Nob","floor":7,"turns":7},{"damage":0,"enemies":"Looter","floor":11,"turns":3},{"damage":0,"enemies":"Large Slime","floor":12,"turns":8},{"damage":0,"enemies":"Blue Slaver","floor":14,"turns":5},{"damage":8,"enemies":"Slime Boss","floor":16,"turns":11},{"damage":0,"enemies":"3 Byrds","floor":18,"turns":7},{"damage":19,"enemies":"2 Thieves","floor":19,"turns":5},{"damage":20,"enemies":"Chosen and Byrds","floor":20,"turns":6}],"seed_played":"-2773897514858750241","potions_obtained":[{"floor":2.0,"key":"Swift Potion"},{"floor":4.0,"key":"Strength Potion"},{"floor":7,"key":"FearPotion"},{"floor":16,"key":"Swift Potion"},{"floor":18,"key":"SteroidPotion"},{"floor":20,"key":"SteroidPotion"}],"is_trial":false,"path_per_floor":["M","M","?","M","M","R","E","$","T","$","M","M","R","M","R","B",null,"M","M","M","?"],"character_chosen":"THE_SILENT","items_purchased":["Apotheosis"],"campfire_rested":3,"item_purchase_floors":[8],"current_hp_per_floor":[44,44,44,42,42,61,12,12,12,12,12,12,31,31,50,42,60,60,41,21,0],"gold":163,"neow_bonus":"ONE_RARE_RELIC","is_prod":false,"is_daily":false,"chose_seed":false,"campfire_upgraded":0,"win_rate":0,"timestamp":1550694017,"path_taken":["M","M","?","M","?","R","E","$","T","?","M","M","R","M","R","BOSS","M","M","?","?"],"build_version":"2019-01-23","purchased_purges":0,"victory":false,"max_hp_per_floor":[66,66,66,66,66,66,66,66,66,66,66,66,66,66,66,66,66,66,66,66,66],"card_choices":[{"not_picked":["PiercingWail","Eviscerate"],"picked":"Prepared","floor":1.0},{"not_picked":["Tactician","Flechettes"],"picked":"Well Laid Plans","floor":2.0},{"not_picked":["Accuracy","Bane"],"picked":"Calculated Gamble","floor":4.0},{"not_picked":["Predator","PiercingWail"],"picked":"Leg Sweep","floor":5.0},{"not_picked":["Concentrate","Underhanded Strike"],"picked":"Burst","floor":7},{"not_picked":["Prepared","Infinite Blades"],"picked":"Leg Sweep","floor":11},{"not_picked":["PiercingWail","Slice"],"picked":"Noxious Fumes","floor":12},{"not_picked":["Eviscerate","Blade Dance"],"picked":"Dash","floor":14},{"not_picked":["Wraith Form v2","After Image"],"picked":"Tools of the Trade","floor":16},{"not_picked":["Prepared","Setup"],"picked":"Calculated Gamble","floor":18},{"not_picked":["Backflip","Slice","Cloak And Dagger"],"picked":"SKIP","floor":19},{"not_picked":["Backstab","Bane"],"picked":"Footwork","floor":20}],"player_experience":334087,"relics_obtained":[{"floor":7,"key":"Ninja Scroll"},{"floor":9,"key":"Blue Candle"}],"event_choices":[{"cards_removed":["Strike_G"],"damage_healed":0.0,"max_hp_gain":0.0,"max_hp_loss":0.0,"gold_gain":0.0,"event_name":"Bonfire Elementals","player_choice":"Offered Basic","floor":3.0,"gold_loss":0.0,"damage_taken":0.0}],"is_beta":false,"boss_relics":[{"not_picked":["Orrery","Runic Dome"],"picked":"Astrolabe"}],"items_purged_floors":[],"is_endless":false,"potions_floor_spawned":[2,4,5,7,16,18,20],"ascension_level":17}