{"gold_per_floor":[112,127,146,156,171,171,171,171,222,253,272,272,272,290,290,290],"floor_reached":16,"playtime":684,"items_purged":[],"score":208,"play_id":"2b91f152-94c4-40d3-82bf-f646f32b59a1","local_time":"20190321173348","is_ascension_mode":true,"campfire_choices":[{"data":"Bash","floor":6,"key":"SMITH"},{"floor":8,"key":"REST"},{"floor":12,"key":"REST"},{"floor":15,"key":"REST"}],"neow_cost":"NONE","seed_source_timestamp":362177709563086,"circlet_count":0,"master_deck":["AscendersBane","Strike_R","Strike_R","Strike_R","Strike_R","Strike_R","Defend_R","Defend_R","Defend_R","Defend_R","Bash+1","Spot Weakness","Heavy Blade","Flex","Power Through","Sword Boomerang","Corruption"],"relics":["Burning Blood","Self Forming Clay","Pen Nib","Anchor"],"potions_floor_usage":[4,10,16],"damage_taken":[{"damage":2,"enemies":"Cultist","floor":1,"turns":4},{"damage":16,"enemies":"Small Slimes","floor":2,"turns":4},{"damage":0,"enemies":"2 Louse","floor":3,"turns":2},{"damage":11,"enemies":"2 Fungi Beasts","floor":4,"turns":3},{"damage":25,"enemies":"Large Slime","floor":5,"turns":7},{"damage":36,"enemies":"3 Sentries","floor":10,"turns":9},{"damage":4,"enemies":"Looter","floor":11,"turns":3},{"damage":6,"enemies":"Exordium Thugs","floor":14,"turns":3},{"damage":60,"enemies":"The Guardian","floor":16,"turns":10}],"seed_played":"-8392416133328217246","potions_obtained":[{"floor":1,"key":"Dexterity Potion"},{"floor":2,"key":"Strength Potion"},{"floor":3,"key":"LiquidBronze"},{"floor":11,"key":"Block Potion"}],"is_trial":false,"path_per_floor":["M","M","M","M","M","R","?","R","T","E","M","R","?","M","R","B"],"character_chosen":"IRONCLAD","items_purchased":[],"campfire_rested":3,"item_purchase_floors":[],"current_hp_per_floor":[79,69,75,70,51,51,16,40,40,10,12,36,36,36,60,0],"gold":290,"neow_bonus":"TEN_PERCENT_HP_BONUS","is_prod":false,"is_daily":false,"chose_seed":false,"campfire_upgraded":1,"win_rate":0,"timestamp":1553186028,"path_taken":["M","M","M","M","M","R","?","R","T","E","M","R","?","M","R","BOSS"],"build_version":"2019-03-15","purchased_purges":0,"victory":false,"max_hp_per_floor":[82,82,82,82,82,82,82,82,82,82,82,82,82,82,82,82],"card_choices":[{"not_picked":["Warcry","Blood for Blood"],"picked":"Spot Weakness","floor":1},{"not_picked":["Pommel Strike","Rampage"],"picked":"Heavy Blade","floor":2},{"not_picked":["Havoc","Rage","Searing Blow"],"picked":"SKIP","floor":3},{"not_picked":["Rage","Sword Boomerang"],"picked":"Flex","floor":4},{"not_picked":["Second Wind","Infernal Blade"],"picked":"Power Through","floor":5},{"not_picked":["Burning Pact","Sentinel"],"picked":"Sword Boomerang","floor":10},{"not_picked":["Perfected Strike","Searing Blow","Warcry"],"picked":"SKIP","floor":11},{"not_picked":["Combust","Heavy Blade"],"picked":"Corruption","floor":14}],"player_experience":368932,"relics_obtained":[{"floor":9,"key":"Pen Nib"},{"floor":10,"key":"Anchor"}],"event_choices":[{"damage_healed":0,"gold_gain":0,"player_choice":"Success","damage_taken":35,"relics_obtained":["Self Forming Clay"],"max_hp_gain":0,"max_hp_loss":0,"event_name":"Scrap Ooze","floor":7,"gold_loss":0},{"damage_healed":0,"gold_gain":0,"player_choice":"Searched \u00270\u0027 times","damage_taken":0,"max_hp_gain":0,"max_hp_loss":0,"event_name":"Dead Adventurer","floor":13,"gold_loss":0}],"is_beta":true,"boss_relics":[],"items_purged_floors":[],"is_endless":false,"potions_floor_spawned":[1,2,3,11],"killed_by":"The Guardian","ascension_level":20}