{"gold_per_floor":[109,119,43,58,133,133,164,164,164,197,208,220,232,248,248,343,343,358,372,95,195,195,195,221,171,228,262,262,272,283,23,23,23],"floor_reached":33,"playtime":2951,"items_purged":["Amplify"],"score":460,"play_id":"b89c1d50-eeee-4077-b1d9-dca171c660fe","local_time":"20190515224026","is_ascension_mode":true,"campfire_choices":[{"data":"Streamline","floor":6.0,"key":"SMITH"},{"data":"Zap","floor":8.0,"key":"SMITH"},{"floor":15.0,"key":"REST"},{"floor":23.0,"key":"REST"},{"floor":28,"key":"REST"},{"data":"Hologram","floor":32,"key":"SMITH"}],"neow_cost":"NONE","seed_source_timestamp":284148596252979,"circlet_count":0,"master_deck":["AscendersBane","Strike_B","Strike_B","Defend_B","Defend_B","Defend_B","Zap+1","Dualcast","Streamline+1","Chill","Sweeping Beam","Steam","Conserve Battery","Hologram+1","Ball Lightning","Cold Snap","Reinforced Body","Core Surge","Multi-Cast+1","Hyperbeam+1","Sunder+1","Skim+1","Turbo","Recycle","Glacier","Conserve Battery+1","Rainbow"],"special_seed":0,"relics":["Cracked Core","Letter Opener","Kunai","Singing Bowl","Astrolabe","Lantern","Dead Branch","Matryoshka","Art of War","Juzu Bracelet","Tiny Chest","Oddly Smooth Stone","Smiling Mask","Pantograph"],"potions_floor_usage":[33,33],"damage_taken":[{"damage":0.0,"enemies":"Cultist","floor":1.0,"turns":3.0},{"damage":0.0,"enemies":"Small Slimes","floor":2.0,"turns":4.0},{"damage":0.0,"enemies":"2 Louse","floor":4.0,"turns":2.0},{"damage":22.0,"enemies":"Lagavulin","floor":7.0,"turns":6.0},{"damage":32.0,"enemies":"Gremlin Nob","floor":10.0,"turns":5.0},{"damage":5.0,"enemies":"Gremlin Gang","floor":11.0,"turns":3.0},{"damage":1.0,"enemies":"Exordium Wildlife","floor":12.0,"turns":3.0},{"damage":0.0,"enemies":"3 Louse","floor":13.0,"turns":2.0},{"damage":0.0,"enemies":"Gremlin Gang","floor":14.0,"turns":4.0},{"damage":18.0,"enemies":"Hexaghost","floor":16.0,"turns":13.0},{"damage":24.0,"enemies":"Shell Parasite","floor":18.0,"turns":4.0},{"damage":2.0,"enemies":"Spheric Guardian","floor":19.0,"turns":3.0},{"damage":5.0,"enemies":"Colosseum Slavers","floor":21.0,"turns":4.0},{"damage":19.0,"enemies":"Colosseum Nobs","floor":21.0,"turns":3.0},{"damage":21.0,"enemies":"Gremlin Leader","floor":24.0,"turns":9.0},{"damage":4,"enemies":"Book of Stabbing","floor":27,"turns":5},{"damage":11,"enemies":"Centurion and Healer","floor":29,"turns":3},{"damage":0,"enemies":"Snecko","floor":30,"turns":4},{"damage":68,"enemies":"Collector","floor":33,"turns":12}],"seed_played":"1414881503558091372","potions_obtained":[{"floor":2.0,"key":"FocusPotion"},{"floor":12.0,"key":"Swift Potion"},{"floor":13.0,"key":"Energy Potion"},{"floor":14.0,"key":"EssenceOfSteel"},{"floor":16.0,"key":"FocusPotion"},{"floor":19.0,"key":"Ancient Potion"},{"floor":21.0,"key":"Fire Potion"},{"floor":27,"key":"FocusPotion"},{"floor":30,"key":"Dexterity Potion"}],"is_trial":false,"path_per_floor":["M","M","$","M","?","R","E","R","T","E","M","M","M","M","R","B",null,"M","M","$","?","?","R","E","?","T","E","R","M","M","$","R","B"],"character_chosen":"DEFECT","items_purchased":["Sweeping Beam","Steam","Lantern","Turbo","Pantograph"],"campfire_rested":3,"item_purchase_floors":[3,3,20,20,31],"current_hp_per_floor":[68,68,68,68,61,61,39,39,39,7,2,1,1,3,26,8,60,38,36,36,12,12,35,14,14,14,10,33,22,24,24,24,0],"gold":23,"neow_bonus":"ONE_RANDOM_RARE_CARD","is_prod":false,"is_daily":false,"chose_seed":false,"campfire_upgraded":3,"win_rate":0,"timestamp":1557952826,"path_taken":["M","M","?","M","?","R","E","R","T","E","M","M","?","M","R","BOSS","M","M","$","?","?","R","E","?","T","E","R","M","M","$","R","BOSS"],"build_version":"2019-05-07","purchased_purges":1,"victory":false,"max_hp_per_floor":[75,75,75,75,75,75,75,75,75,75,75,75,75,77,77,77,77,79,79,79,79,79,79,79,79,79,79,79,79,81,81,81,81],"card_choices":[{"not_picked":["Turbo","Coolheaded"],"picked":"Streamline","floor":1.0},{"not_picked":["Steam","Turbo"],"picked":"Chill","floor":2.0},{"not_picked":["Barrage","White Noise"],"picked":"Conserve Battery","floor":4.0},{"not_picked":["Beam Cell","Double Energy","Chaos"],"picked":"SKIP","floor":7.0},{"not_picked":["Go for the Eyes","Coolheaded"],"picked":"Hologram","floor":10.0},{"not_picked":["Auto Shields","White Noise"],"picked":"Ball Lightning","floor":11.0},{"not_picked":["Blizzard","All For One"],"picked":"Cold Snap","floor":12.0},{"not_picked":["Compile Driver","Rip and Tear"],"picked":"Reinforced Body","floor":13.0},{"not_picked":["Ball Lightning","Streamline","FTL"],"picked":"Singing Bowl","floor":14.0},{"not_picked":["Seek","Fission"],"picked":"Core Surge","floor":16.0},{"not_picked":["Sweeping Beam","Beam Cell","Leap"],"picked":"Singing Bowl","floor":18.0},{"not_picked":["Aggregate","Conserve Battery+1"],"picked":"Skim+1","floor":19.0},{"not_picked":["Stack+1","Compile Driver"],"picked":"Recycle","floor":21.0},{"not_picked":["Capacitor","Leap"],"picked":"Glacier","floor":24.0},{"not_picked":["Turbo","Fusion"],"picked":"Conserve Battery+1","floor":27},{"not_picked":["Chill+1","Coolheaded"],"picked":"Rainbow","floor":29},{"not_picked":["Cold Snap+1","Conserve Battery","Go for the Eyes"],"picked":"Singing Bowl","floor":30}],"player_experience":592937,"relics_obtained":[{"floor":7.0,"key":"Letter Opener"},{"floor":9.0,"key":"Kunai"},{"floor":10.0,"key":"Singing Bowl"},{"floor":21.0,"key":"Dead Branch"},{"floor":21.0,"key":"Matryoshka"},{"floor":24.0,"key":"Juzu Bracelet"},{"floor":26.0,"key":"Tiny Chest"},{"floor":26.0,"key":"Oddly Smooth Stone"},{"floor":27,"key":"Smiling Mask"}],"event_choices":[{"damage_healed":0.0,"max_hp_gain":0.0,"max_hp_loss":0.0,"gold_gain":75.0,"event_name":"FaceTrader","player_choice":"Touch","floor":5.0,"gold_loss":0.0,"damage_taken":7.0},{"damage_healed":0.0,"max_hp_gain":0.0,"max_hp_loss":0.0,"gold_gain":0.0,"event_name":"Colosseum","player_choice":"Fight","floor":21.0,"gold_loss":0.0,"damage_taken":0.0},{"damage_healed":0.0,"max_hp_gain":0.0,"max_hp_loss":0.0,"gold_gain":0.0,"event_name":"Colosseum","player_choice":"Fought Nobs","floor":21.0,"gold_loss":0.0,"damage_taken":0.0},{"damage_healed":0.0,"max_hp_gain":0.0,"max_hp_loss":0.0,"gold_gain":0.0,"event_name":"The Mausoleum","player_choice":"Opened","floor":22.0,"gold_loss":0.0,"damage_taken":0.0,"relics_obtained":["Art of War"]},{"damage_healed":0.0,"max_hp_gain":0.0,"max_hp_loss":0.0,"gold_gain":0.0,"event_name":"The Joust","player_choice":"Bet on Murderer","floor":25.0,"gold_loss":50.0,"damage_taken":0.0}],"is_beta":true,"boss_relics":[{"not_picked":["Pandora\u0027s Box","Runic Dome"],"picked":"Astrolabe"}],"items_purged_floors":[20],"is_endless":false,"potions_floor_spawned":[2,12,13,14,16,19,21,27,30],"killed_by":"Collector","ascension_level":11}