{"gold_per_floor":[115,115,128,303,253,253,280,290,316,316,316],"floor_reached":11,"playtime":563,"items_purged":[],"score":103,"play_id":"8eb22a2f-cb05-4aac-b1c4-a16eb615f36d","local_time":"20181230000832","is_ascension_mode":true,"campfire_choices":[{"data":"Skewer","floor":6.0,"key":"SMITH"},{"floor":10.0,"key":"REST"}],"neow_cost":"PERCENT_DAMAGE","seed_source_timestamp":0,"circlet_count":0,"master_deck":["Defend_G","Defend_G","Defend_G","Defend_G+1","Defend_G","Strike_G","Strike_G+1","Strike_G","Strike_G","Survivor","Neutralize","Venomology","Skewer+1","Doubt","Dagger Spray","Burst"],"special_seed":0,"relics":["Ring of the Snake","Blood Vial","Anchor"],"potions_floor_usage":[11,11],"damage_taken":[{"damage":2.0,"enemies":"2 Louse","floor":1.0,"turns":3.0},{"damage":1.0,"enemies":"Small Slimes","floor":3.0,"turns":4.0},{"damage":27.0,"enemies":"Lagavulin","floor":7.0,"turns":10.0},{"damage":1.0,"enemies":"Jaw Worm","floor":8.0,"turns":3.0},{"damage":29,"enemies":"Gremlin Nob","floor":11,"turns":4}],"seed_played":"3255675555725664015","potions_obtained":[{"floor":3.0,"key":"PowerPotion"},{"floor":7.0,"key":"LiquidBronze"}],"is_trial":false,"path_per_floor":["M","?","M","?","?","R","E","M","T","R","E"],"character_chosen":"THE_SILENT","items_purchased":[],"campfire_rested":1,"item_purchase_floors":[],"current_hp_per_floor":[43,29,28,28,28,28,1,2,2,23,0],"gold":316,"neow_bonus":"THREE_RARE_CARDS","is_prod":false,"is_daily":false,"chose_seed":false,"campfire_upgraded":1,"win_rate":0,"timestamp":1546146512,"path_taken":["M","?","M","?","?","R","E","M","T","R","E"],"build_version":"2018-12-20","purchased_purges":0,"victory":false,"max_hp_per_floor":[70,70,70,70,70,70,70,70,70,70,70],"card_choices":[{"not_picked":["Storm of Steel","Die Die Die"],"picked":"Venomology","floor":0.0},{"not_picked":["PiercingWail","Bouncing Flask"],"picked":"Skewer","floor":1.0},{"not_picked":["Prepared","Masterful Stab","Poisoned Stab"],"picked":"SKIP","floor":3.0},{"not_picked":["Blade Dance","Blur"],"picked":"Dagger Spray","floor":7.0},{"not_picked":["Dodge and Roll","Dagger Spray"],"picked":"Burst","floor":8.0}],"player_experience":218709,"relics_obtained":[{"floor":7.0,"key":"Blood Vial"},{"floor":9.0,"key":"Anchor"}],"event_choices":[{"damage_healed":0.0,"max_hp_gain":0.0,"max_hp_loss":0.0,"gold_gain":0.0,"event_name":"Shining Light","player_choice":"Entered Light","floor":2.0,"gold_loss":0.0,"damage_taken":14.0,"cards_upgraded":["Defend_G","Strike_G"]},{"damage_healed":0.0,"max_hp_gain":0.0,"max_hp_loss":0.0,"gold_gain":175.0,"event_name":"Liars Game","player_choice":"AGREE","floor":4.0,"gold_loss":0.0,"damage_taken":0.0,"cards_obtained":["Doubt"]},{"cards_removed":["Strike_G"],"damage_healed":0.0,"max_hp_gain":0.0,"max_hp_loss":0.0,"gold_gain":0.0,"event_name":"The Cleric","player_choice":"Card Removal","floor":5.0,"gold_loss":50.0,"damage_taken":0.0}],"is_beta":false,"boss_relics":[],"items_purged_floors":[],"is_endless":false,"potions_floor_spawned":[3,7],"killed_by":"Gremlin Nob","ascension_level":9}