{"gold_per_floor":[116,41,316,25,41,73,73,84,84,97,97,107,7,19,19,19],"floor_reached":16,"playtime":671,"items_purged":["Regret","Strike_G"],"score":189,"play_id":"dfa3933e-5d38-4947-b2aa-9624ceffe0a9","local_time":"20190219141247","is_ascension_mode":true,"campfire_choices":[{"floor":7.0,"key":"REST"},{"floor":15.0,"key":"REST"}],"neow_cost":"TEN_PERCENT_HP_LOSS","seed_source_timestamp":0,"circlet_count":0,"master_deck":["AscendersBane","Defend_G","Defend_G","Defend_G","Defend_G","Strike_G","Strike_G","Strike_G","Strike_G","Survivor","Neutralize","Blind","Secret Technique","Cloak And Dagger","Crippling Poison","Infinite Blades","Backstab","Adrenaline"],"special_seed":0,"relics":["Ring of the Snake","ClockworkSouvenir","Question Card","Mummified Hand","Omamori"],"potions_floor_usage":[],"damage_taken":[{"damage":0.0,"enemies":"2 Louse","floor":1.0,"turns":5.0},{"damage":2.0,"enemies":"Small Slimes","floor":5.0,"turns":4.0},{"damage":44.0,"enemies":"Gremlin Nob","floor":6.0,"turns":6.0},{"damage":2.0,"enemies":"Cultist","floor":8.0,"turns":5.0},{"damage":4.0,"enemies":"Blue Slaver","floor":10.0,"turns":4.0},{"damage":6.0,"enemies":"3 Louse","floor":12.0,"turns":3.0},{"damage":0.0,"enemies":"2 Fungi Beasts","floor":14.0,"turns":3.0},{"damage":0,"enemies":"The Guardian","floor":16,"turns":1}],"seed_played":"-4553756865141302194","potions_obtained":[{"floor":5.0,"key":"AttackPotion"}],"is_trial":false,"path_per_floor":["M","?","?","$","M","E","R","M","T","M","?","M","$","M","R","B"],"character_chosen":"THE_SILENT","items_purchased":["ClockworkSouvenir"],"campfire_rested":2,"item_purchase_floors":[4],"current_hp_per_floor":[59,59,59,59,57,13,31,29,29,25,25,19,19,19,37,37],"gold":19,"neow_bonus":"RANDOM_COLORLESS_2","is_prod":false,"is_daily":false,"chose_seed":false,"campfire_upgraded":0,"win_rate":0,"timestamp":1550603567,"path_taken":["M","?","?","$","?","E","R","M","T","M","?","M","$","M","R","BOSS"],"build_version":"2019-01-23","purchased_purges":2,"victory":false,"max_hp_per_floor":[60,60,60,60,60,60,60,60,60,60,60,60,60,60,60,60],"card_choices":[{"not_picked":["Outmaneuver","Crippling Poison","Poisoned Stab"],"picked":"SKIP","floor":1.0},{"not_picked":["Acrobatics","Deadly Poison"],"picked":"Cloak And Dagger","floor":5.0},{"not_picked":["Catalyst","Concentrate"],"picked":"Crippling Poison","floor":6.0},{"not_picked":["Sucker Punch","Night Terror","Quick Slash"],"picked":"Infinite Blades","floor":8.0},{"not_picked":["Bouncing Flask","Flying Knee","Dagger Spray"],"picked":"Backstab","floor":10.0},{"not_picked":["Terror","Bane","Deadly Poison","Expertise"],"picked":"SKIP","floor":12.0},{"not_picked":["Dagger Spray","Prepared","Flechettes"],"picked":"Adrenaline","floor":14.0}],"player_experience":327283,"relics_obtained":[{"floor":6.0,"key":"Question Card"},{"floor":9.0,"key":"Mummified Hand"}],"event_choices":[{"cards_removed":["Defend_G"],"damage_healed":0.0,"max_hp_gain":0.0,"max_hp_loss":0.0,"gold_gain":0.0,"event_name":"The Cleric","player_choice":"Card Removal","floor":2.0,"gold_loss":75.0,"damage_taken":0.0},{"damage_healed":0.0,"max_hp_gain":0.0,"max_hp_loss":0.0,"gold_gain":275.0,"event_name":"Golden Shrine","player_choice":"Desecrate","floor":3.0,"gold_loss":0.0,"damage_taken":0.0,"cards_obtained":["Regret"]},{"damage_healed":0.0,"max_hp_gain":0.0,"max_hp_loss":0.0,"gold_gain":0.0,"event_name":"Dead Adventurer","player_choice":"Searched \u00271\u0027 times","floor":11.0,"gold_loss":0.0,"damage_taken":0.0,"relics_obtained":["Omamori"]}],"is_beta":false,"boss_relics":[],"items_purged_floors":[4,13],"is_endless":false,"potions_floor_spawned":[5],"killed_by":"The Guardian","ascension_level":17}