{"gold_per_floor":[118,131,56,76,151,183,183,217,217,217,217,217,252,20,20,94,94,110,26,46,146,146,146],"floor_reached":23,"playtime":1056,"items_purged":["Strike_B"],"score":400,"play_id":"4730a953-35f1-48c8-a3f2-76ab458b989e","local_time":"20181108175822","is_ascension_mode":true,"campfire_choices":[{"data":"Defragment","floor":7,"key":"SMITH"},{"floor":10,"key":"REST"},{"floor":15,"key":"REST"}],"neow_cost":"NONE","seed_source_timestamp":4203831663582379,"circlet_count":0,"master_deck":["AscendersBane","Strike_B","Strike_B","Defend_B","Defend_B","Defend_B","Defend_B","Zap","Dualcast","Cold Snap","Reinforced Body","Steam","Defragment+1","Sweeping Beam","Hologram","Hyperbeam","Electrodynamics","Loop","FTL+1","Compile Driver","Decay"],"relics":["Cracked Core","NeowsBlessing","PreservedInsect","Shuriken","Bronze Scales","Symbiotic Virus","Mercury Hourglass","Cursed Key","Calipers","Bottled Tornado"],"potions_floor_usage":[6,23],"damage_taken":[{"damage":0,"enemies":"Cultist","floor":1,"turns":1},{"damage":0,"enemies":"Jaw Worm","floor":2,"turns":1},{"damage":0,"enemies":"2 Louse","floor":4,"turns":1},{"damage":14,"enemies":"Lagavulin","floor":6,"turns":10},{"damage":38,"enemies":"Gremlin Nob","floor":8,"turns":4},{"damage":12,"enemies":"3 Sentries","floor":13,"turns":6},{"damage":22,"enemies":"Slime Boss","floor":16,"turns":7},{"damage":0,"enemies":"Chosen","floor":18,"turns":4},{"damage":12,"enemies":"Shell Parasite","floor":20,"turns":4},{"damage":20,"enemies":"Colosseum Slavers","floor":21,"turns":4},{"damage":7,"enemies":"Colosseum Nobs","floor":21,"turns":3},{"damage":17,"enemies":"Book of Stabbing","floor":23,"turns":2}],"seed_played":"-1840554232474584696","potions_obtained":[{"floor":1,"key":"PowerPotion"},{"floor":6,"key":"Energy Potion"},{"floor":20,"key":"SneckoOil"}],"is_trial":false,"path_per_floor":["M","M","?","M","?","E","R","E","T","R","?","$","E","$","R","B",null,"M","$","M","?","?","E"],"character_chosen":"DEFECT","items_purchased":["Hyperbeam","Loop"],"campfire_rested":2,"item_purchase_floors":[14,19],"current_hp_per_floor":[64,64,64,64,53,39,39,1,1,22,22,22,10,10,31,9,56,56,56,44,17,17,0],"gold":146,"neow_bonus":"THREE_ENEMY_KILL","is_prod":false,"is_daily":false,"chose_seed":false,"campfire_upgraded":1,"win_rate":0,"timestamp":1541728702,"path_taken":["M","?","?","M","?","E","R","E","T","R","?","$","E","$","R","BOSS","M","$","M","?","?","E"],"build_version":"2018-11-07","purchased_purges":1,"victory":false,"max_hp_per_floor":[71,71,71,71,71,71,71,71,71,71,71,71,71,71,71,71,71,71,71,71,71,71,71],"card_choices":[{"not_picked":["Chaos","Ball Lightning"],"picked":"Cold Snap","floor":1},{"not_picked":["Turbo","White Noise"],"picked":"Reinforced Body","floor":2},{"not_picked":["Stack","Redo"],"picked":"Steam","floor":4},{"not_picked":["Compile Driver","Hologram"],"picked":"Defragment","floor":6},{"not_picked":["Compile Driver","Cold Snap"],"picked":"Sweeping Beam","floor":8},{"not_picked":["Scrape","Leap"],"picked":"Hologram","floor":13},{"not_picked":["Reboot","Machine Learning"],"picked":"Electrodynamics","floor":16},{"not_picked":["Recycle","Ball Lightning","Storm"],"picked":"SKIP","floor":18},{"not_picked":["Rebound","Aggregate"],"picked":"FTL+1","floor":20},{"not_picked":["Recycle","Conserve Battery"],"picked":"Compile Driver","floor":21}],"player_experience":1032321,"relics_obtained":[{"floor":6,"key":"PreservedInsect"},{"floor":8,"key":"Shuriken"},{"floor":9,"key":"Bronze Scales"},{"floor":13,"key":"Mercury Hourglass"},{"floor":21,"key":"Calipers"},{"floor":21,"key":"Bottled Tornado"}],"event_choices":[{"cards_removed":["Strike_B"],"damage_healed":0,"gold_gain":0,"player_choice":"Card Removal","damage_taken":0,"max_hp_gain":0,"max_hp_loss":0,"event_name":"The Cleric","floor":3,"gold_loss":75},{"damage_healed":0,"gold_gain":75,"player_choice":"Gather Gold","damage_taken":11,"max_hp_gain":0,"max_hp_loss":0,"event_name":"World of Goop","floor":5,"gold_loss":0},{"damage_healed":0,"gold_gain":0,"player_choice":"Gave Potion","damage_taken":0,"relics_obtained":["Symbiotic Virus"],"max_hp_gain":0,"max_hp_loss":0,"event_name":"WeMeetAgain","floor":11,"gold_loss":0},{"damage_healed":0,"gold_gain":0,"player_choice":"Fight","damage_taken":0,"max_hp_gain":0,"max_hp_loss":0,"event_name":"Colosseum","floor":21,"gold_loss":0},{"damage_healed":0,"gold_gain":0,"player_choice":"Fought Nobs","damage_taken":0,"max_hp_gain":0,"max_hp_loss":0,"event_name":"Colosseum","floor":21,"gold_loss":0},{"damage_healed":0,"gold_gain":0,"player_choice":"Smashed Altar","damage_taken":0,"max_hp_gain":0,"max_hp_loss":0,"event_name":"Forgotten Altar","floor":22,"gold_loss":0,"cards_obtained":["Decay"]}],"is_beta":true,"boss_relics":[{"not_picked":["Astrolabe","Velvet Choker"],"picked":"Cursed Key"}],"items_purged_floors":[14],"is_endless":false,"potions_floor_spawned":[1,6,20],"killed_by":"Book of Stabbing","ascension_level":19}