{"gold_per_floor":[113,113,6,26,26,53,70,98,98,126,141,141,64,80,80,80],"floor_reached":16,"playtime":665,"items_purged":[],"score":290,"play_id":"70b29ef2-a0dc-454d-9067-198a262cc90c","local_time":"20190611205210","is_ascension_mode":true,"campfire_choices":[{"floor":12,"key":"REST"},{"data":"Combust","floor":15,"key":"SMITH"}],"neow_cost":"NONE","seed_source_timestamp":4052216372834367,"circlet_count":0,"master_deck":["AscendersBane","Strike_R","Strike_R","Strike_R","Strike_R","Strike_R","Defend_R","Defend_R","Defend_R+1","Defend_R+1","Bash+1","Thunderclap","Shrug It Off","Sword Boomerang","Feed","Intimidate+1","Armaments+1","Flex+1","Entrench+1","Combust+1","True Grit+1"],"relics":["Burning Blood","NeowsBlessing","Toxic Egg 2","Darkstone Periapt","Mummified Hand","War Paint"],"potions_floor_usage":[8,16],"damage_taken":[{"damage":0,"enemies":"Small Slimes","floor":1,"turns":1},{"damage":0,"enemies":"Cultist","floor":4,"turns":1},{"damage":0,"enemies":"Lagavulin","floor":6,"turns":2},{"damage":12,"enemies":"2 Louse","floor":7,"turns":5},{"damage":37,"enemies":"3 Sentries","floor":8,"turns":8},{"damage":41,"enemies":"Lagavulin","floor":10,"turns":9},{"damage":1,"enemies":"Blue Slaver","floor":11,"turns":5},{"damage":16,"enemies":"Exordium Thugs","floor":14,"turns":5},{"damage":59,"enemies":"Hexaghost","floor":16,"turns":9}],"seed_played":"6815504977011474724","potions_obtained":[{"floor":6,"key":"Explosive Potion"},{"floor":10,"key":"BloodPotion"}],"is_trial":false,"path_per_floor":["M","?","$","M","$","E","M","E","T","E","M","R","$","M","R","B"],"character_chosen":"IRONCLAD","items_purchased":["Fire Potion","Shrug It Off","Combust"],"campfire_rested":1,"item_purchase_floors":[3,3,13],"current_hp_per_floor":[74,74,74,75,75,75,72,44,44,13,18,43,43,36,36,0],"gold":80,"neow_bonus":"THREE_ENEMY_KILL","is_prod":false,"is_daily":false,"chose_seed":false,"campfire_upgraded":1,"win_rate":0,"timestamp":1560311530,"path_taken":["M","?","$","M","?","E","M","E","T","E","?","R","?","M","R","BOSS"],"build_version":"2019-06-10","purchased_purges":0,"victory":false,"max_hp_per_floor":[75,75,75,75,75,75,78,81,81,85,85,85,85,88,88,88],"card_choices":[{"not_picked":["Armaments","Body Slam"],"picked":"Thunderclap","floor":1},{"not_picked":["Blood for Blood","Sentinel"],"picked":"Sword Boomerang","floor":4},{"not_picked":["Feel No Pain","Thunderclap"],"picked":"Feed","floor":6},{"not_picked":["Iron Wave","Twin Strike"],"picked":"Intimidate+1","floor":7},{"not_picked":["Pommel Strike","Intimidate+1"],"picked":"Armaments+1","floor":8},{"not_picked":["Cleave","Thunderclap"],"picked":"Flex+1","floor":10},{"not_picked":["Cleave","Pommel Strike"],"picked":"Entrench+1","floor":11},{"not_picked":["Combust","Bloodletting+1"],"picked":"True Grit+1","floor":14}],"player_experience":1348027,"relics_obtained":[{"floor":6,"key":"Toxic Egg 2"},{"floor":8,"key":"Darkstone Periapt"},{"floor":9,"key":"Mummified Hand"},{"floor":10,"key":"War Paint"}],"event_choices":[{"damage_healed":0,"gold_gain":0,"player_choice":"Upgraded","damage_taken":0,"max_hp_gain":0,"max_hp_loss":0,"event_name":"Upgrade Shrine","floor":2,"gold_loss":0,"cards_upgraded":["Bash"]}],"is_beta":true,"boss_relics":[],"items_purged_floors":[],"is_endless":false,"potions_floor_spawned":[6,10],"killed_by":"Hexaghost","ascension_level":20}