{"gold_per_floor":[109,126,138,154,154,183,203,230,230,243,243,60,60,90,90,185,185,199,298,11,11,11,37,37,54,54,54,73,104,124,135,135,238,238,255,355,374,374,394,429,444,444,519,546,560,571,39,53,53,53],"floor_reached":50,"playtime":8155,"items_purged":["Strike_G+1"],"score":856,"play_id":"33baafdf-7ee4-48ee-86e1-02b5608e8ab6","local_time":"20181102153717","is_ascension_mode":false,"campfire_choices":[{"floor":11.0,"key":"REST"},{"floor":13.0,"key":"REST"},{"data":"Noxious Fumes","floor":15.0,"key":"SMITH"},{"floor":24.0,"key":"REST"},{"floor":32.0,"key":"REST"},{"floor":42,"key":"REST"},{"floor":49,"key":"REST"}],"neow_cost":"NONE","seed_source_timestamp":0,"circlet_count":0,"master_deck":["Defend_G+1","Defend_G+1","Defend_G+1","Defend_G+1","Defend_G+1","Survivor","Neutralize","Wraith Form v2","Dodge and Roll","Underhanded Strike","Prepared+1","PiercingWail","Flying Knee+1","Backflip","Venomology","Noxious Fumes+1","Underhanded Strike+1","Deep Breath","Footwork","Reflex","Dagger Throw","Adrenaline","Caltrops","Mayhem","Flash of Steel","Flying Knee+1","Slice+1","Night Terror","Writhe","Backflip","Prepared","Terror+1","Backflip","After Image","Escape Plan+1","Choke+1","Corpse Explosion+1","Prepared+1","Catalyst","Caltrops+1","Madness","Madness","Underhanded Strike","Backflip","Backstab+1","After Image","Footwork+1","Sucker Punch+1","Tactician","Escape Plan","Violence","Prepared","Underhanded Strike+1"],"special_seed":0,"relics":["Ring of the Snake","Dream Catcher","Oddly Smooth Stone","Strawberry","Whetstone","Lizard Tail","Ancient Tea Set","Pear","Centennial Puzzle","Potion Belt","Astrolabe","Tingsha","Question Card","Bottled Tornado","Orichalcum","Lee\u0027s Waffle"],"potions_floor_usage":[39,40,40,44,45,50,50,50,50],"damage_taken":[{"damage":9.0,"enemies":"Jaw Worm","floor":1.0,"turns":5.0},{"damage":0.0,"enemies":"Cultist","floor":2.0,"turns":4.0},{"damage":0.0,"enemies":"Small Slimes","floor":3.0,"turns":4.0},{"damage":13.0,"enemies":"Exordium Wildlife","floor":4.0,"turns":7.0},{"damage":26.0,"enemies":"3 Sentries","floor":6.0,"turns":13.0},{"damage":5.0,"enemies":"Blue Slaver","floor":7.0,"turns":5.0},{"damage":10.0,"enemies":"Large Slime","floor":10.0,"turns":8.0},{"damage":12.0,"enemies":"Lagavulin","floor":14.0,"turns":9.0},{"damage":20.0,"enemies":"The Guardian","floor":16.0,"turns":12.0},{"damage":6.0,"enemies":"Shell Parasite","floor":18.0,"turns":9.0},{"damage":42.0,"enemies":"Gremlin Leader","floor":23.0,"turns":6.0},{"damage":4.0,"enemies":"Spheric Guardian","floor":25.0,"turns":4.0},{"damage":23.0,"enemies":"Snake Plant","floor":28.0,"turns":5.0},{"damage":16.0,"enemies":"Book of Stabbing","floor":29.0,"turns":6.0},{"damage":5.0,"enemies":"Centurion and Healer","floor":30.0,"turns":10.0},{"damage":9.0,"enemies":"Snecko","floor":31.0,"turns":5.0},{"damage":27.0,"enemies":"Automaton","floor":33.0,"turns":11.0},{"damage":0.0,"enemies":"3 Shapes","floor":35.0,"turns":4.0},{"damage":5.0,"enemies":"Mind Bloom Boss Battle","floor":36.0,"turns":8.0},{"damage":0,"enemies":"Orb Walker","floor":37,"turns":3},{"damage":1,"enemies":"Maw","floor":39,"turns":7},{"damage":23,"enemies":"Nemesis","floor":40,"turns":7},{"damage":24,"enemies":"Spire Growth","floor":41,"turns":5},{"damage":29,"enemies":"Reptomancer","floor":44,"turns":7},{"damage":22,"enemies":"Transient","floor":45,"turns":5},{"damage":4,"enemies":"Sphere and 2 Shapes","floor":46,"turns":6},{"damage":25,"enemies":"Maw","floor":48,"turns":8},{"damage":100,"enemies":"Awakened One","floor":50,"turns":11}],"seed_played":"567647577183679071","potions_obtained":[{"floor":3.0,"key":"Fire Potion"},{"floor":4.0,"key":"Weak Potion"},{"floor":7.0,"key":"LiquidBronze"},{"floor":14.0,"key":"Poison Potion"},{"floor":18.0,"key":"Ancient Potion"},{"floor":29.0,"key":"Strength Potion"},{"floor":30.0,"key":"SpeedPotion"},{"floor":33.0,"key":"Poison Potion"},{"floor":37,"key":"Poison Potion"},{"floor":40,"key":"Strength Potion"},{"floor":41,"key":"EssenceOfSteel"},{"floor":46,"key":"Strength Potion"}],"is_trial":false,"path_per_floor":["M","M","M","M","?","E","M","T","T","M","R","$","R","E","R","B",null,"M","?","$","?","?","E","R","M","T","?","M","E","M","M","R","B",null,"M","?","M","?","M","E","M","R","T","E","M","M","$","M","R"],"character_chosen":"THE_SILENT","items_purchased":["Underhanded Strike","Deep Breath","Footwork","Mayhem","Flash of Steel","Lee\u0027s Waffle","Escape Plan","Violence"],"campfire_rested":6,"item_purchase_floors":[12,12,12,20,20,47,47,47],"current_hp_per_floor":[61,61,61,48,48,22,17,17,24,14,37,37,60,48,48,28,77,71,71,71,71,71,29,52,48,58,58,35,19,14,5,31,4,87,87,82,82,71,70,47,23,49,49,20,43,39,94,69,94,0],"gold":53,"neow_bonus":"ONE_RANDOM_RARE_CARD","is_prod":false,"is_daily":false,"chose_seed":false,"campfire_upgraded":1,"win_rate":0.0,"timestamp":1541187437,"path_taken":["M","M","M","M","?","E","M","?","T","M","R","?","R","E","R","BOSS","M","?","$","?","?","E","R","?","T","?","M","E","M","M","R","BOSS","M","?","M","?","M","E","M","R","T","E","M","M","?","?","R","BOSS"],"build_version":"2018-10-25v2","purchased_purges":1,"victory":false,"max_hp_per_floor":[70,70,70,70,70,70,70,70,77,77,77,77,77,77,77,77,77,77,77,77,77,77,77,77,77,87,87,87,87,87,87,87,87,87,87,87,87,87,87,87,87,87,87,87,87,87,94,94,94,94],"card_choices":[{"not_picked":["Eviscerate","Deflect"],"picked":"Dodge and Roll","floor":1.0},{"not_picked":["Blade Dance","Well Laid Plans"],"picked":"Underhanded Strike","floor":2.0},{"not_picked":["Underhanded Strike","Sucker Punch"],"picked":"Prepared","floor":3.0},{"not_picked":["Skewer","Deflect"],"picked":"PiercingWail","floor":4.0},{"not_picked":["Dagger Spray","Blade Dance"],"picked":"Flying Knee","floor":6.0},{"not_picked":["Escape Plan","Bane"],"picked":"Backflip","floor":7.0},{"not_picked":["Dodge and Roll","Acrobatics"],"picked":"Venomology","floor":10.0},{"not_picked":["PiercingWail","Deadly Poison"],"picked":"Noxious Fumes","floor":11.0},{"not_picked":["Bane","Predator"],"picked":"Reflex","floor":13.0},{"not_picked":["Outmaneuver","Acrobatics"],"picked":"Dagger Throw","floor":14.0},{"not_picked":["Unload","Die Die Die"],"picked":"Adrenaline","floor":16.0},{"not_picked":["Dagger Spray","Flying Knee"],"picked":"Caltrops","floor":18.0},{"not_picked":["Quick Slash+1","Masterful Stab"],"picked":"Flying Knee+1","floor":23.0},{"not_picked":["Dagger Throw","Sucker Punch"],"picked":"Slice+1","floor":24.0},{"not_picked":["Quick Slash+1","Dodge and Roll"],"picked":"Night Terror","floor":25.0},{"not_picked":["Distraction+1","Bane"],"picked":"Backflip","floor":28.0},{"not_picked":["Dagger Throw","Underhanded Strike"],"picked":"Prepared","floor":29.0},{"not_picked":["Finisher","Riddle With Holes"],"picked":"Terror+1","floor":30.0},{"not_picked":["Glass Knife","Quick Slash","Choke+1"],"picked":"SKIP","floor":31.0},{"not_picked":["Deflect+1","Underhanded Strike+1"],"picked":"Backflip","floor":32.0},{"not_picked":["Bullet Time","Venomology"],"picked":"After Image","floor":33.0},{"not_picked":["Dagger Spray+1","Finisher"],"picked":"Prepared+1","floor":35.0},{"not_picked":["Poisoned Stab+1","Reflex"],"picked":"Catalyst","floor":36},{"not_picked":["Prepared+1","Deadly Poison+1"],"picked":"Caltrops+1","floor":37},{"not_picked":["Flechettes","Sucker Punch"],"picked":"Underhanded Strike","floor":39},{"not_picked":["Slice","Dash+1"],"picked":"Backflip","floor":40},{"not_picked":["Finisher","Slice","Dodge and Roll"],"picked":"Backstab+1","floor":41},{"not_picked":["Bouncing Flask+1","Acrobatics","Deadly Poison"],"picked":"After Image","floor":42},{"not_picked":["Acrobatics","Flying Knee","Dagger Spray+1"],"picked":"Footwork+1","floor":44},{"not_picked":["Masterful Stab","Well Laid Plans","Slice"],"picked":"Sucker Punch+1","floor":45},{"not_picked":["Outmaneuver+1","Underhanded Strike","All Out Attack+1"],"picked":"Tactician","floor":46},{"not_picked":["Bullet Time","Slice+1","Outmaneuver"],"picked":"Prepared","floor":48},{"not_picked":["Dagger Throw+1","All Out Attack+1","Well Laid Plans"],"picked":"Underhanded Strike+1","floor":49}],"player_experience":68351,"relics_obtained":[{"floor":6.0,"key":"Dream Catcher"},{"floor":8.0,"key":"Oddly Smooth Stone"},{"floor":9.0,"key":"Strawberry"},{"floor":14.0,"key":"Whetstone"},{"floor":23.0,"key":"Ancient Tea Set"},{"floor":26.0,"key":"Pear"},{"floor":29.0,"key":"Potion Belt"},{"floor":36,"key":"Tingsha"},{"floor":40,"key":"Question Card"},{"floor":43,"key":"Bottled Tornado"},{"floor":44,"key":"Orichalcum"}],"event_choices":[{"damage_healed":0.0,"max_hp_gain":0.0,"max_hp_loss":0.0,"gold_gain":0.0,"event_name":"Upgrade Shrine","player_choice":"Upgraded","floor":5.0,"gold_loss":0.0,"damage_taken":0.0,"cards_upgraded":["Prepared"]},{"damage_healed":0.0,"max_hp_gain":0.0,"max_hp_loss":0.0,"gold_gain":99.0,"event_name":"Nest","player_choice":"Stole From Cult","floor":19.0,"gold_loss":0.0,"damage_taken":0.0},{"cards_removed":["Strike_G"],"damage_healed":0.0,"max_hp_gain":0.0,"max_hp_loss":0.0,"gold_gain":0.0,"event_name":"Purifier","player_choice":"Purged","floor":21.0,"gold_loss":0.0,"damage_taken":0.0},{"damage_healed":0.0,"max_hp_gain":0.0,"max_hp_loss":0.0,"gold_gain":0.0,"event_name":"Back to Basics","player_choice":"Simplicity","floor":22.0,"gold_loss":0.0,"damage_taken":0.0,"cards_upgraded":["Defend_G","Defend_G","Defend_G","Defend_G","Defend_G","Strike_G","Strike_G","Strike_G","Strike_G"]},{"damage_healed":0.0,"max_hp_gain":0.0,"max_hp_loss":0.0,"gold_gain":0.0,"event_name":"The Mausoleum","player_choice":"Opened","floor":27.0,"gold_loss":0.0,"damage_taken":0.0,"relics_obtained":["Centennial Puzzle"],"cards_obtained":["Writhe"]},{"damage_healed":0.0,"max_hp_gain":0.0,"max_hp_loss":0.0,"gold_gain":0.0,"event_name":"MindBloom","player_choice":"Fight","floor":36.0,"gold_loss":0.0,"damage_taken":0.0},{"damage_healed":0,"gold_gain":0,"player_choice":"Embrace Madness","damage_taken":11,"max_hp_gain":0,"max_hp_loss":0,"event_name":"Winding Halls","floor":38,"gold_loss":0,"cards_obtained":["Madness","Madness"]}],"is_beta":false,"boss_relics":[{"not_picked":["Eternal Feather","Runic Pyramid"],"picked":"Lizard Tail"},{"not_picked":["White Beast Statue","Runic Dome"],"picked":"Astrolabe"}],"items_purged_floors":[47],"is_endless":false,"potions_floor_spawned":[3,4,7,14,18,29,30,33,37,40,41,46],"killed_by":"Awakened One","ascension_level":0}