{"gold_per_floor":[110,122,64,84,84,114,114,79,103,132,146,179,159,159,159,159],"floor_reached":16,"playtime":919,"items_purged":[],"score":236,"play_id":"fdfa4230-d3ea-4376-95a1-4103627bb9ef","local_time":"20181218152401","is_ascension_mode":true,"campfire_choices":[{"data":"Zap","floor":7.0,"key":"SMITH"},{"data":"Hologram","floor":15,"key":"SMITH"}],"neow_cost":"NONE","seed_source_timestamp":0,"circlet_count":0,"master_deck":["AscendersBane","Strike_B","Strike_B","Strike_B","Strike_B","Defend_B","Defend_B","Defend_B","Defend_B","Zap+1","Dualcast","BootSequence","Reinforced Body","Cold Snap","Steam","Hologram+1","Sweeping Beam","Ball Lightning"],"special_seed":0,"relics":["Cracked Core","Centennial Puzzle","Vajra","Singing Bowl","Dream Catcher"],"potions_floor_usage":[12,16,16],"damage_taken":[{"damage":3.0,"enemies":"Small Slimes","floor":1.0,"turns":3.0},{"damage":9.0,"enemies":"Jaw Worm","floor":2.0,"turns":4.0},{"damage":6.0,"enemies":"Cultist","floor":4.0,"turns":4.0},{"damage":20.0,"enemies":"Lagavulin","floor":6.0,"turns":9.0},{"damage":17.0,"enemies":"3 Sentries","floor":10.0,"turns":9.0},{"damage":0.0,"enemies":"2 Fungi Beasts","floor":11.0,"turns":3.0},{"damage":6,"enemies":"Lagavulin","floor":12,"turns":6},{"damage":37,"enemies":"Slime Boss","floor":16,"turns":8}],"seed_played":"-7861331963607234252","potions_obtained":[{"floor":2.0,"key":"AttackPotion"},{"floor":10.0,"key":"FearPotion"},{"floor":11.0,"key":"Block Potion"},{"floor":13,"key":"SteroidPotion"}],"is_trial":false,"path_per_floor":["M","M","$","M","?","E","R","?","T","E","M","E","?","$","R","B"],"character_chosen":"DEFECT","items_purchased":["Cold Snap"],"campfire_rested":0,"item_purchase_floors":[3],"current_hp_per_floor":[68,59,59,53,53,33,33,52,52,35,35,31,31,31,31,0],"gold":159,"neow_bonus":"TEN_PERCENT_HP_BONUS","is_prod":false,"is_daily":false,"chose_seed":false,"campfire_upgraded":2,"win_rate":0,"timestamp":1545175441,"path_taken":["M","M","$","M","?","E","R","?","T","E","M","E","?","$","R","BOSS"],"build_version":"2018-12-17","purchased_purges":0,"victory":false,"max_hp_per_floor":[78,78,78,78,78,78,78,78,78,78,78,80,80,80,80,80],"card_choices":[{"not_picked":["Redo","Tempest"],"picked":"BootSequence","floor":1.0},{"not_picked":["Stack","Scrape"],"picked":"Reinforced Body","floor":2.0},{"not_picked":["Heatsinks","BootSequence"],"picked":"Steam","floor":4.0},{"not_picked":["BootSequence","Rebound"],"picked":"Hologram","floor":6.0},{"not_picked":["White Noise","Beam Cell"],"picked":"Sweeping Beam","floor":10.0},{"not_picked":["Gash","Fission"],"picked":"Ball Lightning","floor":11.0},{"not_picked":["Sweeping Beam","Scrape","Beam Cell"],"picked":"Singing Bowl","floor":12}],"player_experience":1108445,"relics_obtained":[{"floor":6.0,"key":"Centennial Puzzle"},{"floor":9.0,"key":"Vajra"},{"floor":10.0,"key":"Singing Bowl"},{"floor":12,"key":"Dream Catcher"}],"event_choices":[{"damage_healed":0.0,"max_hp_gain":0.0,"max_hp_loss":0.0,"gold_gain":0.0,"event_name":"Liars Game","player_choice":"Ignored","floor":5.0,"gold_loss":0.0,"damage_taken":0.0},{"damage_healed":19.0,"max_hp_gain":0.0,"max_hp_loss":0.0,"gold_gain":0.0,"event_name":"The Cleric","player_choice":"Healed","floor":8.0,"gold_loss":35.0,"damage_taken":0.0},{"damage_healed":0,"gold_gain":0,"player_choice":"Bought 1 Potion","damage_taken":0,"max_hp_gain":0,"max_hp_loss":0,"event_name":"The Woman in Blue","floor":13,"gold_loss":0}],"is_beta":true,"boss_relics":[],"items_purged_floors":[],"is_endless":false,"potions_floor_spawned":[2,10,11],"killed_by":"Slime Boss","ascension_level":20}