{"gold_per_floor":[218,237,30,30,42,42,69,69,69,69,99,99,116,130,130,203,203,214,214,214,226,226,258,258,274,274,299,299,299,136,153,153,231,231,242,254,41,61,61,61],"floor_reached":40,"playtime":2066,"items_purged":["Strike_R+1"],"score":873,"play_id":"5dbb9514-31c8-4b4c-a1bc-ec0cee7bf68d","local_time":"20181112170208","is_ascension_mode":true,"campfire_choices":[{"data":"Immolate","floor":6,"key":"SMITH"},{"data":"True Grit","floor":8,"key":"SMITH"},{"data":"Fiend Fire","floor":10,"key":"SMITH"},{"data":"Clothesline","floor":12,"key":"SMITH"},{"data":"Evolve","floor":15,"key":"SMITH"},{"floor":24,"key":"REST"},{"floor":28,"key":"REST"},{"data":"Fiend Fire","floor":32,"key":"SMITH"}],"neow_cost":"NONE","seed_source_timestamp":4545046398335481,"circlet_count":0,"master_deck":["AscendersBane","Strike_R+1","Strike_R+1","Strike_R+1","Defend_R+1","Defend_R+1","Defend_R+1","Defend_R+1","Bash","Twin Strike","Dropkick","Fiend Fire+1","True Grit+1","Immolate+1","Clothesline+1","Combust","Evolve+1","Fiend Fire+1","Shrug It Off+1","Rupture","Immolate","Fiend Fire","Power Through+1","Rampage","Fiend Fire+1"],"relics":["Burning Blood","Oddly Smooth Stone","Toxic Egg 2","FossilizedHelix","Snecko Eye","Nilry\u0027s Codex","Ornamental Fan","Singing Bowl","Runic Dome","Bag of Preparation"],"potions_floor_usage":[23,27],"damage_taken":[{"damage":14,"enemies":"Jaw Worm","floor":1,"turns":6},{"damage":12,"enemies":"Small Slimes","floor":2,"turns":4},{"damage":1,"enemies":"Cultist","floor":5,"turns":3},{"damage":10,"enemies":"3 Sentries","floor":7,"turns":4},{"damage":0,"enemies":"Large Slime","floor":13,"turns":4},{"damage":0,"enemies":"Looter","floor":14,"turns":3},{"damage":26,"enemies":"Slime Boss","floor":16,"turns":6},{"damage":0,"enemies":"Spheric Guardian","floor":18,"turns":2},{"damage":0,"enemies":"Chosen","floor":21,"turns":3},{"damage":53,"enemies":"Slavers","floor":23,"turns":6},{"damage":6,"enemies":"Snake Plant","floor":25,"turns":2},{"damage":22,"enemies":"Gremlin Leader","floor":27,"turns":4},{"damage":0,"enemies":"Cultist and Chosen","floor":31,"turns":3},{"damage":38,"enemies":"Automaton","floor":33,"turns":9},{"damage":2,"enemies":"3 Shapes","floor":35,"turns":2},{"damage":49,"enemies":"3 Darklings","floor":36,"turns":4},{"damage":0,"enemies":"Sphere and 2 Shapes","floor":38,"turns":3},{"damage":47,"enemies":"Giant Head","floor":40,"turns":5}],"seed_played":"-2246895248855476771","potions_obtained":[{"floor":2,"key":"Energy Potion"},{"floor":5,"key":"Ancient Potion"},{"floor":16,"key":"Explosive Potion"},{"floor":23,"key":"Dexterity Potion"},{"floor":27,"key":"Regen Potion"}],"is_trial":false,"path_per_floor":["M","M","$","?","M","R","E","R","T","R","?","R","M","M","R","B",null,"M","?","?","M","?","E","R","M","T","E","R","?","$","M","R","B",null,"M","M","$","M","?","E"],"character_chosen":"IRONCLAD","items_purchased":["Fiend Fire","True Grit","Rupture","Rampage","Bag of Preparation"],"campfire_rested":2,"item_purchase_floors":[3,3,30,37,37],"current_hp_per_floor":[60,54,54,54,59,59,55,55,55,55,55,55,61,67,67,47,68,74,53,53,59,59,12,34,34,34,20,43,43,43,49,49,17,62,66,25,25,33,33,0],"gold":61,"neow_bonus":"HUNDRED_GOLD","is_prod":false,"is_daily":false,"chose_seed":false,"campfire_upgraded":6,"win_rate":0,"timestamp":1542070928,"path_taken":["M","M","$","?","M","R","E","R","T","R","?","R","M","M","R","BOSS","M","?","?","M","?","E","R","?","T","E","R","?","$","M","R","BOSS","M","M","$","M","?","E"],"build_version":"2018-11-08","purchased_purges":1,"victory":false,"max_hp_per_floor":[75,75,75,75,75,75,75,75,75,75,75,75,75,75,75,75,75,75,75,75,75,75,75,75,75,75,77,77,77,77,77,77,77,77,77,79,79,81,81,81],"card_choices":[{"not_picked":["Thunderclap","True Grit"],"picked":"Twin Strike","floor":1},{"not_picked":["Sword Boomerang","Twin Strike"],"picked":"Dropkick","floor":2},{"not_picked":["Iron Wave","Warcry"],"picked":"Immolate","floor":5},{"not_picked":["Headbutt","Entrench"],"picked":"Clothesline","floor":7},{"not_picked":["Iron Wave","Flex+1"],"picked":"Combust","floor":13},{"not_picked":["Flex+1","Body Slam"],"picked":"Evolve","floor":14},{"not_picked":["Immolate","Reaper"],"picked":"Fiend Fire","floor":16},{"not_picked":["Hemokinesis","Armaments+1","Clothesline"],"picked":"SKIP","floor":18},{"not_picked":["Clash","Cleave+1","Sword Boomerang"],"picked":"SKIP","floor":21},{"not_picked":["Pommel Strike","Clash","Sever Soul"],"picked":"SKIP","floor":23},{"not_picked":["Second Wind+1","Battle Trance+1"],"picked":"Shrug It Off+1","floor":25},{"not_picked":["Reckless Charge","Seeing Red+1","Clash"],"picked":"Singing Bowl","floor":27},{"not_picked":["Sentinel+1","Shrug It Off+1"],"picked":"Immolate","floor":31},{"not_picked":["Exhume+1","Immolate"],"picked":"Fiend Fire","floor":33},{"not_picked":["Clash","Flex+1"],"picked":"Power Through+1","floor":35},{"not_picked":["Shrug It Off+1","Second Wind+1","Whirlwind"],"picked":"Singing Bowl","floor":36},{"not_picked":["Wild Strike+1","Spot Weakness+1","Iron Wave"],"picked":"Singing Bowl","floor":38}],"player_experience":1066412,"relics_obtained":[{"floor":7,"key":"Oddly Smooth Stone"},{"floor":9,"key":"Toxic Egg 2"},{"floor":19,"key":"Nilry\u0027s Codex"},{"floor":23,"key":"Ornamental Fan"},{"floor":27,"key":"Singing Bowl"}],"event_choices":[{"damage_healed":0,"gold_gain":0,"player_choice":"Leave","damage_taken":0,"max_hp_gain":0,"max_hp_loss":0,"event_name":"The Cleric","floor":4,"gold_loss":0},{"damage_healed":0,"gold_gain":30,"player_choice":"Searched \u00273\u0027 times","damage_taken":0,"relics_obtained":["FossilizedHelix"],"max_hp_gain":0,"max_hp_loss":0,"event_name":"Dead Adventurer","floor":11,"gold_loss":0},{"damage_healed":0,"gold_gain":0,"player_choice":"Obtained Book","damage_taken":21,"max_hp_gain":0,"max_hp_loss":0,"event_name":"Cursed Tome","floor":19,"gold_loss":0},{"damage_healed":0,"gold_gain":0,"player_choice":"Ignored","damage_taken":0,"max_hp_gain":0,"max_hp_loss":0,"event_name":"The Mausoleum","floor":20,"gold_loss":0},{"cards_removed":["Strike_R"],"damage_healed":0,"gold_gain":0,"player_choice":"Offered Basic","damage_taken":0,"max_hp_gain":0,"max_hp_loss":0,"event_name":"Bonfire Elementals","floor":22,"gold_loss":0},{"damage_healed":0,"gold_gain":0,"player_choice":"Simplicity","damage_taken":0,"max_hp_gain":0,"max_hp_loss":0,"event_name":"Back to Basics","floor":29,"gold_loss":0,"cards_upgraded":["Strike_R","Strike_R","Strike_R","Strike_R","Defend_R","Defend_R","Defend_R","Defend_R"]},{"damage_healed":0,"gold_gain":0,"player_choice":"Copied","damage_taken":0,"max_hp_gain":0,"max_hp_loss":0,"event_name":"Duplicator","floor":39,"gold_loss":0,"cards_obtained":["Fiend Fire"]}],"is_beta":true,"boss_relics":[{"not_picked":["Orrery","Runic Cube"],"picked":"Snecko Eye"},{"not_picked":["Coffee Dripper","Lizard Tail"],"picked":"Runic Dome"}],"items_purged_floors":[30],"is_endless":false,"potions_floor_spawned":[2,5,16,21,23,27,36],"killed_by":"Giant Head","ascension_level":20}