{"gold_per_floor":[214,62,72,91,91,91,118,118,118,138,138,138,150,180,180,252,252,263,28,47,67,67,67,84,84,84,110,110,125,125,135,135,135],"floor_reached":33,"playtime":2332,"items_purged":["Strike_G"],"score":485,"play_id":"1e554228-618e-4c2b-a608-7d56afaa55ca","local_time":"20180722024636","is_ascension_mode":true,"campfire_choices":[{"data":"Neutralize","floor":6,"key":"SMITH"},{"data":"A Thousand Cuts","floor":12,"key":"SMITH"},{"floor":15,"key":"REST"},{"floor":23,"key":"REST"},{"floor":28,"key":"REST"},{"floor":30,"key":"REST"},{"floor":32,"key":"REST"}],"neow_cost":"NONE","seed_source_timestamp":1140883650870899,"circlet_count":0,"master_deck":["Defend_G+1","Defend_G+1","Defend_G+1","Defend_G+1","Defend_G+1","Strike_G+1","Strike_G+1","Strike_G+1","Survivor","Neutralize+1","AscendersBane","Underhanded Strike","A Thousand Cuts+1","Sucker Punch","Backflip","Reflex","Calculated Gamble","Dagger Throw","Acrobatics","Tools of the Trade+1","Backflip","Well Laid Plans+1","PiercingWail","Noxious Fumes+1","Decay","Flechettes","Injury","Cloak And Dagger","Venomology","Backstab"],"relics":["Ring of the Snake","Dodecahedron","Matryoshka","Frozen Egg 2","Cursed Key","Orichalcum","Ninja Scroll","The Courier","Blue Candle"],"potions_floor_usage":[7,14,14,14,16,27,31,33,33,33],"damage_taken":[{"damage":1,"enemies":"Small Slimes","floor":1,"turns":4},{"damage":0,"enemies":"Cultist","floor":3,"turns":4},{"damage":1,"enemies":"2 Louse","floor":4,"turns":3},{"damage":23,"enemies":"Lagavulin","floor":7,"turns":10},{"damage":4,"enemies":"Large Slime","floor":10,"turns":8},{"damage":0,"enemies":"Exordium Wildlife","floor":13,"turns":4},{"damage":9,"enemies":"3 Sentries","floor":14,"turns":5},{"damage":35,"enemies":"The Guardian","floor":16,"turns":16},{"damage":16,"enemies":"Shell Parasite","floor":18,"turns":7},{"damage":10,"enemies":"Spheric Guardian","floor":20,"turns":4},{"damage":11,"enemies":"Snecko","floor":21,"turns":6},{"damage":1,"enemies":"Centurion and Healer","floor":24,"turns":6},{"damage":26,"enemies":"Gremlin Leader","floor":27,"turns":7},{"damage":0,"enemies":"Snake Plant","floor":29,"turns":5},{"damage":24,"enemies":"Slaver and Parasite","floor":31,"turns":8},{"damage":47,"enemies":"Champ","floor":33,"turns":9}],"seed_played":"-2224690689963457031","potions_obtained":[{"floor":1,"key":"Ancient Potion"},{"floor":3,"key":"Strength Potion"},{"floor":7,"key":"EssenceOfSteel"},{"floor":11,"key":"EntropicBrew"},{"floor":18,"key":"Explosive Potion"},{"floor":29,"key":"AttackPotion"},{"floor":31,"key":"AttackPotion"}],"is_trial":false,"path_per_floor":["M","$","M","M","?","R","E","?","T","M","?","R","M","E","R","B",null,"M","$","M","M","?","R","M","?","T","E","R","M","R","M","R"],"character_chosen":"THE_SILENT","items_purchased":["A Thousand Cuts","Well Laid Plans+1","Orichalcum"],"campfire_rested":5,"item_purchase_floors":[2,19,19],"current_hp_per_floor":[58,58,58,57,57,57,34,34,34,30,30,30,30,21,40,5,51,35,35,25,14,14,33,32,32,32,6,25,25,44,20,39,0],"gold":135,"neow_bonus":"HUNDRED_GOLD","is_prod":false,"is_daily":false,"chose_seed":false,"campfire_upgraded":2,"win_rate":0,"timestamp":1532252796,"path_taken":["M","$","M","M","?","R","E","?","T","?","?","R","M","E","R","BOSS","M","$","M","M","?","R","M","?","T","E","R","M","R","M","R","BOSS"],"build_version":"2018-07-19","purchased_purges":1,"victory":false,"max_hp_per_floor":[66,66,66,66,66,66,66,66,66,66,66,66,66,66,66,66,66,66,66,66,66,66,66,66,66,66,66,66,66,66,66,66,66],"card_choices":[{"not_picked":["Tactician","Prepared"],"picked":"Underhanded Strike","floor":1},{"not_picked":["Escape Plan","Slice"],"picked":"Sucker Punch","floor":3},{"not_picked":["Skewer","Underhanded Strike"],"picked":"Backflip","floor":4},{"not_picked":["Sucker Punch","Concentrate"],"picked":"Reflex","floor":7},{"not_picked":["Bane","Dodge and Roll"],"picked":"Calculated Gamble","floor":10},{"not_picked":["Catalyst","Underhanded Strike"],"picked":"Dagger Throw","floor":13},{"not_picked":["Predator","All Out Attack"],"picked":"Acrobatics","floor":14},{"not_picked":["A Thousand Cuts+1","Glass Knife"],"picked":"Tools of the Trade+1","floor":16},{"not_picked":["Deadly Poison+1","PiercingWail"],"picked":"Backflip","floor":18},{"not_picked":["Skewer","Reflex"],"picked":"PiercingWail","floor":20},{"not_picked":["Masterful Stab","Escape Plan"],"picked":"Noxious Fumes+1","floor":21},{"not_picked":["Quick Slash","Distraction"],"picked":"Flechettes","floor":24},{"not_picked":["Accuracy+1","Blur"],"picked":"Cloak And Dagger","floor":27},{"not_picked":["Finisher+1","PiercingWail"],"picked":"Venomology","floor":29},{"not_picked":["Reflex","Deadly Poison"],"picked":"Backstab","floor":31}],"player_experience":860732,"relics_obtained":[{"floor":7,"key":"Dodecahedron"},{"floor":9,"key":"Matryoshka"},{"floor":14,"key":"Frozen Egg 2"},{"floor":26,"key":"Ninja Scroll"},{"floor":26,"key":"The Courier"},{"floor":27,"key":"Blue Candle"}],"event_choices":[{"event_name":"Purifier","player_choice":"One Purge","floor":5,"damage_taken":0},{"event_name":"Liars Game","player_choice":"disagreed","floor":8,"damage_taken":0},{"event_name":"The Lab","player_choice":"Got Potions","floor":11,"damage_taken":0},{"event_name":"Forgotten Altar","player_choice":"Smashed Altar","floor":22,"damage_taken":0},{"event_name":"Back to Basics","player_choice":"Simplicity","floor":25,"damage_taken":0}],"is_beta":true,"boss_relics":[{"not_picked":["Runic Dome","Runic Pyramid"],"picked":"Cursed Key"}],"items_purged_floors":[2],"is_endless":false,"potions_floor_spawned":[1,3,4,7,18,29,31],"killed_by":"Champ","ascension_level":15}