{"gold_per_floor":[116,129,145,145,145,145,172,172,172,188,188,203,216,244,244,345,345,365,48,60,60,72,72,72,172,172,172,38,57,91,91,91,193,193,213,313,359,18,18,38,38,72,72,85,0,0,0,32,32,32],"floor_reached":51,"playtime":3566,"items_purged":["Parasite","Regret","Decay"],"score":1194,"play_id":"d02d1749-5318-4442-aecb-da9635c2508e","local_time":"20190329171214","is_ascension_mode":true,"campfire_choices":[{"data":"Crippling Poison","floor":6,"key":"SMITH"},{"data":"Glass Knife","floor":11,"key":"SMITH"},{"floor":15,"key":"REST"},{"data":"Night Terror","floor":23,"key":"SMITH"},{"floor":27,"key":"REST"},{"floor":32,"key":"REST"},{"floor":41,"key":"REST"},{"floor":49,"key":"REST"}],"neow_cost":"NONE","seed_source_timestamp":101387014189341,"circlet_count":0,"master_deck":["AscendersBane","Defend_G","Defend_G","Defend_G","Defend_G","Defend_G","Strike_G","Strike_G","Strike_G","Survivor","Neutralize","Blade Dance","Crippling Poison+1","PiercingWail","Predator","Glass Knife+1","Leg Sweep","Dash","Bouncing Flask","Night Terror+1","PiercingWail+1","Calculated Gamble","Acrobatics","Deadly Poison","Noxious Fumes+1","Backflip+1","Dodge and Roll+1","Corpse Explosion+1","Caltrops+1","Cloak And Dagger+1","Footwork+1","Bullet Time+1","Backflip+1","Catalyst+1","Well Laid Plans+1","Writhe","Footwork+1","Blind+1","Bandage Up+1","Master of Strategy+1"],"relics":["Ring of the Snake","Darkstone Periapt","Bottled Lightning","Lantern","Cursed Key","PreservedInsect","Nilry\u0027s Codex","StoneCalendar","Frozen Egg 2","Toxic Egg 2","Potion Belt","Fusion Hammer","Nunchaku","Unceasing Top","Boot","Ninja Scroll","Red Mask","Juzu Bracelet"],"potions_floor_usage":[7,7,13,16,25,25,48,50,50,50],"damage_taken":[{"damage":8,"enemies":"Jaw Worm","floor":1,"turns":7},{"damage":5,"enemies":"2 Louse","floor":2,"turns":2},{"damage":1,"enemies":"Small Slimes","floor":3,"turns":3},{"damage":31,"enemies":"Gremlin Nob","floor":7,"turns":5},{"damage":3,"enemies":"Looter","floor":10,"turns":3},{"damage":0,"enemies":"2 Fungi Beasts","floor":12,"turns":3},{"damage":5,"enemies":"Large Slime","floor":13,"turns":4},{"damage":12,"enemies":"3 Sentries","floor":14,"turns":7},{"damage":15,"enemies":"The Guardian","floor":16,"turns":11},{"damage":4,"enemies":"2 Thieves","floor":18,"turns":4},{"damage":4,"enemies":"Shell Parasite","floor":20,"turns":5},{"damage":7,"enemies":"Centurion and Healer","floor":22,"turns":6},{"damage":6,"enemies":"Colosseum Slavers","floor":25,"turns":4},{"damage":11,"enemies":"Colosseum Nobs","floor":25,"turns":4},{"damage":0,"enemies":"Snake Plant","floor":29,"turns":3},{"damage":18,"enemies":"Book of Stabbing","floor":30,"turns":5},{"damage":35,"enemies":"Collector","floor":33,"turns":8},{"damage":2,"enemies":"3 Shapes","floor":35,"turns":2},{"damage":5,"enemies":"Mind Bloom Boss Battle","floor":36,"turns":5},{"damage":17,"enemies":"2 Orb Walkers","floor":37,"turns":3},{"damage":12,"enemies":"Orb Walker","floor":40,"turns":4},{"damage":4,"enemies":"Nemesis","floor":42,"turns":5},{"damage":0,"enemies":"Sphere and 2 Shapes","floor":44,"turns":6},{"damage":27,"enemies":"Reptomancer","floor":48,"turns":6},{"damage":19,"enemies":"Time Eater","floor":50,"turns":8}],"seed_played":"2236295504568509344","potions_obtained":[{"floor":1,"key":"EntropicBrew"},{"floor":3,"key":"Energy Potion"},{"floor":10,"key":"Regen Potion"},{"floor":12,"key":"LiquidBronze"},{"floor":22,"key":"Fire Potion"},{"floor":25,"key":"Weak Potion"},{"floor":30,"key":"GamblersBrew"},{"floor":33,"key":"Explosive Potion"},{"floor":36,"key":"Energy Potion"},{"floor":42,"key":"GhostInAJar"}],"is_trial":false,"path_per_floor":["M","M","M","?","?","R","E","?","T","M","R","M","M","E","R","B",null,"M","$","M","?","M","R","?","?","T","R","$","M","E","?","R","B",null,"M","?","?","$","?","M","R","E","T","M","?","$","?","E","R","B",null],"character_chosen":"THE_SILENT","items_purchased":["Calculated Gamble","PreservedInsect","Dexterity Potion","Noxious Fumes+1","Bullet Time+1","Backflip+1"],"campfire_rested":5,"item_purchase_floors":[19,19,19,28,38,38],"current_hp_per_floor":[62,57,56,61,54,54,23,49,49,46,46,46,53,41,67,52,79,75,75,71,71,64,64,48,31,37,64,64,64,46,52,81,46,84,82,77,60,60,60,48,77,73,79,79,79,79,69,48,78,65],"gold":32,"neow_bonus":"TEN_PERCENT_HP_BONUS","is_prod":false,"is_daily":false,"chose_seed":false,"campfire_upgraded":3,"win_rate":0,"timestamp":1553875934,"path_taken":["M","M","M","?","?","R","E","?","T","M","R","M","?","E","R","BOSS","M","$","M","?","M","R","?","?","T","R","$","M","E","?","R","BOSS","M","?","?","$","?","M","R","E","T","M","?","?","?","E","R","BOSS"],"build_version":"2019-03-15","purchased_purges":3,"victory":true,"max_hp_per_floor":[77,77,77,82,82,82,82,88,88,88,88,88,88,88,88,88,88,88,85,85,85,85,85,85,85,91,91,91,91,91,97,97,97,97,97,97,97,97,97,97,97,97,103,103,103,103,103,103,103,103],"card_choices":[{"not_picked":["Finisher","Quick Slash"],"picked":"Blade Dance","floor":1},{"not_picked":["Riddle With Holes","PiercingWail"],"picked":"Crippling Poison","floor":2},{"not_picked":["Reflex","Prepared"],"picked":"PiercingWail","floor":3},{"not_picked":["Blade Dance","Riddle With Holes"],"picked":"Predator","floor":7},{"not_picked":["Masterful Stab","Dagger Spray"],"picked":"Glass Knife","floor":10},{"not_picked":["Cloak And Dagger","Infinite Blades"],"picked":"Leg Sweep","floor":12},{"not_picked":["Endless Agony","PiercingWail"],"picked":"Dash","floor":13},{"not_picked":["Dagger Throw","All Out Attack"],"picked":"Bouncing Flask","floor":14},{"not_picked":["Unload","Phantasmal Killer"],"picked":"Night Terror","floor":16},{"not_picked":["Sucker Punch+1","Flechettes+1"],"picked":"PiercingWail+1","floor":18},{"not_picked":["Dagger Spray","PiercingWail","All Out Attack"],"picked":"SKIP","floor":20},{"not_picked":["Setup","Dagger Spray"],"picked":"Acrobatics","floor":22},{"not_picked":["Deflect","Bane"],"picked":"Deadly Poison","floor":25},{"not_picked":["Die Die Die","Dash"],"picked":"Backflip+1","floor":29},{"not_picked":["Cloak And Dagger+1","Prepared+1"],"picked":"Dodge and Roll+1","floor":30},{"not_picked":["Phantasmal Killer+1","Bullet Time+1"],"picked":"Corpse Explosion+1","floor":33},{"not_picked":["Acrobatics+1","Eviscerate"],"picked":"Caltrops+1","floor":35},{"not_picked":["Sucker Punch+1","Flying Knee"],"picked":"Cloak And Dagger+1","floor":36},{"not_picked":["All Out Attack+1","Backflip+1"],"picked":"Footwork+1","floor":37},{"not_picked":["Heel Hook","Cloak And Dagger+1"],"picked":"Catalyst+1","floor":40},{"not_picked":["Die Die Die","Crippling Poison+1"],"picked":"Well Laid Plans+1","floor":42},{"not_picked":["Blade Dance+1","Concentrate+1"],"picked":"Footwork+1","floor":44},{"not_picked":["HandOfGreed","Purity+1"],"picked":"Blind+1","floor":47},{"not_picked":["PanicButton+1","Impatience+1"],"picked":"Bandage Up+1","floor":47},{"not_picked":["Dramatic Entrance","Swift Strike"],"picked":"Master of Strategy+1","floor":47},{"not_picked":["Deflect+1","Blade Dance+1","Flying Knee"],"picked":"SKIP","floor":48}],"player_experience":408923,"relics_obtained":[{"floor":7,"key":"Darkstone Periapt"},{"floor":9,"key":"Bottled Lightning"},{"floor":14,"key":"Lantern"},{"floor":24,"key":"Nilry\u0027s Codex"},{"floor":25,"key":"StoneCalendar"},{"floor":25,"key":"Frozen Egg 2"},{"floor":26,"key":"Toxic Egg 2"},{"floor":30,"key":"Potion Belt"},{"floor":36,"key":"Nunchaku"},{"floor":37,"key":"Unceasing Top"},{"floor":42,"key":"Boot"},{"floor":43,"key":"Ninja Scroll"},{"floor":48,"key":"Juzu Bracelet"}],"event_choices":[{"damage_healed":0,"gold_gain":0,"player_choice":"Donut","damage_taken":0,"max_hp_gain":5,"max_hp_loss":0,"event_name":"Big Fish","floor":4,"gold_loss":0},{"cards_removed":["Strike_G"],"damage_healed":0,"gold_gain":0,"player_choice":"Card Removal","damage_taken":7,"max_hp_gain":0,"max_hp_loss":0,"event_name":"Golden Wing","floor":5,"gold_loss":0},{"damage_healed":20,"gold_gain":0,"player_choice":"Healed and dodged fight","damage_taken":0,"max_hp_gain":0,"max_hp_loss":0,"event_name":"Mushrooms","floor":8,"gold_loss":0,"cards_obtained":["Parasite"]},{"damage_healed":0,"gold_gain":0,"player_choice":"Ignored","damage_taken":0,"max_hp_gain":0,"max_hp_loss":0,"event_name":"Vampires","floor":21,"gold_loss":0},{"damage_healed":0,"gold_gain":0,"player_choice":"Obtained Book","damage_taken":16,"max_hp_gain":0,"max_hp_loss":0,"event_name":"Cursed Tome","floor":24,"gold_loss":0},{"damage_healed":0,"gold_gain":0,"player_choice":"Fight","damage_taken":0,"max_hp_gain":0,"max_hp_loss":0,"event_name":"Colosseum","floor":25,"gold_loss":0},{"damage_healed":0,"gold_gain":0,"player_choice":"Fought Nobs","damage_taken":0,"max_hp_gain":0,"max_hp_loss":0,"event_name":"Colosseum","floor":25,"gold_loss":0},{"damage_healed":0,"gold_gain":0,"player_choice":"Smashed Altar","damage_taken":0,"max_hp_gain":0,"max_hp_loss":0,"event_name":"Forgotten Altar","floor":31,"gold_loss":0,"cards_obtained":["Decay"]},{"damage_healed":0,"gold_gain":0,"player_choice":"Fight","damage_taken":0,"max_hp_gain":0,"max_hp_loss":0,"event_name":"MindBloom","floor":36,"gold_loss":0},{"damage_healed":0,"gold_gain":0,"player_choice":"Fight","damage_taken":0,"max_hp_gain":0,"max_hp_loss":0,"event_name":"Mysterious Sphere","floor":37,"gold_loss":0},{"cards_removed":["Strike_G"],"damage_healed":0,"gold_gain":0,"player_choice":"Removed Attack","damage_taken":0,"max_hp_gain":0,"max_hp_loss":0,"event_name":"Falling","floor":39,"gold_loss":0},{"damage_healed":0,"gold_gain":0,"player_choice":"Paid","damage_taken":0,"relics_obtained":["Red Mask"],"max_hp_gain":0,"max_hp_loss":0,"event_name":"Tomb of Lord Red Mask","floor":45,"gold_loss":85},{"damage_healed":0,"gold_gain":0,"player_choice":"Memory 3","damage_taken":10,"max_hp_gain":0,"max_hp_loss":0,"event_name":"SensoryStone","floor":47,"gold_loss":0}],"is_beta":true,"boss_relics":[{"not_picked":["HoveringKite","Black Star"],"picked":"Cursed Key"},{"not_picked":["WristBlade","Sozu"],"picked":"Fusion Hammer"}],"items_purged_floors":[19,28,38],"is_endless":false,"potions_floor_spawned":[1,3,10,12,22,25,30,33,36,37,40,42],"ascension_level":11}