{"gold_per_floor":[118,118,193,207,219,254,254,1,26,26,53,53,84,84,84,209,209,234,234,254,295,220,220,47,47,98,111,136,136,73,73,73,197,197,218,243,258,9,25,25,59,73,73,112,112,47,59,96,108,120],"floor_reached":50,"playtime":4351,"items_purged":["Strike_G"],"score":649,"play_id":"603cbc5e-9589-4190-9df5-56179b96da8c","local_time":"20190313214102","is_ascension_mode":true,"campfire_choices":[{"floor":7,"key":"REST"},{"data":"Caltrops","floor":10,"key":"SMITH"},{"floor":15,"key":"REST"},{"floor":23,"key":"REST"},{"data":"Panache","floor":25,"key":"SMITH"},{"floor":29,"key":"REST"},{"floor":32,"key":"REST"},{"data":"Accuracy","floor":40,"key":"SMITH"},{"floor":45,"key":"REST"},{"floor":47,"key":"REST"},{"floor":49,"key":"REST"}],"neow_cost":"NONE","seed_source_timestamp":322329361353249,"circlet_count":0,"master_deck":["Defend_G","Defend_G","Defend_G+1","Defend_G","Defend_G+1","Strike_G","Strike_G","Strike_G","Survivor","Neutralize+1","Escape Plan","Deflect","Dodge and Roll","Infinite Blades","Caltrops+1","Panache+1","Die Die Die","Heel Hook","Unload","Blur","Acrobatics","Blade Dance+1","Backflip","Flash of Steel","Tactician+1","PiercingWail+1","Caltrops","Adrenaline","Acrobatics+1","Cloak And Dagger+1","Accuracy+1","Phantasmal Killer","Leg Sweep+1","Parasite","Footwork+1","Burst","All Out Attack+1"],"relics":["Ring of the Snake","NeowsBlessing","War Paint","Art of War","The Courier","Golden Idol","Ancient Tea Set","Sozu","Centennial Puzzle","Red Mask","Bag of Preparation","MutagenicStrength","WristBlade","Gambling Chip","Girya","Bottled Tornado","Tingsha","MawBank"],"potions_floor_usage":[14,20],"damage_taken":[{"damage":0,"enemies":"2 Louse","floor":1,"turns":1},{"damage":0,"enemies":"Jaw Worm","floor":4,"turns":1},{"damage":0,"enemies":"Small Slimes","floor":5,"turns":1},{"damage":35,"enemies":"3 Sentries","floor":6,"turns":16},{"damage":16,"enemies":"Lagavulin","floor":11,"turns":8},{"damage":19,"enemies":"Gremlin Nob","floor":13,"turns":4},{"damage":0,"enemies":"Looter","floor":14,"turns":1},{"damage":10,"enemies":"The Guardian","floor":16,"turns":9},{"damage":20,"enemies":"Shell Parasite","floor":18,"turns":4},{"damage":0,"enemies":"3 Byrds","floor":20,"turns":2},{"damage":38,"enemies":"Masked Bandits","floor":21,"turns":4},{"damage":13,"enemies":"Shelled Parasite and Fungi","floor":27,"turns":5},{"damage":8,"enemies":"Snecko","floor":28,"turns":3},{"damage":30,"enemies":"Collector","floor":33,"turns":9},{"damage":0,"enemies":"3 Darklings","floor":35,"turns":2},{"damage":0,"enemies":"Orb Walker","floor":36,"turns":2},{"damage":12,"enemies":"Jaw Worm Horde","floor":37,"turns":3},{"damage":1,"enemies":"4 Shapes","floor":39,"turns":4},{"damage":0,"enemies":"Reptomancer","floor":41,"turns":3},{"damage":22,"enemies":"Writhing Mass","floor":42,"turns":4},{"damage":24,"enemies":"Giant Head","floor":44,"turns":6},{"damage":0,"enemies":"Sphere and 2 Shapes","floor":48,"turns":1},{"damage":68,"enemies":"Time Eater","floor":50,"turns":8}],"seed_played":"6010375255887595179","potions_obtained":[{"floor":5,"key":"SmokeBomb"},{"floor":16,"key":"SteroidPotion"}],"is_trial":false,"path_per_floor":["M","?","?","M","M","E","R","$","T","R","E","?","E","M","R","B",null,"M","?","M","?","?","R","$","R","T","M","M","R","$","?","R","B",null,"M","M","M","$","M","R","E","M","T","E","R","?","R","M","R","B"],"character_chosen":"THE_SILENT","items_purchased":["Caltrops","Panache","Backflip","Flash of Steel","Caltrops","Gambling Chip"],"campfire_rested":8,"item_purchase_floors":[8,8,24,24,30,38],"current_hp_per_floor":[70,70,59,59,59,24,45,45,45,45,29,29,10,10,29,19,65,45,45,45,7,7,26,26,26,26,13,5,24,24,24,43,13,65,65,65,53,53,52,52,52,30,30,6,25,25,44,44,63,0],"gold":120,"neow_bonus":"THREE_ENEMY_KILL","is_prod":false,"is_daily":false,"chose_seed":false,"campfire_upgraded":3,"win_rate":0,"timestamp":1552509662,"path_taken":["M","?","?","M","M","E","R","$","T","R","E","?","E","M","R","BOSS","M","?","M","?","?","R","?","R","T","M","?","R","$","?","R","BOSS","M","M","M","$","M","R","E","M","T","E","R","?","R","M","R","BOSS"],"build_version":"2019-02-06","purchased_purges":1,"victory":false,"max_hp_per_floor":[70,70,70,70,70,70,70,70,70,70,70,65,65,65,65,65,65,65,65,65,65,65,65,65,65,65,65,65,65,65,65,65,65,65,65,65,65,65,65,65,65,65,65,65,65,65,65,65,65,65],"card_choices":[{"not_picked":["PiercingWail","Deflect"],"picked":"Escape Plan","floor":1},{"not_picked":["Predator","Setup"],"picked":"Deflect","floor":4},{"not_picked":["Escape Plan","Dagger Throw"],"picked":"Dodge and Roll","floor":5},{"not_picked":["Acrobatics","Dodge and Roll"],"picked":"Infinite Blades","floor":6},{"not_picked":["Poisoned Stab","Flying Knee"],"picked":"Die Die Die","floor":11},{"not_picked":["Slice","Prepared"],"picked":"Heel Hook","floor":13},{"not_picked":["Envenom","Night Terror"],"picked":"Unload","floor":16},{"not_picked":["Calculated Gamble","Deadly Poison"],"picked":"Blur","floor":18},{"not_picked":["Dodge and Roll","Dagger Throw"],"picked":"Acrobatics","floor":20},{"not_picked":["Slice","Distraction+1"],"picked":"Blade Dance+1","floor":21},{"not_picked":["Deadly Poison","Blade Dance+1"],"picked":"Tactician+1","floor":27},{"not_picked":["Sucker Punch","Underhanded Strike"],"picked":"PiercingWail+1","floor":28},{"not_picked":["Night Terror","Tools of the Trade"],"picked":"Adrenaline","floor":33},{"not_picked":["Bane+1","Noxious Fumes"],"picked":"Acrobatics+1","floor":35},{"not_picked":["Poisoned Stab","Deadly Poison+1"],"picked":"Cloak And Dagger+1","floor":36},{"not_picked":["Blade Dance","Heel Hook"],"picked":"Accuracy","floor":37},{"not_picked":["Dagger Throw","Blade Dance+1"],"picked":"Phantasmal Killer","floor":39},{"not_picked":["Calculated Gamble","Blade Dance+1"],"picked":"Leg Sweep+1","floor":41},{"not_picked":["Caltrops+1","Prepared+1"],"picked":"Footwork+1","floor":42},{"not_picked":["Glass Knife","Dodge and Roll+1"],"picked":"Burst","floor":44},{"not_picked":["Bane","Eviscerate+1"],"picked":"All Out Attack+1","floor":48}],"player_experience":251494,"relics_obtained":[{"floor":6,"key":"War Paint"},{"floor":9,"key":"Art of War"},{"floor":11,"key":"The Courier"},{"floor":13,"key":"Ancient Tea Set"},{"floor":21,"key":"Red Mask"},{"floor":26,"key":"Bag of Preparation"},{"floor":41,"key":"Girya"},{"floor":43,"key":"Bottled Tornado"},{"floor":44,"key":"Tingsha"}],"event_choices":[{"damage_healed":0,"gold_gain":0,"player_choice":"Grow","damage_taken":0,"max_hp_gain":0,"max_hp_loss":0,"event_name":"Living Wall","floor":2,"gold_loss":0,"cards_upgraded":["Neutralize"]},{"damage_healed":0,"gold_gain":75,"player_choice":"Gather Gold","damage_taken":11,"max_hp_gain":0,"max_hp_loss":0,"event_name":"World of Goop","floor":3,"gold_loss":0},{"damage_healed":0,"gold_gain":0,"player_choice":"Lose Max HP","damage_taken":0,"relics_obtained":["Golden Idol"],"max_hp_gain":0,"max_hp_loss":5,"event_name":"Golden Idol","floor":12,"gold_loss":0},{"damage_healed":0,"gold_gain":0,"player_choice":"Opened","damage_taken":0,"relics_obtained":["Centennial Puzzle"],"max_hp_gain":0,"max_hp_loss":0,"event_name":"The Mausoleum","floor":19,"gold_loss":0},{"damage_healed":0,"gold_gain":0,"player_choice":"Fought Bandits","damage_taken":0,"max_hp_gain":0,"max_hp_loss":0,"event_name":"Masked Bandits","floor":21,"gold_loss":0},{"cards_removed":["Strike_G"],"damage_healed":0,"gold_gain":0,"player_choice":"Gave Gold","damage_taken":0,"max_hp_gain":0,"max_hp_loss":0,"event_name":"Beggar","floor":22,"gold_loss":75},{"damage_healed":0,"gold_gain":0,"player_choice":"Inject Mutagens","damage_taken":0,"relics_obtained":["MutagenicStrength"],"max_hp_gain":0,"max_hp_loss":0,"event_name":"Drug Dealer","floor":31,"gold_loss":0},{"damage_healed":0,"gold_gain":0,"player_choice":"Paid Gold","damage_taken":0,"relics_obtained":["MawBank"],"max_hp_gain":0,"max_hp_loss":0,"event_name":"WeMeetAgain","floor":46,"gold_loss":65}],"is_beta":true,"boss_relics":[{"not_picked":["Pandora\u0027s Box","Ring of the Serpent"],"picked":"Sozu"},{"not_picked":["Runic Pyramid","Lizard Tail"],"picked":"WristBlade"}],"items_purged_floors":[24],"is_endless":false,"potions_floor_spawned":[5,14,16,20,21,35,36,44,48],"killed_by":"Time Eater","ascension_level":3}