{"gold_per_floor":[119,139,149,74,92,92,122,22,101,101,111,111,136,151,151,151],"floor_reached":16,"playtime":772,"items_purged":["Strike_R","Strike_R"],"score":224,"play_id":"ef5c60b6-a012-4672-a74e-93b172bade1b","local_time":"20190126030952","is_ascension_mode":true,"campfire_choices":[{"data":"Armaments","floor":6,"key":"SMITH"},{"floor":12,"key":"REST"},{"floor":15,"key":"REST"}],"neow_cost":"PERCENT_DAMAGE","seed_source_timestamp":1658916687867995,"circlet_count":0,"master_deck":["AscendersBane","Strike_R","Strike_R","Strike_R","Defend_R","Defend_R","Defend_R","Defend_R","Bash","Armaments+1","Twin Strike+1","Fiend Fire","Clothesline","True Grit","Headbutt+1","Shrug It Off","Shockwave"],"relics":["Burning Blood","Prayer Wheel","Dodecahedron","Whetstone"],"potions_floor_usage":[7,13,16],"damage_taken":[{"damage":6,"enemies":"2 Louse","floor":1,"turns":4},{"damage":6,"enemies":"Small Slimes","floor":2,"turns":4},{"damage":1,"enemies":"Cultist","floor":3,"turns":4},{"damage":12,"enemies":"3 Louse","floor":5,"turns":6},{"damage":20,"enemies":"3 Sentries","floor":7,"turns":11},{"damage":41,"enemies":"Large Slime","floor":11,"turns":8},{"damage":20,"enemies":"Lagavulin","floor":13,"turns":8},{"damage":22,"enemies":"Lots of Slimes","floor":14,"turns":6},{"damage":60,"enemies":"Hexaghost","floor":16,"turns":12}],"seed_played":"530091029292940460","potions_obtained":[{"floor":3,"key":"PowerPotion"},{"floor":7,"key":"FearPotion"},{"floor":11,"key":"FairyPotion"},{"floor":13,"key":"Energy Potion"}],"is_trial":false,"path_per_floor":["M","M","M","$","M","R","E","$","T","?","M","R","E","M","R","B"],"character_chosen":"IRONCLAD","items_purchased":[],"campfire_rested":2,"item_purchase_floors":[],"current_hp_per_floor":[64,64,69,69,63,63,49,49,49,54,19,47,33,17,45,0],"gold":151,"neow_bonus":"TWENTY_PERCENT_HP_BONUS","is_prod":false,"is_daily":false,"chose_seed":false,"campfire_upgraded":1,"win_rate":0,"timestamp":1548500992,"path_taken":["M","M","M","$","M","R","E","$","T","?","M","R","E","M","R","BOSS"],"build_version":"2019-01-23","purchased_purges":2,"victory":false,"max_hp_per_floor":[89,89,89,89,89,89,89,89,89,94,94,94,94,94,94,94],"card_choices":[{"not_picked":["Thunderclap","Headbutt"],"picked":"Armaments","floor":1},{"not_picked":["Warcry","Seeing Red","Cleave"],"picked":"SKIP","floor":2},{"not_picked":["Flex","Burning Pact"],"picked":"Twin Strike","floor":3},{"not_picked":["Perfected Strike","Entrench"],"picked":"Fiend Fire","floor":5},{"not_picked":["Offering","Anger"],"picked":"Clothesline","floor":7},{"not_picked":["Shrug It Off","Sword Boomerang"],"picked":"True Grit","floor":11},{"not_picked":["Warcry","Iron Wave","Heavy Blade"],"picked":"SKIP","floor":11},{"not_picked":["Blood for Blood","Carnage"],"picked":"Headbutt","floor":13},{"not_picked":["Reckless Charge","Body Slam"],"picked":"Shrug It Off","floor":14},{"not_picked":["Flex","Heavy Blade"],"picked":"Shockwave","floor":14}],"player_experience":1212229,"relics_obtained":[{"floor":7,"key":"Prayer Wheel"},{"floor":9,"key":"Dodecahedron"},{"floor":13,"key":"Whetstone"}],"event_choices":[{"damage_healed":0,"gold_gain":0,"player_choice":"Donut","damage_taken":0,"max_hp_gain":5,"max_hp_loss":0,"event_name":"Big Fish","floor":10,"gold_loss":0}],"is_beta":true,"boss_relics":[],"items_purged_floors":[4,8],"is_endless":false,"potions_floor_spawned":[3,7,11,13],"killed_by":"Hexaghost","ascension_level":20}