{"gold_per_floor":[213,225,0,0,10,35,35,60,60,60,60,78,98,115,115,219,219,219,144,90,90,90,90,16,16,16,16,16,0,0,0,0,0,0,0,0,0,0,0,0,0,0],"floor_reached":42,"playtime":3160,"items_purged":["Strike_B"],"score":596,"play_id":"5d9ef9f2-def9-4c83-a3fa-4b734b8abb62","local_time":"20190329024920","is_ascension_mode":true,"campfire_choices":[{"data":"Sunder","floor":7,"key":"SMITH"},{"data":"Zap","floor":11,"key":"SMITH"},{"data":"Loop","floor":15,"key":"SMITH"},{"data":"Redo","floor":25,"key":"SMITH"},{"floor":27,"key":"REST"},{"floor":30,"key":"REST"},{"floor":32,"key":"REST"},{"data":"Creative AI","floor":40,"key":"SMITH"}],"neow_cost":"NONE","seed_source_timestamp":50033729297106,"circlet_count":0,"master_deck":["Defend_B","Defend_B","Defend_B","Zap+1","Dualcast","Coolheaded","Hologram","Sunder+1","Conserve Battery","Go for the Eyes","White Noise","Tempest","Undo","Loop+1","Auto Shields","Sweeping Beam","Rainbow","Redo+1","Cold Snap","Necronomicurse","Conserve Battery","Lockon","Auto Shields+1","Glacier","Bite","Bite","Bite","Bite","Bite","Creative AI+1","Sunder","Lockon+1","Meteor Strike","Redo+1","Ball Lightning+1","Self Repair+1"],"relics":["Cracked Core","Question Card","Pocketwatch","Incense Burner","Ectoplasm","Necronomicon","MawBank","Bag of Marbles","Darkstone Periapt","Sundial","Nuclear Battery"],"potions_floor_usage":[6,6,8,14,23,28,28,38],"damage_taken":[{"damage":2,"enemies":"Jaw Worm","floor":1,"turns":3},{"damage":0,"enemies":"Cultist","floor":2,"turns":3},{"damage":0,"enemies":"Small Slimes","floor":5,"turns":3},{"damage":58,"enemies":"Gremlin Nob","floor":6,"turns":6},{"damage":12,"enemies":"Lagavulin","floor":8,"turns":6},{"damage":0,"enemies":"Exordium Wildlife","floor":12,"turns":3},{"damage":0,"enemies":"Blue Slaver","floor":13,"turns":3},{"damage":1,"enemies":"Looter","floor":14,"turns":3},{"damage":0,"enemies":"The Guardian","floor":16,"turns":11},{"damage":0,"enemies":"Chosen","floor":18,"turns":5},{"damage":25,"enemies":"Slavers","floor":23,"turns":6},{"damage":43,"enemies":"Gremlin Leader","floor":28,"turns":6},{"damage":11,"enemies":"2 Thieves","floor":29,"turns":3},{"damage":43,"enemies":"Automaton","floor":33,"turns":12},{"damage":0,"enemies":"Orb Walker","floor":35,"turns":4},{"damage":0,"enemies":"3 Shapes","floor":36,"turns":6},{"damage":14,"enemies":"Writhing Mass","floor":38,"turns":4},{"damage":7,"enemies":"4 Shapes","floor":39,"turns":6},{"damage":39,"enemies":"Jaw Worm Horde","floor":41,"turns":4},{"damage":28,"enemies":"Reptomancer","floor":42,"turns":3}],"seed_played":"6637710193252472023","potions_obtained":[{"floor":2,"key":"SkillPotion"},{"floor":6,"key":"Block Potion"},{"floor":8,"key":"Regen Potion"},{"floor":12,"key":"Energy Potion"},{"floor":16,"key":"SpeedPotion"},{"floor":18,"key":"Fire Potion"},{"floor":33,"key":"PowerPotion"},{"floor":41,"key":"GamblersBrew"}],"is_trial":false,"path_per_floor":["M","M","$","?","M","E","R","E","T","?","R","M","M","M","R","B",null,"M","?","$","?","T","E","$","R","T","R","E","M","R","?","R","B",null,"M","M","?","M","M","R","M","E"],"character_chosen":"DEFECT","items_purchased":["Sunder","Conserve Battery","Weak Potion","Cold Snap","Lockon"],"campfire_rested":3,"item_purchase_floors":[3,3,3,20,24],"current_hp_per_floor":[73,73,73,73,73,15,15,3,3,28,28,28,28,36,36,36,75,75,75,75,59,59,34,34,34,34,56,13,2,24,24,39,20,52,52,52,52,40,39,39,6,0],"gold":0,"neow_bonus":"HUNDRED_GOLD","is_prod":false,"is_daily":false,"chose_seed":false,"campfire_upgraded":5,"win_rate":0,"timestamp":1553824160,"path_taken":["M","M","$","?","?","E","R","E","T","?","R","M","M","M","R","BOSS","M","?","$","?","?","E","$","R","T","R","E","M","R","?","R","BOSS","M","M","?","?","M","R","M","E"],"build_version":"2019-03-15","purchased_purges":1,"victory":false,"max_hp_per_floor":[75,75,75,75,75,75,75,75,75,75,75,75,75,75,75,75,75,75,75,75,75,75,75,75,75,75,75,75,75,75,52,52,52,52,52,52,52,52,52,52,52,52],"card_choices":[{"not_picked":["Sweeping Beam","Redo"],"picked":"Coolheaded","floor":1},{"not_picked":["Recycle","Stack"],"picked":"Hologram","floor":2},{"not_picked":["Rip and Tear","Stack"],"picked":"White Noise","floor":5},{"not_picked":["Thunder Strike","Barrage"],"picked":"Tempest","floor":6},{"not_picked":["Reboot","Gash","Lockon"],"picked":"Undo","floor":8},{"not_picked":["Turbo","Reinforced Body","Ball Lightning"],"picked":"Loop","floor":12},{"not_picked":["Redo","Leap","White Noise"],"picked":"Auto Shields","floor":13},{"not_picked":["Steam","Force Field","Reboot"],"picked":"Sweeping Beam","floor":14},{"not_picked":["Electrodynamics","All For One","Seek"],"picked":"Rainbow","floor":16},{"not_picked":["Hello World","Steam Power+1","Darkness"],"picked":"Redo","floor":18},{"not_picked":["Steam","Gash","Go for the Eyes"],"picked":"Conserve Battery","floor":23},{"not_picked":["Leap","Recycle","Streamline"],"picked":"Auto Shields+1","floor":28},{"not_picked":["Multi-Cast","Sunder","Conserve Battery"],"picked":"Glacier","floor":29},{"not_picked":["Electrodynamics","Fission","Rainbow"],"picked":"Creative AI","floor":33},{"not_picked":["Melter","Rebound","Undo+1"],"picked":"Sunder","floor":35},{"not_picked":["Coolheaded+1","Rebound+1","Turbo+1"],"picked":"Lockon+1","floor":36},{"not_picked":["Steam","Barrage+1","Storm+1"],"picked":"Redo+1","floor":38},{"not_picked":["Melter+1","Hologram","Heatsinks"],"picked":"Ball Lightning+1","floor":39},{"not_picked":["Rebound","Conserve Battery+1","Cold Snap"],"picked":"Self Repair+1","floor":41}],"player_experience":403980,"relics_obtained":[{"floor":6,"key":"Question Card"},{"floor":8,"key":"Pocketwatch"},{"floor":9,"key":"Incense Burner"},{"floor":21,"key":"Necronomicon"},{"floor":22,"key":"MawBank"},{"floor":23,"key":"Bag of Marbles"},{"floor":26,"key":"Darkstone Periapt"},{"floor":28,"key":"Sundial"}],"event_choices":[{"damage_healed":0,"gold_gain":0,"player_choice":"1 cards matched","damage_taken":0,"max_hp_gain":0,"max_hp_loss":0,"event_name":"Match and Keep!","floor":4,"gold_loss":0,"cards_obtained":["Go for the Eyes"]},{"damage_healed":25,"gold_gain":0,"player_choice":"Banana","damage_taken":0,"max_hp_gain":0,"max_hp_loss":0,"event_name":"Big Fish","floor":10,"gold_loss":0},{"cards_removed":["Defend_B"],"damage_healed":0,"gold_gain":0,"player_choice":"Gave Gold","damage_taken":0,"max_hp_gain":0,"max_hp_loss":0,"event_name":"Beggar","floor":19,"gold_loss":75},{"damage_healed":0,"gold_gain":0,"player_choice":"Obtained Book","damage_taken":16,"max_hp_gain":0,"max_hp_loss":0,"event_name":"Cursed Tome","floor":21,"gold_loss":0},{"damage_healed":0,"gold_gain":0,"player_choice":"Became a vampire","damage_taken":0,"max_hp_gain":0,"max_hp_loss":23,"event_name":"Vampires","floor":31,"gold_loss":0,"cards_obtained":["Bite","Bite","Bite","Bite","Bite"]},{"damage_healed":0,"gold_gain":0,"player_choice":"1 cards matched","damage_taken":0,"max_hp_gain":0,"max_hp_loss":0,"event_name":"Match and Keep!","floor":37,"gold_loss":0,"cards_obtained":["Meteor Strike"]}],"is_beta":true,"boss_relics":[{"not_picked":["Coffee Dripper","Pandora\u0027s Box"],"picked":"Ectoplasm"},{"not_picked":["Lizard Tail","Eternal Feather"],"picked":"Nuclear Battery"}],"items_purged_floors":[3],"is_endless":false,"potions_floor_spawned":[2,6,8,12,16,18,33,41],"killed_by":"Reptomancer","ascension_level":2}