{"gold_per_floor":[110,128,145,157,157,157,172,185,238,251,119,137,137,164,164,266,316,329,339,254,270,285,317,327,327,327,327,327],"floor_reached":28,"playtime":3983,"items_purged":["Strike_B"],"score":246,"play_id":"40e52ed4-50df-40d3-ad2c-d3cc57fcd340","local_time":"20181031142853","is_ascension_mode":false,"campfire_choices":[{"data":"Scrape","floor":6,"key":"SMITH"},{"data":"Static Discharge","floor":13,"key":"SMITH"},{"data":"Reprogram","floor":15,"key":"SMITH"},{"data":"Seek","floor":25,"key":"SMITH"},{"floor":27,"key":"REST"}],"neow_cost":"NONE","seed_source_timestamp":0,"circlet_count":0,"master_deck":["Strike_B","Strike_B","Defend_B","Defend_B+1","Defend_B","Defend_B","Zap","Dualcast","Scrape+1","Beam Cell","FTL","Gash","Genetic Algorithm","Scrape","Sweeping Beam","BootSequence","Go for the Eyes","Static Discharge+1","Reprogram+1","Gash","Fission","Aggregate","Stack+1","Beam Cell","Seek+1","Self Repair+1","Self Repair"],"special_seed":0,"relics":["Runic Pyramid","Smiling Mask","Juzu Bracelet","Tiny House","Sundial","Omamori","Centennial Puzzle"],"potions_floor_usage":[23,24],"damage_taken":[{"damage":1.0,"enemies":"Cultist","floor":1.0,"turns":3.0},{"damage":0.0,"enemies":"2 Louse","floor":2.0,"turns":3.0},{"damage":0.0,"enemies":"Small Slimes","floor":3.0,"turns":3.0},{"damage":11.0,"enemies":"Exordium Thugs","floor":4.0,"turns":5.0},{"damage":0,"enemies":"Large Slime","floor":7,"turns":3},{"damage":5,"enemies":"3 Louse","floor":8,"turns":3},{"damage":7,"enemies":"2 Fungi Beasts","floor":10,"turns":2},{"damage":0,"enemies":"Gremlin Gang","floor":12,"turns":3},{"damage":21,"enemies":"Gremlin Nob","floor":14,"turns":4},{"damage":7,"enemies":"Slime Boss","floor":16,"turns":8},{"damage":3,"enemies":"3 Byrds","floor":18,"turns":5},{"damage":3,"enemies":"Chosen","floor":19,"turns":6},{"damage":15,"enemies":"Snake Plant","floor":21,"turns":5},{"damage":1,"enemies":"Centurion and Healer","floor":22,"turns":6},{"damage":33,"enemies":"Book of Stabbing","floor":23,"turns":5},{"damage":8,"enemies":"3 Cultists","floor":24,"turns":5},{"damage":40,"enemies":"Slavers","floor":28,"turns":3}],"seed_played":"-4745328152844854671","potions_obtained":[{"floor":4.0,"key":"PowerPotion"},{"floor":7,"key":"Dexterity Potion"},{"floor":8,"key":"AttackPotion"},{"floor":17,"key":"FocusPotion"},{"floor":18,"key":"Ancient Potion"}],"is_trial":false,"path_per_floor":["M","M","M","M","?","R","M","M","T","M","$","M","R","E","R","B",null,"M","M","?","M","M","E","M","R","T","R"],"character_chosen":"DEFECT","items_purchased":["Go for the Eyes","Static Discharge"],"campfire_rested":1,"item_purchase_floors":[11,11],"current_hp_per_floor":[74,74,74,63,63,63,63,58,58,51,51,51,51,30,30,23,80,77,74,74,59,58,25,27,27,27,51,11],"gold":327,"neow_bonus":"BOSS_RELIC","is_prod":false,"is_daily":false,"chose_seed":false,"campfire_upgraded":4,"win_rate":0.0,"timestamp":1541010533,"path_taken":["M","M","M","M","?","R","M","M","T","M","$","M","R","E","R","BOSS","M","M","?","M","M","E","M","R","T","R","E"],"build_version":"2018-10-25v2","purchased_purges":1,"victory":false,"max_hp_per_floor":[75,75,75,75,75,75,75,75,75,75,75,75,75,75,75,75,80,80,80,80,80,80,80,80,80,80,80,80],"card_choices":[{"not_picked":["Beam Cell","Barrage"],"picked":"Scrape","floor":1.0},{"not_picked":["Conserve Battery","Skim"],"picked":"Beam Cell","floor":2.0},{"not_picked":["Static Discharge","Redo"],"picked":"FTL","floor":3.0},{"not_picked":["Turbo","Rebound"],"picked":"Gash","floor":4.0},{"not_picked":["Beam Cell","Rebound"],"picked":"Scrape","floor":7},{"not_picked":["Cold Snap","Rip and Tear"],"picked":"Sweeping Beam","floor":8},{"not_picked":["Stack","Reinforced Body"],"picked":"BootSequence","floor":10},{"not_picked":["Self Repair","Barrage"],"picked":"Reprogram","floor":12},{"not_picked":["Ball Lightning","Coolheaded"],"picked":"Gash","floor":14},{"not_picked":["Multi-Cast","Meteor Strike"],"picked":"Fission","floor":16},{"not_picked":["Darkness","Skim"],"picked":"Aggregate","floor":17},{"not_picked":["Leap","Hologram"],"picked":"Stack+1","floor":18},{"not_picked":["Turbo+1","Undo","Hologram"],"picked":"SKIP","floor":19},{"not_picked":["Darkness","Cold Snap"],"picked":"Beam Cell","floor":21},{"not_picked":["Sweeping Beam","Compile Driver+1"],"picked":"Seek","floor":22},{"not_picked":["Consume","Steam Power"],"picked":"Self Repair+1","floor":23},{"not_picked":["Lockon+1","Darkness"],"picked":"Self Repair","floor":24}],"player_experience":64368,"relics_obtained":[{"floor":9,"key":"Smiling Mask"},{"floor":14,"key":"Juzu Bracelet"},{"floor":23,"key":"Omamori"},{"floor":26,"key":"Centennial Puzzle"}],"event_choices":[{"damage_healed":0,"gold_gain":0,"cards_transformed":["Strike_B"],"player_choice":"Transformed","damage_taken":0,"max_hp_gain":0,"max_hp_loss":0,"event_name":"Transmorgrifier","floor":5,"gold_loss":0,"cards_obtained":["Genetic Algorithm"]},{"damage_healed":0,"gold_gain":0,"player_choice":"Obtained Relic","damage_taken":0,"relics_obtained":["Sundial"],"max_hp_gain":0,"max_hp_loss":0,"event_name":"Addict","floor":20,"gold_loss":85}],"is_beta":false,"boss_relics":[{"not_picked":["Ectoplasm","White Beast Statue"],"picked":"Tiny House"}],"items_purged_floors":[11],"is_endless":false,"potions_floor_spawned":[4,7,8,16,18,19,22],"killed_by":"Slavers","ascension_level":0}