{"gold_per_floor":[109,121,140,152,170,170,187,215,239,89,89,101,131,146,146,217,217,235,246,246,246,265,284,284,22,46,46,59,59,91,91],"floor_reached":31,"playtime":2956,"items_purged":["Strike_G","Strike_G+1"],"score":474,"play_id":"b24ca801-6af8-43f5-a380-9966d08c35e3","local_time":"20181020011426","is_ascension_mode":true,"campfire_choices":[{"data":"Neutralize","floor":6,"key":"SMITH"},{"floor":11,"key":"REST"},{"floor":15,"key":"REST"},{"floor":24,"key":"REST"},{"floor":27,"key":"REST"}],"neow_cost":"TEN_PERCENT_HP_LOSS","seed_source_timestamp":2496494465243033,"circlet_count":0,"master_deck":["Defend_G+1","Defend_G+1","Defend_G+1","Defend_G+1","Defend_G+1","Strike_G+1","Strike_G+1","Survivor+1","Neutralize+1","AscendersBane","Mayhem","Deep Breath","Footwork","Predator","Predator","Backstab","Noxious Fumes","Terror+1","Caltrops","Tools of the Trade","Footwork","PiercingWail+1","Reflex+1","Malaise+1","Deflect+1","Tools of the Trade","Cloak And Dagger+1","Well Laid Plans+1","Bandage Up+1","Footwork","Tactician+1"],"relics":["Ring of the Snake","Toxic Egg 2","Ancient Tea Set","Oddly Smooth Stone","Fusion Hammer","War Paint","PreservedInsect"],"potions_floor_usage":[8,8,31,31],"damage_taken":[{"damage":1,"enemies":"Cultist","floor":1,"turns":5},{"damage":7,"enemies":"2 Louse","floor":2,"turns":4},{"damage":1,"enemies":"Jaw Worm","floor":3,"turns":6},{"damage":10,"enemies":"Large Slime","floor":4,"turns":12},{"damage":4,"enemies":"Looter","floor":5,"turns":5},{"damage":0,"enemies":"Exordium Thugs","floor":7,"turns":4},{"damage":14,"enemies":"3 Sentries","floor":8,"turns":6},{"damage":6,"enemies":"3 Louse","floor":12,"turns":3},{"damage":13,"enemies":"Lagavulin","floor":13,"turns":7},{"damage":15,"enemies":"Exordium Wildlife","floor":14,"turns":4},{"damage":20,"enemies":"The Guardian","floor":16,"turns":11},{"damage":4,"enemies":"3 Byrds","floor":18,"turns":3},{"damage":8,"enemies":"Spheric Guardian","floor":19,"turns":6},{"damage":6,"enemies":"Centurion and Healer","floor":22,"turns":8},{"damage":0,"enemies":"Snake Plant","floor":23,"turns":5},{"damage":0,"enemies":"3 Cultists","floor":28,"turns":6},{"damage":5,"enemies":"Colosseum Slavers","floor":29,"turns":5},{"damage":28,"enemies":"Slavers","floor":30,"turns":7},{"damage":49,"enemies":"Cultist and Chosen","floor":31,"turns":6}],"seed_played":"4907482903516736029","potions_obtained":[{"floor":1,"key":"Strength Potion"},{"floor":2,"key":"Weak Potion"},{"floor":12,"key":"EntropicBrew"},{"floor":14,"key":"Weak Potion"}],"is_trial":false,"path_per_floor":["M","M","M","M","M","R","M","E","T","$","R","M","E","M","R","B",null,"M","M","?","?","M","M","R","$","T","R","M","?","E"],"character_chosen":"THE_SILENT","items_purchased":["Tools of the Trade","Bandage Up+1","Footwork"],"campfire_rested":4,"item_purchase_floors":[10,25,25],"current_hp_per_floor":[58,51,50,40,36,36,36,22,22,22,40,34,21,6,24,4,46,42,34,34,34,28,28,46,46,46,60,60,60,38,0],"gold":91,"neow_bonus":"RANDOM_COLORLESS_2","is_prod":false,"is_daily":false,"chose_seed":false,"campfire_upgraded":1,"win_rate":0,"timestamp":1540023266,"path_taken":["M","M","M","M","M","R","M","E","T","$","R","M","E","M","R","BOSS","M","?","?","?","M","M","R","$","T","R","M","?","E","M"],"build_version":"2018-10-19","purchased_purges":2,"victory":false,"max_hp_per_floor":[60,60,60,60,60,60,60,60,60,60,60,60,60,60,60,60,60,60,60,60,60,60,60,60,60,60,60,60,60,60,60],"card_choices":[{"not_picked":["Dagger Spray","Blade Dance"],"picked":"Footwork","floor":1},{"not_picked":["Tactician","Bane"],"picked":"Predator","floor":2},{"not_picked":["Blade Dance","Finisher"],"picked":"Predator","floor":3},{"not_picked":["Predator","Choke"],"picked":"Backstab","floor":4},{"not_picked":["Poisoned Stab","Bane"],"picked":"Noxious Fumes","floor":5},{"not_picked":["Setup","Infinite Blades"],"picked":"Terror","floor":7},{"not_picked":["Dodge and Roll","Quick Slash"],"picked":"Caltrops","floor":8},{"not_picked":["Cloak And Dagger+1","Skewer"],"picked":"Footwork","floor":12},{"not_picked":["Blur+1","Outmaneuver+1"],"picked":"PiercingWail+1","floor":13},{"not_picked":["Concentrate+1","Heel Hook"],"picked":"Reflex+1","floor":14},{"not_picked":["Wraith Form v2","Glass Knife"],"picked":"Malaise+1","floor":16},{"not_picked":["Blade Dance+1","Poisoned Stab+1"],"picked":"Deflect+1","floor":18},{"not_picked":["Dagger Spray+1","Choke"],"picked":"Tools of the Trade","floor":19},{"not_picked":["Blade Dance+1","Setup+1"],"picked":"Cloak And Dagger+1","floor":22},{"not_picked":["Slice","Deflect+1"],"picked":"Well Laid Plans+1","floor":23},{"not_picked":["Underhanded Strike","Backstab"],"picked":"Tactician+1","floor":28},{"not_picked":["Bane","Dodge and Roll+1","Riddle With Holes"],"picked":"SKIP","floor":30}],"player_experience":916685,"relics_obtained":[{"floor":8,"key":"Toxic Egg 2"},{"floor":9,"key":"Ancient Tea Set"},{"floor":13,"key":"Oddly Smooth Stone"},{"floor":26,"key":"War Paint"},{"floor":30,"key":"PreservedInsect"}],"event_choices":[{"damage_healed":0,"gold_gain":0,"player_choice":"Simplicity","damage_taken":0,"max_hp_gain":0,"max_hp_loss":0,"event_name":"Back to Basics","floor":20,"gold_loss":0,"cards_upgraded":["Defend_G","Defend_G","Defend_G","Defend_G","Defend_G","Strike_G","Strike_G","Strike_G","Strike_G"]},{"cards_removed":["Strike_G"],"damage_healed":0,"gold_gain":0,"player_choice":"Purged","damage_taken":0,"max_hp_gain":0,"max_hp_loss":0,"event_name":"Purifier","floor":21,"gold_loss":0},{"damage_healed":0,"gold_gain":0,"player_choice":"Fight","damage_taken":0,"max_hp_gain":0,"max_hp_loss":0,"event_name":"Colosseum","floor":29,"gold_loss":0},{"damage_healed":0,"gold_gain":0,"player_choice":"Fled From Nobs","damage_taken":0,"max_hp_gain":0,"max_hp_loss":0,"event_name":"Colosseum","floor":29,"gold_loss":0}],"is_beta":true,"boss_relics":[{"not_picked":["Empty Cage","Ectoplasm"],"picked":"Fusion Hammer"}],"items_purged_floors":[10,25],"is_endless":false,"potions_floor_spawned":[1,2,3,12,14,19,23,28,29],"killed_by":"Cultist and Chosen","ascension_level":15}