{"gold_per_floor":[110,110,110,125,200,200,240,130,157,190,209,209,245,282,294,437,449,476,502,514,526,557,569,591,603,615,627,671,683,794,806,818,931,943,965,977,633,649,660,660,693,713,713,713,713,713,83,96,96,96],"floor_reached":50,"playtime":3794,"items_purged":["Strike_G","Clumsy","Strike_G"],"score":650,"play_id":"50760850-8e38-44bf-b6c8-fe63f4a1374e","local_time":"20190318001214","is_ascension_mode":true,"campfire_choices":[{"data":"Sucker Punch","floor":6,"key":"SMITH"},{"floor":12,"key":"DIG"},{"floor":15,"key":"REST"},{"floor":23,"key":"REST"},{"data":"A Thousand Cuts","floor":25,"key":"SMITH"},{"floor":27,"key":"REST"},{"floor":29,"key":"DIG"},{"floor":32,"key":"REST"},{"data":"Noxious Fumes","floor":40,"key":"SMITH"},{"data":"Bouncing Flask","floor":45,"key":"SMITH"},{"data":"Crippling Poison","floor":49,"key":"SMITH"}],"neow_cost":"NONE","seed_source_timestamp":37372276658904,"circlet_count":0,"master_deck":["Defend_G","Defend_G","Defend_G","Defend_G","Defend_G","Strike_G","Strike_G","Strike_G","Survivor","Neutralize","Sucker Punch+1","Bouncing Flask+1","Dagger Spray","Noxious Fumes+1","Bouncing Flask","A Thousand Cuts+1","Flying Knee+1","Well Laid Plans","PiercingWail","Slice+1","Blade Dance+1","Adrenaline","Phantasmal Killer","Deflect","Leg Sweep","Crippling Poison+1","Setup+1","The Bomb","Backflip","Backstab","Acrobatics+1"],"relics":["Ring of the Snake","NeowsBlessing","Question Card","Anchor","Vajra","Shovel","MawBank","Oddly Smooth Stone","Cursed Key","Nilry\u0027s Codex","Nloth\u0027s Gift","Dream Catcher","Blood Vial","Regal Pillow","Eternal Feather","TheAbacus","Omamori","Lantern","Ancient Tea Set"],"potions_floor_usage":[10,10,16,16,18,22,28,39,39,42,50,50,50],"damage_taken":[{"damage":0,"enemies":"Cultist","floor":1,"turns":1},{"damage":0,"enemies":"2 Louse","floor":4,"turns":1},{"damage":0,"enemies":"Lagavulin","floor":7,"turns":1},{"damage":4,"enemies":"3 Sentries","floor":10,"turns":6},{"damage":0,"enemies":"Small Slimes","floor":11,"turns":3},{"damage":0,"enemies":"Looter","floor":13,"turns":3},{"damage":7,"enemies":"Hexaghost","floor":16,"turns":8},{"damage":10,"enemies":"Spheric Guardian","floor":18,"turns":4},{"damage":0,"enemies":"Shell Parasite","floor":19,"turns":4},{"damage":17,"enemies":"Snecko","floor":22,"turns":6},{"damage":0,"enemies":"Cultist and Chosen","floor":24,"turns":5},{"damage":42,"enemies":"Gremlin Leader","floor":28,"turns":7},{"damage":39,"enemies":"Automaton","floor":33,"turns":10},{"damage":2,"enemies":"Orb Walker","floor":35,"turns":4},{"damage":0,"enemies":"3 Shapes","floor":38,"turns":4},{"damage":20,"enemies":"Spire Growth","floor":39,"turns":4},{"damage":62,"enemies":"Reptomancer","floor":41,"turns":8},{"damage":18,"enemies":"Sphere and 2 Shapes","floor":42,"turns":5},{"damage":31,"enemies":"Writhing Mass","floor":48,"turns":6},{"damage":68,"enemies":"Time Eater","floor":50,"turns":11}],"seed_played":"-695929944123651761","potions_obtained":[{"floor":1,"key":"AttackPotion"},{"floor":7,"key":"PowerPotion"},{"floor":10,"key":"Energy Potion"},{"floor":11,"key":"GhostInAJar"},{"floor":13,"key":"Block Potion"},{"floor":18,"key":"SneckoOil"},{"floor":24,"key":"Weak Potion"},{"floor":38,"key":"Swift Potion"},{"floor":41,"key":"Dexterity Potion"},{"floor":42,"key":"PowerPotion"}],"is_trial":false,"path_per_floor":["M","?","?","M","?","R","E","$","T","E","M","R","M","T","R","B",null,"M","M","?","?","M","R","M","R","T","R","E","R","?","?","R","B",null,"M","?","$","M","M","R","E","M","T","?","R","?","$","M","R","B"],"character_chosen":"THE_SILENT","items_purchased":["Noxious Fumes","Poison Potion","TheAbacus","Ancient Tea Set","PowerPotion","The Bomb","Backflip","Block Potion","Backstab"],"campfire_rested":4,"item_purchase_floors":[8,37,37,47,47,47,47,47,47],"current_hp_per_floor":[70,53,50,50,39,39,39,39,39,35,35,35,35,35,56,49,70,60,60,44,44,27,48,48,48,48,69,27,27,27,14,51,14,75,73,85,85,85,65,80,20,4,4,74,74,74,74,43,61,0],"gold":96,"neow_bonus":"THREE_ENEMY_KILL","is_prod":false,"is_daily":false,"chose_seed":false,"campfire_upgraded":5,"win_rate":0,"timestamp":1552864334,"path_taken":["M","?","?","M","?","R","E","$","T","E","M","R","M","?","R","BOSS","M","M","?","?","?","R","M","R","T","R","E","R","?","?","R","BOSS","M","?","$","M","?","R","E","M","T","?","R","?","$","M","R","BOSS"],"build_version":"2019-03-15","purchased_purges":3,"victory":false,"max_hp_per_floor":[70,70,70,70,70,70,70,70,70,70,70,70,70,70,70,70,70,70,70,70,70,70,70,70,70,70,70,70,70,70,75,75,75,75,75,85,85,85,85,85,85,85,85,74,74,74,74,74,74,74],"card_choices":[{"not_picked":["Catalyst","Blade Dance"],"picked":"Sucker Punch","floor":1},{"not_picked":["Choke","Underhanded Strike","Prepared"],"picked":"Bouncing Flask","floor":4},{"not_picked":["Wraith Form v2","Setup","Sucker Punch"],"picked":"Dagger Spray","floor":7},{"not_picked":["Underhanded Strike","Sucker Punch","Blade Dance","Slice"],"picked":"SKIP","floor":10},{"not_picked":["Blade Dance","Underhanded Strike","Bane","Deadly Poison"],"picked":"SKIP","floor":11},{"not_picked":["Setup","Prepared","Acrobatics"],"picked":"Bouncing Flask","floor":13},{"not_picked":["Unload","Grand Finale","Wraith Form v2"],"picked":"A Thousand Cuts","floor":16},{"not_picked":["Concentrate","Poisoned Stab","Slice"],"picked":"Flying Knee+1","floor":18},{"not_picked":["Dagger Throw","Eviscerate","Bane"],"picked":"Well Laid Plans","floor":19},{"not_picked":["Outmaneuver","Deadly Poison","Cloak And Dagger"],"picked":"PiercingWail","floor":22},{"not_picked":["Choke","Outmaneuver","Flying Knee"],"picked":"Slice+1","floor":24},{"not_picked":["Slice","Outmaneuver+1","Underhanded Strike+1"],"picked":"Blade Dance+1","floor":27},{"not_picked":["Blade Dance","Sucker Punch","Dagger Spray"],"picked":"Malaise","floor":28},{"not_picked":["Grand Finale","Venomology","Malaise"],"picked":"Adrenaline","floor":33},{"not_picked":["Poisoned Stab+1","Dagger Spray","Outmaneuver"],"picked":"Phantasmal Killer","floor":35},{"not_picked":["Storm of Steel","Slice","Dodge and Roll"],"picked":"Deflect","floor":38},{"not_picked":["Blur","Doppelganger","Flying Knee+1"],"picked":"Leg Sweep","floor":39},{"not_picked":["PiercingWail+1","Prepared","Calculated Gamble"],"picked":"Crippling Poison","floor":41},{"not_picked":["Dagger Spray","Deflect","Prepared+1"],"picked":"Setup+1","floor":42},{"not_picked":["Bane","Night Terror","Cloak And Dagger"],"picked":"Acrobatics+1","floor":48}],"player_experience":299287,"relics_obtained":[{"floor":7,"key":"Anchor"},{"floor":9,"key":"Vajra"},{"floor":10,"key":"Shovel"},{"floor":12,"key":"MawBank"},{"floor":14,"key":"Oddly Smooth Stone"},{"floor":20,"key":"Nilry\u0027s Codex"},{"floor":26,"key":"Dream Catcher"},{"floor":28,"key":"Blood Vial"},{"floor":29,"key":"Regal Pillow"},{"floor":41,"key":"Omamori"},{"floor":43,"key":"Lantern"}],"event_choices":[{"damage_healed":0,"gold_gain":0,"player_choice":"Take Damage","damage_taken":17,"relics_obtained":["Golden Idol"],"max_hp_gain":0,"max_hp_loss":0,"event_name":"Golden Idol","floor":2,"gold_loss":0},{"damage_healed":0,"gold_gain":0,"player_choice":"Success","damage_taken":3,"relics_obtained":["Question Card"],"max_hp_gain":0,"max_hp_loss":0,"event_name":"Scrap Ooze","floor":3,"gold_loss":0},{"damage_healed":0,"gold_gain":75,"player_choice":"Gather Gold","damage_taken":11,"max_hp_gain":0,"max_hp_loss":0,"event_name":"World of Goop","floor":5,"gold_loss":0},{"damage_healed":0,"gold_gain":0,"player_choice":"Obtained Book","damage_taken":16,"max_hp_gain":0,"max_hp_loss":0,"event_name":"Cursed Tome","floor":20,"gold_loss":0},{"damage_healed":0,"gold_gain":0,"player_choice":"Traded Relic","damage_taken":0,"relics_obtained":["Nloth\u0027s Gift"],"max_hp_gain":0,"max_hp_loss":0,"event_name":"N\u0027loth","floor":21,"relics_lost":["Golden Idol"],"gold_loss":0},{"damage_healed":0,"gold_gain":99,"player_choice":"Stole From Cult","damage_taken":0,"max_hp_gain":0,"max_hp_loss":0,"event_name":"Nest","floor":30,"gold_loss":0},{"damage_healed":0,"gold_gain":0,"player_choice":"Shed Blood","damage_taken":18,"max_hp_gain":5,"max_hp_loss":0,"event_name":"Forgotten Altar","floor":31,"gold_loss":0},{"cards_removed":["Malaise"],"damage_healed":2,"gold_gain":0,"player_choice":"Offered Rare","damage_taken":0,"max_hp_gain":10,"max_hp_loss":0,"event_name":"Bonfire Elementals","floor":36,"gold_loss":0},{"damage_healed":74,"gold_gain":0,"player_choice":"Heal","damage_taken":0,"max_hp_gain":0,"max_hp_loss":11,"event_name":"The Moai Head","floor":44,"gold_loss":0},{"damage_healed":0,"gold_gain":0,"player_choice":"Ignored","damage_taken":0,"max_hp_gain":0,"max_hp_loss":0,"event_name":"Tomb of Lord Red Mask","floor":46,"gold_loss":0}],"is_beta":true,"boss_relics":[{"not_picked":["WristBlade","Philosopher\u0027s Stone"],"picked":"Cursed Key"},{"not_picked":["Orrery","Velvet Choker"],"picked":"Eternal Feather"}],"items_purged_floors":[8,37,47],"is_endless":false,"potions_floor_spawned":[1,7,10,11,13,18,24,38,41,42,48],"killed_by":"Time Eater","ascension_level":4}