{"gold_per_floor":[112,112,123,123,12,12,12,12,12,45,45,88,88,121,121,214,214,228,243,243,256,276,276,297,297,370,370,370,370],"floor_reached":29,"playtime":1378,"items_purged":[],"score":478,"play_id":"e7cbed01-bf19-44af-95c4-1109ce38c727","local_time":"20190107014222","is_ascension_mode":true,"campfire_choices":[{"data":"Bouncing Flask","floor":6.0,"key":"SMITH"},{"data":"Bane","floor":8.0,"key":"SMITH"},{"floor":11.0,"key":"REST"},{"data":"Bouncing Flask","floor":15.0,"key":"SMITH"},{"floor":23,"key":"REST"},{"data":"Malaise","floor":25,"key":"SMITH"},{"data":"Noxious Fumes","floor":28,"key":"SMITH"}],"neow_cost":"PERCENT_DAMAGE","seed_source_timestamp":6047986311016000,"circlet_count":0,"master_deck":["AscendersBane","Defend_G","Defend_G","Defend_G","Defend_G","Defend_G","Strike_G","Strike_G","Strike_G","Survivor","Neutralize","Cloak And Dagger","Backflip","Bouncing Flask+1","Bane+1","Backflip","Bane","Bouncing Flask+1","Burst","Noxious Fumes+1","Deflect+1","Malaise+1","Poisoned Stab","Glass Knife+1"],"special_seed":0,"relics":["Ring of the Snake","Turnip","Golden Idol","Singing Bowl","Bag of Preparation","Happy Flower","Mango","The Courier","Runic Pyramid","Molten Egg 2"],"potions_floor_usage":[16,21],"damage_taken":[{"damage":2.0,"enemies":"Small Slimes","floor":1.0,"turns":5.0},{"damage":4.0,"enemies":"Cultist","floor":3.0,"turns":4.0},{"damage":27.0,"enemies":"Gremlin Nob","floor":10.0,"turns":4.0},{"damage":10.0,"enemies":"Lagavulin","floor":12.0,"turns":4.0},{"damage":3.0,"enemies":"Gremlin Nob","floor":14.0,"turns":3.0},{"damage":14,"enemies":"The Guardian","floor":16,"turns":8},{"damage":5,"enemies":"Shell Parasite","floor":18,"turns":4},{"damage":6,"enemies":"Chosen","floor":19,"turns":4},{"damage":38,"enemies":"3 Cultists","floor":21,"turns":7},{"damage":0,"enemies":"Centurion and Healer","floor":22,"turns":7},{"damage":11,"enemies":"Sentry and Sphere","floor":24,"turns":7},{"damage":36,"enemies":"3 Cultists","floor":29,"turns":4}],"seed_played":"-5804115962537210131","potions_obtained":[{"floor":3.0,"key":"PowerPotion"},{"floor":10.0,"key":"Strength Potion"},{"floor":14.0,"key":"Swift Potion"},{"floor":18,"key":"AttackPotion"}],"is_trial":false,"path_per_floor":["M","?","M","?","$","R","$","R","T","E","R","E","?","E","R","B",null,"M","M","?","M","M","R","M","R","T","?","R","M"],"character_chosen":"THE_SILENT","items_purchased":["Bouncing Flask","Bane"],"campfire_rested":2,"item_purchase_floors":[5,5],"current_hp_per_floor":[42,42,38,38,38,38,38,38,38,11,29,19,33,30,30,16,60,55,51,51,13,13,35,24,24,24,24,24,0],"gold":370,"neow_bonus":"ONE_RARE_RELIC","is_prod":false,"is_daily":false,"chose_seed":false,"campfire_upgraded":5,"win_rate":0,"timestamp":1546854142,"path_taken":["M","?","?","?","$","R","$","R","T","E","R","E","?","E","R","BOSS","M","?","?","M","M","R","M","R","T","?","R","M"],"build_version":"2019-01-03v4","purchased_purges":0,"victory":false,"max_hp_per_floor":[66,66,66,60,60,60,60,60,60,60,60,60,74,74,74,74,74,74,76,76,76,76,76,76,76,76,76,76,76],"card_choices":[{"not_picked":["Deadly Poison","Slice"],"picked":"Cloak And Dagger","floor":1.0},{"not_picked":["Prepared","Underhanded Strike"],"picked":"Backflip","floor":3.0},{"not_picked":["PiercingWail","Concentrate"],"picked":"Backflip","floor":10.0},{"not_picked":["Acrobatics","Dagger Throw"],"picked":"Bane","floor":12.0},{"not_picked":["Bane","Riddle With Holes"],"picked":"Bouncing Flask","floor":14.0},{"not_picked":["Tools of the Trade","Venomology"],"picked":"Burst","floor":16},{"not_picked":["Footwork","Calculated Gamble"],"picked":"Noxious Fumes","floor":18},{"not_picked":["Well Laid Plans+1","Cloak And Dagger","Tactician"],"picked":"Singing Bowl","floor":19},{"not_picked":["Bane","Blade Dance"],"picked":"Deflect+1","floor":21},{"not_picked":["Dodge and Roll","Tactician+1"],"picked":"Malaise","floor":22},{"not_picked":["Eviscerate","Dagger Throw+1"],"picked":"Poisoned Stab","floor":24}],"player_experience":3196109,"relics_obtained":[{"floor":9.0,"key":"Singing Bowl"},{"floor":10.0,"key":"Bag of Preparation"},{"floor":12.0,"key":"Happy Flower"},{"floor":13.0,"key":"Mango"},{"floor":14.0,"key":"The Courier"},{"floor":26,"key":"Molten Egg 2"}],"event_choices":[{"cards_removed":["Strike_G"],"damage_healed":0.0,"max_hp_gain":0.0,"max_hp_loss":0.0,"gold_gain":0.0,"event_name":"Purifier","player_choice":"Purged","floor":2.0,"gold_loss":0.0,"damage_taken":0.0},{"damage_healed":0.0,"max_hp_gain":0.0,"max_hp_loss":6.0,"gold_gain":0.0,"event_name":"Golden Idol","player_choice":"Lose Max HP","floor":4.0,"gold_loss":0.0,"damage_taken":0.0,"relics_obtained":["Golden Idol"]},{"damage_healed":0.0,"max_hp_gain":0.0,"max_hp_loss":0.0,"gold_gain":0.0,"event_name":"Wheel of Change","player_choice":"Relic","floor":13.0,"gold_loss":0.0,"damage_taken":0.0},{"damage_healed":0,"gold_gain":0,"player_choice":"Ignored","damage_taken":0,"max_hp_gain":0,"max_hp_loss":0,"event_name":"Ghosts","floor":20,"gold_loss":0},{"damage_healed":0,"gold_gain":0,"cards_transformed":["Strike_G"],"player_choice":"Transformed","damage_taken":0,"max_hp_gain":0,"max_hp_loss":0,"event_name":"Transmorgrifier","floor":27,"gold_loss":0,"cards_obtained":["Glass Knife"]}],"is_beta":true,"boss_relics":[{"not_picked":["Ring of the Serpent","Black Star"],"picked":"Runic Pyramid"}],"items_purged_floors":[],"is_endless":false,"potions_floor_spawned":[3,10,14,18],"killed_by":"3 Cultists","ascension_level":20}