{"gold_per_floor":[110,185,19,31,48,83,83,83,165,165,196,24,40,55,55,55],"floor_reached":16,"playtime":857,"items_purged":["Decay","Strike_R"],"score":171,"play_id":"da96428b-63c2-4fc6-9fee-2fb79d623096","local_time":"20190310202323","is_ascension_mode":true,"campfire_choices":[{"data":"Bash","floor":7,"key":"SMITH"},{"floor":10,"key":"REST"},{"data":"Spot Weakness","floor":15,"key":"SMITH"}],"neow_cost":"CURSE","seed_source_timestamp":61969853242355,"circlet_count":0,"master_deck":["AscendersBane","Strike_R","Strike_R","Strike_R","Strike_R","Defend_R","Defend_R+1","Defend_R","Defend_R","Bash+1","Immolate+1","Shrug It Off","Corruption","True Grit","Flex","Thunderclap","Entrench","Metallicize+1","Spot Weakness+1","Sword Boomerang"],"relics":["Burning Blood","Art of War","Frozen Egg 2","Blue Candle"],"potions_floor_usage":[13,14,16],"damage_taken":[{"damage":11,"enemies":"Jaw Worm","floor":1,"turns":3},{"damage":1,"enemies":"Cultist","floor":4,"turns":4},{"damage":4,"enemies":"Small Slimes","floor":5,"turns":2},{"damage":49,"enemies":"Lagavulin","floor":6,"turns":7},{"damage":8,"enemies":"Gremlin Nob","floor":11,"turns":3},{"damage":2,"enemies":"Looter","floor":13,"turns":3},{"damage":5,"enemies":"Blue Slaver","floor":14,"turns":5},{"damage":41,"enemies":"Slime Boss","floor":16,"turns":6}],"seed_played":"-8926996280856582330","potions_obtained":[{"floor":6,"key":"Energy Potion"},{"floor":11,"key":"SpeedPotion"},{"floor":13,"key":"Weak Potion"},{"floor":14,"key":"SpeedPotion"}],"is_trial":false,"path_per_floor":["M","?","$","M","M","E","R","?","T","R","E","$","M","M","R","B"],"character_chosen":"IRONCLAD","items_purchased":["Corruption","True Grit","Spot Weakness"],"campfire_rested":1,"item_purchase_floors":[3,3,12],"current_hp_per_floor":[67,59,59,64,66,23,23,7,7,31,29,29,33,34,34,0],"gold":55,"neow_bonus":"THREE_RARE_CARDS","is_prod":false,"is_daily":false,"chose_seed":false,"campfire_upgraded":2,"win_rate":0,"timestamp":1552245803,"path_taken":["M","?","$","M","?","E","R","?","T","R","E","$","M","M","R","BOSS"],"build_version":"2019-02-06","purchased_purges":2,"victory":false,"max_hp_per_floor":[80,80,80,80,80,80,80,80,80,80,80,80,80,80,80,80],"card_choices":[{"not_picked":["Fiend Fire","Dark Embrace"],"picked":"Immolate","floor":0},{"not_picked":["True Grit","Rupture"],"picked":"Shrug It Off","floor":1},{"not_picked":["Twin Strike","Clash"],"picked":"Flex","floor":4},{"not_picked":["Reckless Charge","Bloodletting"],"picked":"Thunderclap","floor":5},{"not_picked":["Rupture","Havoc"],"picked":"Entrench","floor":6},{"not_picked":["Body Slam","Sword Boomerang"],"picked":"Metallicize+1","floor":11},{"not_picked":["True Grit","Flex","Combust+1"],"picked":"SKIP","floor":13},{"not_picked":["Second Wind","Shrug It Off"],"picked":"Sword Boomerang","floor":14}],"player_experience":154517,"relics_obtained":[{"floor":6,"key":"Art of War"},{"floor":9,"key":"Frozen Egg 2"},{"floor":11,"key":"Blue Candle"}],"event_choices":[{"damage_healed":0,"gold_gain":75,"player_choice":"Touch","damage_taken":8,"max_hp_gain":0,"max_hp_loss":0,"event_name":"FaceTrader","floor":2,"gold_loss":0},{"damage_healed":0,"gold_gain":0,"player_choice":"Entered Light","damage_taken":16,"max_hp_gain":0,"max_hp_loss":0,"event_name":"Shining Light","floor":8,"gold_loss":0,"cards_upgraded":["Defend_R","Immolate"]}],"is_beta":true,"boss_relics":[],"items_purged_floors":[3,12],"is_endless":false,"potions_floor_spawned":[6,11,13,14],"killed_by":"Slime Boss","ascension_level":11}