{"gold_per_floor":[117,131,131,144,43,73,148,148,148,3,19,47,47,12,12,115,115,115,115,115,55,55,55,55,55,55,55,55,55,0,0,0,0,0,0,0,0,0,0,0,0,0,0,0,0,0,0,0,0,0],"floor_reached":51,"playtime":5328,"items_purged":["Strike_R","Strike_R"],"score":792,"play_id":"556c1b5d-1ad0-479c-bbf0-eb18ec0ad15d","local_time":"20181102230850","is_ascension_mode":true,"campfire_choices":[{"data":"Heavy Blade","floor":8,"key":"SMITH"},{"data":"Inflame","floor":15,"key":"SMITH"},{"data":"Metallicize","floor":23,"key":"SMITH"},{"data":"Corruption","floor":28,"key":"SMITH"},{"floor":32,"key":"REST"},{"data":"Enlightenment","floor":40,"key":"SMITH"},{"data":"Demon Form","floor":49,"key":"SMITH"}],"neow_cost":"NONE","seed_source_timestamp":50585806392182,"circlet_count":0,"master_deck":["Defend_R","Defend_R","Defend_R","Heavy Blade+1","Inflame+1","Iron Wave","Inflame","Shrug It Off","Pommel Strike","Metallicize+1","Demon Form+1","Heavy Blade+1","Shrug It Off","Corruption+1","Shrug It Off","Heavy Blade","Reaper","Brutality","Limit Break","Battle Trance+1","Twin Strike+1","Blood for Blood","Pummel+1","Thinking Ahead","Enlightenment+1","Enlightenment","Headbutt+1","Warcry+1","Feel No Pain+1","Seeing Red"],"relics":["Burning Blood","NeowsBlessing","Ginger","Letter Opener","FossilizedHelix","Red Skull","Ectoplasm","Meat on the Bone","Ornamental Fan","Strawberry","Astrolabe","Charon\u0027s Ashes","Mercury Hourglass","Self Forming Clay","Ancient Tea Set","Calipers"],"potions_floor_usage":[12,16,18,22,33,50,50,50],"damage_taken":[{"damage":0,"enemies":"Cultist","floor":1,"turns":1},{"damage":0,"enemies":"Small Slimes","floor":2,"turns":1},{"damage":0,"enemies":"Jaw Worm","floor":4,"turns":1},{"damage":19,"enemies":"Gremlin Nob","floor":6,"turns":5},{"damage":0,"enemies":"3 Louse","floor":11,"turns":5},{"damage":9,"enemies":"3 Sentries","floor":12,"turns":7},{"damage":25,"enemies":"Hexaghost","floor":16,"turns":12},{"damage":20,"enemies":"Spheric Guardian","floor":18,"turns":4},{"damage":9,"enemies":"2 Thieves","floor":21,"turns":4},{"damage":9,"enemies":"Snake Plant","floor":22,"turns":4},{"damage":22,"enemies":"Slavers","floor":24,"turns":6},{"damage":2,"enemies":"Centurion and Healer","floor":25,"turns":5},{"damage":0,"enemies":"Shelled Parasite and Fungi","floor":27,"turns":5},{"damage":0,"enemies":"Cultist and Chosen","floor":29,"turns":5},{"damage":36,"enemies":"Book of Stabbing","floor":31,"turns":6},{"damage":63,"enemies":"Collector","floor":33,"turns":8},{"damage":11,"enemies":"Orb Walker","floor":35,"turns":4},{"damage":53,"enemies":"2 Orb Walkers","floor":36,"turns":5},{"damage":26,"enemies":"3 Shapes","floor":38,"turns":4},{"damage":2,"enemies":"Sphere and 2 Shapes","floor":41,"turns":4},{"damage":4,"enemies":"Transient","floor":42,"turns":5},{"damage":49,"enemies":"Reptomancer","floor":44,"turns":6},{"damage":4,"enemies":"Nemesis","floor":46,"turns":7},{"damage":0,"enemies":"Maw","floor":47,"turns":4},{"damage":28,"enemies":"Donu and Deca","floor":50,"turns":7}],"seed_played":"9002010940956401850","potions_obtained":[{"floor":6,"key":"Strength Potion"},{"floor":12,"key":"Fruit Juice"},{"floor":16,"key":"SkillPotion"},{"floor":21,"key":"SpeedPotion"},{"floor":25,"key":"SpeedPotion"},{"floor":33,"key":"Dexterity Potion"},{"floor":36,"key":"LiquidBronze"},{"floor":42,"key":"Ancient Potion"},{"floor":44,"key":"BloodPotion"}],"is_trial":false,"path_per_floor":["M","M","?","M","$","E","?","R","T","$","M","E","?","?","R","B",null,"M","?","?","M","M","R","E","M","T","M","R","M","?","E","R","B",null,"M","?","?","M","?","R","M","M","T","E","?","E","M","?","R","B",null],"character_chosen":"IRONCLAD","items_purchased":["Shrug It Off","Shrug It Off"],"campfire_rested":1,"item_purchase_floors":[5,10],"current_hp_per_floor":[80,80,73,79,79,66,55,55,55,55,61,58,51,71,71,57,85,71,71,71,68,65,65,49,53,53,59,59,65,65,56,83,55,92,92,65,65,57,47,47,66,75,75,64,64,75,92,92,92,89],"gold":0,"neow_bonus":"THREE_ENEMY_KILL","is_prod":false,"is_daily":false,"chose_seed":false,"campfire_upgraded":6,"win_rate":0,"timestamp":1541196530,"path_taken":["M","M","?","M","$","E","?","R","T","$","M","E","?","?","R","BOSS","M","?","?","M","M","R","E","?","T","M","R","M","?","E","R","BOSS","M","?","?","?","?","R","M","M","T","E","?","E","?","?","R","BOSS"],"build_version":"2018-11-01","purchased_purges":2,"victory":true,"max_hp_per_floor":[80,80,80,80,80,80,80,80,80,80,80,80,80,80,80,85,85,85,85,85,85,85,85,85,85,85,85,85,85,85,92,92,92,92,92,92,92,92,92,92,92,92,92,92,92,92,92,92,92,92],"card_choices":[{"not_picked":["Clothesline","Sword Boomerang"],"picked":"Heavy Blade","floor":1},{"not_picked":["Metallicize","Twin Strike"],"picked":"Inflame","floor":2},{"not_picked":["Carnage","Corruption"],"picked":"Iron Wave","floor":4},{"not_picked":["Shockwave","Sever Soul"],"picked":"Inflame","floor":6},{"not_picked":["Thunderclap","Cleave"],"picked":"Pommel Strike","floor":11},{"not_picked":["Dark Embrace","Fire Breathing"],"picked":"Metallicize","floor":12},{"not_picked":["Juggernaut","Brutality"],"picked":"Demon Form","floor":16},{"not_picked":["Clothesline+1","Rupture+1"],"picked":"Heavy Blade+1","floor":18},{"not_picked":["Anger+1","Clash","Sword Boomerang"],"picked":"SKIP","floor":21},{"not_picked":["Twin Strike","True Grit"],"picked":"Shrug It Off","floor":22},{"not_picked":["Reckless Charge","Inflame+1"],"picked":"Corruption","floor":24},{"not_picked":["Thunderclap","Fire Breathing"],"picked":"Shrug It Off","floor":25},{"not_picked":["Anger+1","Clash+1"],"picked":"Heavy Blade","floor":27},{"not_picked":["Inflame","Searing Blow"],"picked":"Reaper","floor":29},{"not_picked":["Body Slam","Warcry"],"picked":"Brutality","floor":31},{"not_picked":["Berserk","Offering"],"picked":"Limit Break","floor":33},{"not_picked":["Perfected Strike","Uppercut"],"picked":"Blood for Blood","floor":35},{"not_picked":["Twin Strike+1","Anger+1"],"picked":"Pummel+1","floor":36},{"not_picked":["Anger","Carnage+1","True Grit"],"picked":"SKIP","floor":38},{"not_picked":["Mind Blast","Forethought"],"picked":"Thinking Ahead","floor":39},{"not_picked":["Thinking Ahead","Madness"],"picked":"Enlightenment","floor":39},{"not_picked":["Dark Shackles","Impatience"],"picked":"Enlightenment","floor":39},{"not_picked":["Heavy Blade","Anger"],"picked":"Headbutt+1","floor":41},{"not_picked":["Iron Wave","Sword Boomerang+1"],"picked":"Warcry+1","floor":42},{"not_picked":["Thunderclap+1","Hemokinesis+1"],"picked":"Feel No Pain+1","floor":44},{"not_picked":["Power Through+1","Uppercut"],"picked":"Seeing Red","floor":46},{"not_picked":["Carnage+1","Sword Boomerang+1","Body Slam+1"],"picked":"SKIP","floor":47}],"player_experience":18885,"relics_obtained":[{"floor":6,"key":"Letter Opener"},{"floor":9,"key":"FossilizedHelix"},{"floor":12,"key":"Red Skull"},{"floor":24,"key":"Meat on the Bone"},{"floor":26,"key":"Ornamental Fan"},{"floor":31,"key":"Strawberry"},{"floor":36,"key":"Charon\u0027s Ashes"},{"floor":43,"key":"Mercury Hourglass"},{"floor":44,"key":"Self Forming Clay"},{"floor":46,"key":"Calipers"}],"event_choices":[{"damage_healed":0,"gold_gain":0,"player_choice":"Success","damage_taken":7,"relics_obtained":["Ginger"],"max_hp_gain":0,"max_hp_loss":0,"event_name":"Scrap Ooze","floor":3,"gold_loss":0},{"damage_healed":0,"gold_gain":75,"player_choice":"Gather Gold","damage_taken":11,"max_hp_gain":0,"max_hp_loss":0,"event_name":"World of Goop","floor":7,"gold_loss":0},{"cards_removed":["Strike_R"],"damage_healed":0,"gold_gain":0,"player_choice":"Card Removal","damage_taken":7,"max_hp_gain":0,"max_hp_loss":0,"event_name":"Golden Wing","floor":13,"gold_loss":0},{"damage_healed":20,"gold_gain":0,"player_choice":"Healed","damage_taken":0,"max_hp_gain":0,"max_hp_loss":0,"event_name":"The Cleric","floor":14,"gold_loss":35},{"damage_healed":0,"gold_gain":0,"player_choice":"Ignored","damage_taken":0,"max_hp_gain":0,"max_hp_loss":0,"event_name":"Ghosts","floor":19,"gold_loss":0},{"damage_healed":0,"gold_gain":0,"cards_transformed":["Strike_R"],"player_choice":"Transformed","damage_taken":0,"max_hp_gain":0,"max_hp_loss":0,"event_name":"Transmorgrifier","floor":20,"gold_loss":0,"cards_obtained":["Fiend Fire"]},{"damage_healed":0,"gold_gain":0,"player_choice":"Paid Fearfully","damage_taken":0,"max_hp_gain":0,"max_hp_loss":0,"event_name":"Masked Bandits","floor":30,"gold_loss":55},{"damage_healed":0,"gold_gain":0,"player_choice":"Fight","damage_taken":0,"max_hp_gain":0,"max_hp_loss":0,"event_name":"Mysterious Sphere","floor":36,"gold_loss":0},{"cards_removed":["Searing Blow"],"damage_healed":0,"gold_gain":0,"player_choice":"Card Removal","damage_taken":0,"max_hp_gain":0,"max_hp_loss":0,"event_name":"Wheel of Change","floor":37,"gold_loss":0},{"damage_healed":0,"gold_gain":0,"player_choice":"Memory 3","damage_taken":10,"max_hp_gain":0,"max_hp_loss":0,"event_name":"SensoryStone","floor":39,"gold_loss":0},{"cards_removed":["Shrug It Off"],"damage_healed":0,"gold_gain":0,"player_choice":"Gave Card","damage_taken":0,"relics_obtained":["Ancient Tea Set"],"max_hp_gain":0,"max_hp_loss":0,"event_name":"WeMeetAgain","floor":45,"gold_loss":0},{"cards_removed":["Fiend Fire"],"damage_healed":0,"gold_gain":0,"player_choice":"Removed Attack","damage_taken":0,"max_hp_gain":0,"max_hp_loss":0,"event_name":"Falling","floor":48,"gold_loss":0}],"is_beta":false,"boss_relics":[{"not_picked":["Snecko Eye","Black Blood"],"picked":"Ectoplasm"},{"not_picked":["Coffee Dripper","Eternal Feather"],"picked":"Astrolabe"}],"items_purged_floors":[5,10],"is_endless":false,"potions_floor_spawned":[6,12,16,21,25,33,36,42,44,46],"ascension_level":1}