{"gold_per_floor":[109,123,140,140,140,179,194,237,237,237,255,64,85,98,98,227,227,227],"floor_reached":18,"playtime":906,"items_purged":["Regret"],"score":191,"play_id":"a0ad6515-20b0-435a-8842-ab0dcacf8be6","local_time":"20181111202806","is_ascension_mode":true,"campfire_choices":[{"floor":10,"key":"REST"},{"data":"Crippling Poison","floor":15,"key":"SMITH"}],"neow_cost":"NONE","seed_source_timestamp":822985185902085,"circlet_count":0,"master_deck":["Defend_G","Defend_G","Defend_G","Defend_G","Defend_G","Strike_G","Strike_G","Strike_G","Strike_G","Survivor","Neutralize","Backflip","Glass Knife","Masterful Stab","Leg Sweep","Slice","Noxious Fumes","Crippling Poison+1","Footwork","Backflip","Cloak And Dagger","Noxious Fumes","Malaise"],"relics":["Ring of the Snake","Peace Pipe","Golden Idol","Snake Skull","Tough Bandages","Question Card","Snecko Eye"],"potions_floor_usage":[8,11],"damage_taken":[{"damage":6,"enemies":"Cultist","floor":1,"turns":5},{"damage":1,"enemies":"2 Louse","floor":2,"turns":3},{"damage":0,"enemies":"Jaw Worm","floor":3,"turns":3},{"damage":14,"enemies":"Gremlin Nob","floor":6,"turns":4},{"damage":4,"enemies":"Blue Slaver","floor":7,"turns":3},{"damage":10,"enemies":"3 Sentries","floor":8,"turns":7},{"damage":4,"enemies":"Gremlin Gang","floor":11,"turns":6},{"damage":0,"enemies":"3 Louse","floor":13,"turns":2},{"damage":2,"enemies":"Large Slime","floor":14,"turns":5},{"damage":24,"enemies":"The Guardian","floor":16,"turns":10},{"damage":27,"enemies":"3 Byrds","floor":18,"turns":3}],"seed_played":"-7005124807862031896","potions_obtained":[{"floor":3,"key":"FairyPotion"},{"floor":6,"key":"Fire Potion"},{"floor":8,"key":"Regen Potion"},{"floor":16,"key":"AttackPotion"}],"is_trial":false,"path_per_floor":["M","M","M","?","?","E","M","E","T","R","M","$","M","M","R","B",null,"M"],"character_chosen":"THE_SILENT","items_purchased":["Footwork","Backflip"],"campfire_rested":1,"item_purchase_floors":[12,12],"current_hp_per_floor":[64,63,63,63,46,32,28,18,18,39,50,50,50,48,48,24,70,43],"gold":227,"neow_bonus":"REMOVE_CARD","is_prod":false,"is_daily":false,"chose_seed":false,"campfire_upgraded":1,"win_rate":0,"timestamp":1541964486,"path_taken":["M","M","?","?","?","E","M","E","T","R","M","?","M","M","R","BOSS","M"],"build_version":"2018-11-08","purchased_purges":1,"victory":false,"max_hp_per_floor":[70,70,70,70,70,70,70,70,70,70,70,70,70,70,70,70,70,70],"card_choices":[{"not_picked":["Outmaneuver","Expertise"],"picked":"Backflip","floor":1},{"not_picked":["Deadly Poison","Calculated Gamble"],"picked":"Glass Knife","floor":2},{"not_picked":["Endless Agony","Deadly Poison"],"picked":"Masterful Stab","floor":3},{"not_picked":["Dagger Throw","Slice"],"picked":"Leg Sweep","floor":6},{"not_picked":["Dodge and Roll","Tactician"],"picked":"Slice","floor":7},{"not_picked":["Deadly Poison","Flying Knee"],"picked":"Noxious Fumes","floor":8},{"not_picked":["Catalyst","Deadly Poison","Bane"],"picked":"Crippling Poison","floor":11},{"not_picked":["Dagger Throw","PiercingWail","A Thousand Cuts"],"picked":"Cloak And Dagger","floor":13},{"not_picked":["Dodge and Roll","Finisher","Flying Knee"],"picked":"Noxious Fumes","floor":14},{"not_picked":["Phantasmal Killer","Venomology","Night Terror"],"picked":"Malaise","floor":16}],"player_experience":97487,"relics_obtained":[{"floor":6,"key":"Snake Skull"},{"floor":8,"key":"Tough Bandages"},{"floor":9,"key":"Question Card"}],"event_choices":[{"damage_healed":0,"gold_gain":0,"player_choice":"Box","damage_taken":0,"relics_obtained":["Peace Pipe"],"max_hp_gain":0,"max_hp_loss":0,"event_name":"Big Fish","floor":4,"gold_loss":0,"cards_obtained":["Regret"]},{"damage_healed":0,"gold_gain":0,"player_choice":"Take Damage","damage_taken":17,"relics_obtained":["Golden Idol"],"max_hp_gain":0,"max_hp_loss":0,"event_name":"Golden Idol","floor":5,"gold_loss":0}],"is_beta":true,"boss_relics":[{"not_picked":["Coffee Dripper","Runic Pyramid"],"picked":"Snecko Eye"}],"items_purged_floors":[12],"is_endless":false,"potions_floor_spawned":[3,6,8,16],"killed_by":"3 Byrds","ascension_level":2}