{"gold_per_floor":[118,131,142,159,171,171,205,170,196,196,213,247,262,275,275,349,349,369,7,18,18,38,38,73,92,92,112,112],"floor_reached":28,"playtime":1581,"items_purged":[],"score":486,"play_id":"3206755a-0e56-49fe-8f26-619d19572623","local_time":"20181025045641","is_ascension_mode":true,"campfire_choices":[{"data":"Chill","floor":6,"key":"SMITH"},{"data":"Zap","floor":10,"key":"SMITH"},{"data":"Biased Cognition","floor":15,"key":"SMITH"},{"data":"Apotheosis","floor":23,"key":"SMITH"}],"neow_cost":"NONE","seed_source_timestamp":2943205214116569,"circlet_count":0,"master_deck":["Defend_B","Defend_B","Defend_B","Defend_B","Zap+1","Dualcast","AscendersBane","Ball Lightning","Chill+1","Sweeping Beam","Compile Driver","Capacitor","Cold Snap","Biased Cognition+1","Rainbow","Cold Snap","FTL","Creative AI","Fusion+1","Apotheosis+1","Hologram","Reinforced Body","Buffer","Turbo","Coolheaded","Storm"],"relics":["Cracked Core","Bottled Tornado","Ancient Tea Set","Orichalcum","Empty Cage","Anchor","Potion Belt","Juzu Bracelet"],"potions_floor_usage":[7,12,24,24,27,27,27,27,28],"damage_taken":[{"damage":7,"enemies":"Jaw Worm","floor":1,"turns":3},{"damage":1,"enemies":"2 Louse","floor":2,"turns":2},{"damage":1,"enemies":"Cultist","floor":3,"turns":3},{"damage":7,"enemies":"Exordium Thugs","floor":4,"turns":3},{"damage":0,"enemies":"Large Slime","floor":5,"turns":4},{"damage":30,"enemies":"Gremlin Nob","floor":7,"turns":4},{"damage":14,"enemies":"Exordium Wildlife","floor":11,"turns":3},{"damage":2,"enemies":"3 Sentries","floor":12,"turns":6},{"damage":1,"enemies":"3 Louse","floor":13,"turns":4},{"damage":0,"enemies":"Exordium Thugs","floor":14,"turns":3},{"damage":22,"enemies":"Slime Boss","floor":16,"turns":7},{"damage":3,"enemies":"Spheric Guardian","floor":18,"turns":5},{"damage":0,"enemies":"Chosen","floor":20,"turns":4},{"damage":1,"enemies":"Snecko","floor":22,"turns":6},{"damage":31,"enemies":"Book of Stabbing","floor":24,"turns":7},{"damage":0,"enemies":"Centurion and Healer","floor":25,"turns":6},{"damage":23,"enemies":"Cultist and Chosen","floor":27,"turns":6},{"damage":7,"enemies":"Sentry and Sphere","floor":28,"turns":3}],"seed_played":"-7180703608759104045","potions_obtained":[{"floor":3,"key":"Swift Potion"},{"floor":4,"key":"FearPotion"},{"floor":5,"key":"Dexterity Potion"},{"floor":11,"key":"Regen Potion"},{"floor":16,"key":"Dexterity Potion"},{"floor":24,"key":"FearPotion"},{"floor":25,"key":"EntropicBrew"},{"floor":27,"key":"Explosive Potion"}],"is_trial":false,"path_per_floor":["M","M","M","M","M","R","E","?","T","R","M","E","M","M","R","B",null,"M","$","M","?","M","R","E","M","T","M"],"character_chosen":"DEFECT","items_purchased":["Apotheosis","Anchor"],"campfire_rested":0,"item_purchase_floors":[19,19],"current_hp_per_floor":[64,63,62,55,55,55,25,44,44,44,30,43,42,42,42,20,64,61,61,61,61,60,60,29,29,29,6,0],"gold":112,"neow_bonus":"TEN_PERCENT_HP_BONUS","is_prod":false,"is_daily":false,"chose_seed":false,"campfire_upgraded":4,"win_rate":0,"timestamp":1540468601,"path_taken":["M","M","M","M","M","R","E","?","T","R","M","E","?","M","R","BOSS","M","$","M","?","M","R","E","M","T","M","M"],"build_version":"2018-10-24","purchased_purges":0,"victory":false,"max_hp_per_floor":[78,78,78,78,78,78,78,78,78,78,78,78,78,78,78,78,78,78,78,78,78,78,78,78,78,78,78,78],"card_choices":[{"not_picked":["Stack","Gash"],"picked":"Ball Lightning","floor":1},{"not_picked":["Heatsinks","Reprogram"],"picked":"Chill","floor":2},{"not_picked":["Melter","Redo"],"picked":"Sweeping Beam","floor":3},{"not_picked":["Redo","Coolheaded"],"picked":"Compile Driver","floor":4},{"not_picked":["Stack","Gash"],"picked":"Capacitor","floor":5},{"not_picked":["Loop","Aggregate"],"picked":"Cold Snap","floor":7},{"not_picked":["Steam","Hello World"],"picked":"Biased Cognition","floor":11},{"not_picked":["Streamline","Biased Cognition"],"picked":"Rainbow","floor":12},{"not_picked":["Gash","Go for the Eyes"],"picked":"Cold Snap","floor":13},{"not_picked":["Leap","Steam"],"picked":"FTL","floor":14},{"not_picked":["Buffer","Amplify"],"picked":"Creative AI","floor":16},{"not_picked":["BootSequence","Genetic Algorithm"],"picked":"Fusion+1","floor":18},{"not_picked":["Reprogram","Rebound+1"],"picked":"Hologram","floor":20},{"not_picked":["Barrage","Aggregate"],"picked":"Turbo","floor":22},{"not_picked":["Lockon","Coolheaded","Beam Cell"],"picked":"SKIP","floor":24},{"not_picked":["Lockon","Beam Cell"],"picked":"Coolheaded","floor":24},{"not_picked":["Gash","Sweeping Beam"],"picked":"Storm","floor":25},{"not_picked":["Storm","Steam","Doom and Gloom"],"picked":"SKIP","floor":27}],"player_experience":995095,"relics_obtained":[{"floor":7,"key":"Bottled Tornado"},{"floor":9,"key":"Ancient Tea Set"},{"floor":12,"key":"Orichalcum"},{"floor":24,"key":"Potion Belt"},{"floor":26,"key":"Juzu Bracelet"}],"event_choices":[{"damage_healed":19,"gold_gain":0,"player_choice":"Healed","damage_taken":0,"max_hp_gain":0,"max_hp_loss":0,"event_name":"The Cleric","floor":8,"gold_loss":35},{"damage_healed":0,"gold_gain":0,"cards_transformed":["Strike_B","Strike_B"],"player_choice":"Became Test Subject","damage_taken":0,"max_hp_gain":0,"max_hp_loss":0,"event_name":"Drug Dealer","floor":21,"gold_loss":0,"cards_obtained":["Reinforced Body","Buffer"]}],"is_beta":true,"boss_relics":[{"not_picked":["White Beast Statue","Orrery"],"picked":"Empty Cage"}],"items_purged_floors":[],"is_endless":false,"potions_floor_spawned":[3,4,5,11,16,22,24,25,27],"killed_by":"Sentry and Sphere","ascension_level":18}