{"gold_per_floor":[119,64,139,139,139,139,168,168,168,168,191,191,219,234,234,311,311,329,340,340,46,46,46,78,78,102,102,102],"floor_reached":28,"playtime":721,"items_purged":[],"score":576,"play_id":"c8e7ebff-489c-4bc7-86c5-3a8b5e86ea49","local_time":"20190607040945","is_ascension_mode":true,"campfire_choices":[{"data":"Shrug It Off","floor":6.0,"key":"SMITH"},{"data":"Evolve","floor":10.0,"key":"SMITH"},{"data":"Thunderclap","floor":12.0,"key":"SMITH"},{"data":"Headbutt","floor":15.0,"key":"SMITH"},{"data":"Limit Break","floor":23,"key":"SMITH"},{"data":"Heavy Blade","floor":25,"key":"SMITH"},{"data":"Ghostly","floor":27,"key":"SMITH"}],"neow_cost":"NONE","seed_source_timestamp":3646351201879191,"circlet_count":0,"master_deck":["AscendersBane","Strike_R","Strike_R","Strike_R","Strike_R","Defend_R+1","Defend_R","Defend_R+1","Defend_R","Bash+1","Thunderclap+1","Shrug It Off+1","Evolve+1","Headbutt","Headbutt+1","Reaper","Heavy Blade+1","Ghostly+1","Ghostly","Ghostly","Inflame","Limit Break+1","Spot Weakness","Reaper"],"special_seed":0,"relics":["Burning Blood","NeowsBlessing","Art of War","Gremlin Horn","Oddly Smooth Stone","War Paint","Coffee Dripper","Happy Flower"],"potions_floor_usage":[28],"damage_taken":[{"damage":0.0,"enemies":"Jaw Worm","floor":1.0,"turns":1.0},{"damage":0.0,"enemies":"3 Sentries","floor":7.0,"turns":1.0},{"damage":0.0,"enemies":"Lagavulin","floor":13.0,"turns":1.0},{"damage":0.0,"enemies":"2 Louse","floor":14.0,"turns":3.0},{"damage":55.0,"enemies":"Slime Boss","floor":16.0,"turns":8.0},{"damage":12,"enemies":"Chosen","floor":18,"turns":6},{"damage":20,"enemies":"Spheric Guardian","floor":19,"turns":5},{"damage":8,"enemies":"Gremlin Leader","floor":24,"turns":5},{"damage":49,"enemies":"Book of Stabbing","floor":28,"turns":5}],"seed_played":"4858177716674916730","potions_obtained":[{"floor":1.0,"key":"EssenceOfSteel"},{"floor":7.0,"key":"Weak Potion"},{"floor":19,"key":"PowerPotion"}],"is_trial":false,"path_per_floor":["M","$","?","$","?","R","E","?","T","R","T","R","E","M","R","B",null,"M","M","?","$","?","R","E","R","T","R","E"],"character_chosen":"IRONCLAD","items_purchased":["Shrug It Off","Inflame","Limit Break","Spot Weakness"],"campfire_rested":0,"item_purchase_floors":[2,21,21,21],"current_hp_per_floor":[74,74,63,63,63,63,69,74,74,74,74,74,80,80,80,31,68,62,48,40,40,40,40,40,40,40,40,0],"gold":102,"neow_bonus":"THREE_ENEMY_KILL","is_prod":false,"is_daily":false,"chose_seed":false,"campfire_upgraded":7,"win_rate":0,"timestamp":1559905785,"path_taken":["M","$","?","$","?","R","E","?","T","R","?","R","E","M","R","BOSS","M","M","?","$","?","R","E","R","T","R","E"],"build_version":"2019-06-05","purchased_purges":0,"victory":false,"max_hp_per_floor":[75,75,75,75,75,75,75,80,80,80,80,80,80,80,80,80,80,80,80,40,40,40,40,40,40,40,40,40],"card_choices":[{"not_picked":["Burning Pact","Sword Boomerang"],"picked":"Thunderclap","floor":1.0},{"not_picked":["Heavy Blade","Iron Wave"],"picked":"Evolve","floor":7.0},{"not_picked":["Warcry","Body Slam"],"picked":"Headbutt","floor":13.0},{"not_picked":["Havoc","Heavy Blade"],"picked":"Headbutt","floor":14.0},{"not_picked":["Impervious","Berserk"],"picked":"Reaper","floor":16.0},{"not_picked":["Evolve","Iron Wave"],"picked":"Heavy Blade","floor":18},{"not_picked":["Thunderclap","Pummel","Havoc+1"],"picked":"SKIP","floor":19},{"not_picked":["Searing Blow","Second Wind","Seeing Red"],"picked":"SKIP","floor":24}],"player_experience":1318971,"relics_obtained":[{"floor":7.0,"key":"Art of War"},{"floor":9.0,"key":"Gremlin Horn"},{"floor":11.0,"key":"Oddly Smooth Stone"},{"floor":13.0,"key":"War Paint"},{"floor":24,"key":"Happy Flower"}],"event_choices":[{"damage_healed":0.0,"max_hp_gain":0.0,"max_hp_loss":0.0,"gold_gain":75.0,"event_name":"World of Goop","player_choice":"Gather Gold","floor":3.0,"gold_loss":0.0,"damage_taken":11.0},{"damage_healed":0.0,"max_hp_gain":0.0,"max_hp_loss":0.0,"gold_gain":0.0,"event_name":"Living Wall","player_choice":"Grow","floor":5.0,"gold_loss":0.0,"damage_taken":0.0,"cards_upgraded":["Bash"]},{"damage_healed":0.0,"max_hp_gain":5.0,"max_hp_loss":0.0,"gold_gain":0.0,"event_name":"Big Fish","player_choice":"Donut","floor":8.0,"gold_loss":0.0,"damage_taken":0.0},{"damage_healed":0,"gold_gain":0,"player_choice":"Became a Ghost","damage_taken":0,"max_hp_gain":0,"max_hp_loss":40,"event_name":"Ghosts","floor":20,"gold_loss":0,"cards_obtained":["Ghostly","Ghostly","Ghostly"]},{"damage_healed":0,"gold_gain":0,"cards_transformed":["Strike_R"],"player_choice":"Transformed","damage_taken":0,"max_hp_gain":0,"max_hp_loss":0,"event_name":"Transmorgrifier","floor":22,"gold_loss":0,"cards_obtained":["Reaper"]}],"is_beta":true,"boss_relics":[{"not_picked":["Busted Crown","Eternal Feather"],"picked":"Coffee Dripper"}],"items_purged_floors":[],"is_endless":false,"potions_floor_spawned":[1,7,19],"killed_by":"Book of Stabbing","ascension_level":20}