{"gold_per_floor":[119,136,411,424,424,468,488,488,488,2,2,36,36,72,72,170,170,194,194,212,231,252,252,268,291,364,364,364,364,408,429,429,525,525,543,601,296,312,332,332,366,366,391,430,430,430,451,464,464,464],"floor_reached":51,"playtime":2076,"items_purged":["Regret","Strike_R"],"score":1605,"play_id":"58cbf395-96de-4441-92ab-a5497142f059","local_time":"20190918123217","is_ascension_mode":true,"campfire_choices":[{"data":"Perfected Strike","floor":8.0,"key":"SMITH"},{"floor":11.0,"key":"REST"},{"floor":13.0,"key":"REST"},{"floor":15.0,"key":"REST"},{"data":"Inflame","floor":23.0,"key":"SMITH"},{"data":"Sword Boomerang","floor":28.0,"key":"SMITH"},{"data":"Demon Form","floor":32.0,"key":"SMITH"},{"floor":40.0,"key":"REST"},{"data":"Bash","floor":42.0,"key":"SMITH"},{"data":"Shrug It Off","floor":46.0,"key":"SMITH"},{"data":"Shrug It Off","floor":49.0,"key":"SMITH"}],"neow_cost":"NONE","seed_source_timestamp":160604284713700,"circlet_count":0,"master_deck":["AscendersBane","Strike_R","Strike_R","Strike_R","Defend_R","Defend_R","Defend_R","Defend_R","Bash+1","Battle Trance","Disarm","Inflame+1","Perfected Strike+1","Sword Boomerang+1","Shrug It Off+1","Twin Strike","Immolate","Twin Strike","Iron Wave+1","Twin Strike","Demon Form+1","Twin Strike+1","Impervious","Heavy Blade+1","Wild Strike+1","Pummel+1","Shrug It Off+1","Headbutt+1","Disarm","Disarm","Perfected Strike+1","Headbutt+1"],"special_seed":0,"relics":["Burning Blood","NeowsBlessing","Golden Idol","TungstenRod","StrikeDummy","Anchor","Chemical X","Matryoshka","FossilizedHelix","Sozu","Ancient Tea Set","MealTicket","HornCleat","Molten Egg 2","Velvet Choker","Nunchaku","Regal Pillow","Pen Nib","Dream Catcher","Akabeko","Torii"],"potions_floor_usage":[],"damage_taken":[{"damage":0.0,"enemies":"Jaw Worm","floor":1.0,"turns":1.0},{"damage":0.0,"enemies":"Cultist","floor":2.0,"turns":1.0},{"damage":0.0,"enemies":"2 Louse","floor":4.0,"turns":1.0},{"damage":59.0,"enemies":"Lagavulin","floor":6.0,"turns":9.0},{"damage":6.0,"enemies":"Looter","floor":7.0,"turns":3.0},{"damage":30.0,"enemies":"Gremlin Nob","floor":12.0,"turns":4.0},{"damage":18.0,"enemies":"3 Sentries","floor":14.0,"turns":7.0},{"damage":0.0,"enemies":"Slime Boss","floor":16.0,"turns":6.0},{"damage":2.0,"enemies":"3 Byrds","floor":18.0,"turns":5.0},{"damage":0.0,"enemies":"Shell Parasite","floor":20.0,"turns":3.0},{"damage":10.0,"enemies":"Shelled Parasite and Fungi","floor":21.0,"turns":4.0},{"damage":3.0,"enemies":"3 Cultists","floor":22.0,"turns":4.0},{"damage":10.0,"enemies":"Cultist and Chosen","floor":24.0,"turns":5.0},{"damage":8.0,"enemies":"Chosen and Byrds","floor":25.0,"turns":4.0},{"damage":13.0,"enemies":"Book of Stabbing","floor":30.0,"turns":4.0},{"damage":0.0,"enemies":"Snake Plant","floor":31.0,"turns":3.0},{"damage":8.0,"enemies":"Champ","floor":33.0,"turns":7.0},{"damage":10.0,"enemies":"3 Darklings","floor":35.0,"turns":3.0},{"damage":40.0,"enemies":"2 Orb Walkers","floor":36.0,"turns":5.0},{"damage":5.0,"enemies":"3 Shapes","floor":38.0,"turns":6.0},{"damage":32.0,"enemies":"Maw","floor":39.0,"turns":6.0},{"damage":0.0,"enemies":"Nemesis","floor":41.0,"turns":5.0},{"damage":23.0,"enemies":"Reptomancer","floor":44.0,"turns":5.0},{"damage":0.0,"enemies":"3 Darklings","floor":47.0,"turns":3.0},{"damage":0.0,"enemies":"Jaw Worm Horde","floor":48.0,"turns":3.0},{"damage":38,"enemies":"Awakened One","floor":50,"turns":11}],"seed_played":"5542554514014098161","potions_obtained":[{"floor":1.0,"key":"Regen Potion"},{"floor":4.0,"key":"EntropicBrew"},{"floor":6.0,"key":"AttackPotion"},{"floor":7.0,"key":"GamblersBrew"},{"floor":16.0,"key":"EssenceOfSteel"}],"is_trial":false,"path_per_floor":["M","M","?","M","?","E","M","R","T","$","R","E","R","E","R","B",null,"M","?","M","M","M","R","M","M","T","?","R","?","E","M","R","B",null,"M","?","$","M","M","R","E","R","T","E","?","R","M","M","R","B",null],"character_chosen":"IRONCLAD","items_purchased":["BloodPotion","Anchor","Chemical X","Regal Pillow","Pummel+1"],"campfire_rested":4,"item_purchase_floors":[10,10,10,37,37],"current_hp_per_floor":[74,75,75,75,49,11,11,11,11,11,33,27,49,37,59,65,73,75,75,75,71,74,74,70,68,68,68,68,68,61,67,67,65,73,69,35,50,51,25,62,68,68,68,51,51,51,57,63,63,31],"gold":464,"neow_bonus":"THREE_ENEMY_KILL","is_prod":false,"is_daily":false,"chose_seed":false,"campfire_upgraded":7,"win_rate":0,"timestamp":1568835137,"path_taken":["M","M","?","?","?","E","M","R","T","$","R","E","R","E","R","BOSS","M","?","M","M","?","R","M","M","T","?","R","?","E","M","R","BOSS","M","?","$","M","M","R","E","R","T","E","?","R","M","?","R","BOSS"],"build_version":"2019-09-17","purchased_purges":2,"victory":true,"max_hp_per_floor":[75,75,75,75,75,75,75,75,75,75,75,75,75,75,75,75,75,75,75,75,75,75,75,75,75,75,75,75,75,75,75,75,75,75,75,75,75,75,75,75,75,75,75,75,75,75,75,75,75,75],"card_choices":[{"not_picked":["Anger","Dropkick"],"picked":"Battle Trance","floor":1.0},{"not_picked":["Armaments","Warcry"],"picked":"Disarm","floor":2.0},{"not_picked":["True Grit","Twin Strike"],"picked":"Inflame","floor":4.0},{"not_picked":["Shrug It Off","Heavy Blade"],"picked":"Perfected Strike","floor":6.0},{"not_picked":["Anger","Thunderclap"],"picked":"Sword Boomerang","floor":7.0},{"not_picked":["Havoc","Bludgeon"],"picked":"Shrug It Off","floor":12.0},{"not_picked":["Shrug It Off","Metallicize"],"picked":"Twin Strike","floor":14.0},{"not_picked":["Brutality","Bludgeon"],"picked":"Immolate","floor":16.0},{"not_picked":["Iron Wave+1","Pummel"],"picked":"Twin Strike","floor":18.0},{"not_picked":["Heavy Blade","True Grit+1"],"picked":"Iron Wave+1","floor":20.0},{"not_picked":["Rage","Iron Wave","Cleave+1"],"picked":"SKIP","floor":21.0},{"not_picked":["Searing Blow","Anger"],"picked":"Twin Strike","floor":22.0},{"not_picked":["Berserk","Flex","Heavy Blade"],"picked":"SKIP","floor":24.0},{"not_picked":["Heavy Blade","Rupture","Body Slam"],"picked":"SKIP","floor":25.0},{"not_picked":["Offering","Heavy Blade"],"picked":"Demon Form","floor":30.0},{"not_picked":["Heavy Blade+1","Wild Strike+1"],"picked":"Twin Strike+1","floor":31.0},{"not_picked":["Berserk","Fiend Fire+1"],"picked":"Impervious","floor":33.0},{"not_picked":["Flex","Anger+1"],"picked":"Heavy Blade+1","floor":35.0},{"not_picked":["Dropkick+1","True Grit"],"picked":"Wild Strike+1","floor":36.0},{"not_picked":["Clothesline+1","Battle Trance"],"picked":"Shrug It Off","floor":38.0},{"not_picked":["Anger+1","Dual Wield+1","Cleave+1"],"picked":"SKIP","floor":39.0},{"not_picked":["Shrug It Off","Intimidate"],"picked":"Headbutt+1","floor":41.0},{"not_picked":["Anger+1","Sword Boomerang+1"],"picked":"Disarm","floor":44.0},{"not_picked":["Flame Barrier","Headbutt+1"],"picked":"Perfected Strike+1","floor":47.0},{"not_picked":["Metallicize","Warcry"],"picked":"Headbutt+1","floor":48.0}],"player_experience":1444497,"relics_obtained":[{"floor":6.0,"key":"TungstenRod"},{"floor":9.0,"key":"StrikeDummy"},{"floor":12.0,"key":"Matryoshka"},{"floor":14.0,"key":"FossilizedHelix"},{"floor":26.0,"key":"MealTicket"},{"floor":26.0,"key":"HornCleat"},{"floor":30.0,"key":"Molten Egg 2"},{"floor":36.0,"key":"Nunchaku"},{"floor":41.0,"key":"Pen Nib"},{"floor":43.0,"key":"Dream Catcher"},{"floor":43.0,"key":"Akabeko"},{"floor":44.0,"key":"Torii"}],"event_choices":[{"damage_healed":0.0,"max_hp_gain":0.0,"max_hp_loss":0.0,"gold_gain":275.0,"event_name":"Golden Shrine","player_choice":"Desecrate","floor":3.0,"gold_loss":0.0,"damage_taken":0.0,"cards_obtained":["Regret"]},{"damage_healed":0.0,"max_hp_gain":0.0,"max_hp_loss":0.0,"gold_gain":0.0,"event_name":"Golden Idol","player_choice":"Take Damage","floor":5.0,"gold_loss":0.0,"damage_taken":26.0,"relics_obtained":["Golden Idol"]},{"damage_healed":0.0,"max_hp_gain":0.0,"max_hp_loss":0.0,"gold_gain":0.0,"event_name":"WeMeetAgain","player_choice":"Gave Potion","floor":19.0,"gold_loss":0.0,"damage_taken":0.0,"relics_obtained":["Ancient Tea Set"]},{"damage_healed":0.0,"max_hp_gain":0.0,"max_hp_loss":0.0,"gold_gain":0.0,"event_name":"Ghosts","player_choice":"Ignored","floor":27.0,"gold_loss":0.0,"damage_taken":0.0},{"damage_healed":0.0,"max_hp_gain":0.0,"max_hp_loss":0.0,"gold_gain":0.0,"event_name":"The Mausoleum","player_choice":"Ignored","floor":29.0,"gold_loss":0.0,"damage_taken":0.0},{"damage_healed":0.0,"max_hp_gain":0.0,"max_hp_loss":0.0,"gold_gain":0.0,"event_name":"Mysterious Sphere","player_choice":"Fight","floor":36.0,"gold_loss":0.0,"damage_taken":0.0},{"damage_healed":0.0,"max_hp_gain":0.0,"max_hp_loss":0.0,"gold_gain":0.0,"cards_transformed":["Strike_R"],"event_name":"Transmorgrifier","player_choice":"Transformed","floor":45.0,"gold_loss":0.0,"damage_taken":0.0,"cards_obtained":["Disarm"]}],"is_beta":true,"boss_relics":[{"not_picked":["Philosopher\u0027s Stone","Cursed Key"],"picked":"Sozu"},{"not_picked":["Runic Pyramid","Black Star"],"picked":"Velvet Choker"}],"items_purged_floors":[10,37],"is_endless":false,"potions_floor_spawned":[1,4,6,7,16,18,25,30,31,33,38,41,44,48],"ascension_level":19}