{"gold_per_floor":[10,30,49,62,62,87,104,137,137,137,169,181,192,209,209,309,309,326,626,639,657,657,657,688,698,780,504,504,504,530,530,530,632,632,642,742,742,530,530,530],"floor_reached":40,"playtime":4176,"items_purged":["Strike_R","Strike_R"],"score":520,"play_id":"ef807e12-7fc5-4664-96e5-0d705bb2b744","local_time":"20190823124723","is_ascension_mode":true,"campfire_choices":[{"data":"Fiend Fire","floor":10,"key":"SMITH"},{"floor":15,"key":"RECALL"},{"data":"Seeing Red","floor":23,"key":"SMITH"},{"floor":28,"key":"REST"},{"floor":32,"key":"REST"}],"neow_cost":"NO_GOLD","seed_source_timestamp":0,"circlet_count":0,"master_deck":["Strike_R","Strike_R","Strike_R","Defend_R","Defend_R","Defend_R","Bash","Fiend Fire+1","Seeing Red+1","Cleave","Armaments","True Grit","Second Wind","Clothesline","Shrug It Off","Warcry","Reaper","Offering","Hemokinesis+1","Sever Soul","Rupture","Dropkick","Madness","Madness"],"special_seed":0,"relics":["Black Blood","Pocketwatch","Juzu Bracelet","Sundial","Busted Crown","MutagenicStrength","Letter Opener","Pear","Medical Kit","Nloth\u0027s Gift","Kunai","WingedGreaves"],"potions_floor_usage":[6,6,6,8,14,24,30],"damage_taken":[{"damage":6,"enemies":"Jaw Worm","floor":1,"turns":3},{"damage":6,"enemies":"Cultist","floor":2,"turns":3},{"damage":10,"enemies":"Small Slimes","floor":3,"turns":3},{"damage":25,"enemies":"Gremlin Gang","floor":4,"turns":5},{"damage":3,"enemies":"3 Sentries","floor":6,"turns":4},{"damage":1,"enemies":"2 Fungi Beasts","floor":7,"turns":3},{"damage":0,"enemies":"Gremlin Nob","floor":8,"turns":2},{"damage":18,"enemies":"Lagavulin","floor":11,"turns":4},{"damage":11,"enemies":"Exordium Wildlife","floor":12,"turns":3},{"damage":0,"enemies":"Red Slaver","floor":13,"turns":2},{"damage":2,"enemies":"Looter","floor":14,"turns":3},{"damage":51,"enemies":"The Guardian","floor":16,"turns":14},{"damage":18,"enemies":"2 Thieves","floor":18,"turns":4},{"damage":18,"enemies":"Shell Parasite","floor":20,"turns":5},{"damage":20,"enemies":"Centurion and Healer","floor":21,"turns":5},{"damage":30,"enemies":"Book of Stabbing","floor":24,"turns":6},{"damage":24,"enemies":"Snake Plant","floor":25,"turns":3},{"damage":24,"enemies":"Slavers","floor":30,"turns":5},{"damage":81,"enemies":"Champ","floor":33,"turns":16},{"damage":27,"enemies":"3 Shapes","floor":35,"turns":4},{"damage":47,"enemies":"Mind Bloom Boss Battle","floor":36,"turns":7},{"damage":42,"enemies":"Giant Head","floor":40,"turns":6}],"seed_played":"658115296285455763","potions_obtained":[{"floor":1,"key":"Energy Potion"},{"floor":5,"key":"SkillPotion"},{"floor":5,"key":"PowerPotion"},{"floor":7,"key":"Energy Potion"},{"floor":11,"key":"BloodPotion"},{"floor":12,"key":"AttackPotion"},{"floor":21,"key":"Regen Potion"},{"floor":25,"key":"Strength Potion"},{"floor":35,"key":"LiquidBronze"}],"is_trial":false,"path_per_floor":["M","M","M","M","?","E","M","E","T","R","E","M","M","M","R","B",null,"M","?","M","M","?","R","E","M","T","$","R","?","E","?","R","B",null,"M","?","?","$","?","E"],"character_chosen":"IRONCLAD","items_purchased":["Medical Kit","Rupture","Dropkick"],"campfire_rested":2,"item_purchase_floors":[27,38,38],"current_hp_per_floor":[80,80,76,57,57,60,65,71,71,71,59,54,60,64,64,23,80,76,76,70,60,60,60,52,34,44,44,71,71,62,62,89,20,90,81,48,48,48,37,0],"gold":530,"neow_bonus":"THREE_RARE_CARDS","is_prod":false,"is_daily":false,"chose_seed":false,"campfire_upgraded":2,"win_rate":0,"timestamp":1566535643,"path_taken":["M","M","M","M","?","E","M","E","T","R","E","M","M","M","R","BOSS","M","?","M","M","?","R","E","M","T","$","R","?","E","?","R","BOSS","M","?","?","$","?","E"],"build_version":"2019-07-17","purchased_purges":2,"victory":false,"max_hp_per_floor":[80,80,80,80,80,80,80,80,80,80,80,80,80,80,80,80,80,80,80,80,80,80,80,80,80,90,90,90,90,90,90,90,90,90,90,90,90,90,90,90],"card_choices":[{"not_picked":["Limit Break","Double Tap"],"picked":"Fiend Fire","floor":0.0},{"not_picked":["Warcry","True Grit"],"picked":"Seeing Red","floor":1},{"not_picked":["Flex","Clothesline"],"picked":"Cleave","floor":2},{"not_picked":["Heavy Blade","Clash"],"picked":"Armaments","floor":3},{"not_picked":["Thunderclap","Cleave"],"picked":"True Grit","floor":4},{"not_picked":["Juggernaut","Clothesline"],"picked":"Second Wind","floor":6},{"not_picked":["Perfected Strike","Twin Strike"],"picked":"Clothesline","floor":7},{"not_picked":["Flex","Inflame"],"picked":"Shrug It Off","floor":8},{"not_picked":["Intimidate","Metallicize"],"picked":"Warcry","floor":11},{"not_picked":["Clothesline","Flex","Sword Boomerang"],"picked":"SKIP","floor":12},{"not_picked":["Perfected Strike","Heavy Blade"],"picked":"Reaper","floor":13},{"not_picked":["Inflame","Combust","Warcry"],"picked":"SKIP","floor":14},{"not_picked":["Bludgeon","Reaper"],"picked":"Offering","floor":16},{"not_picked":["Sword Boomerang"],"picked":"SKIP","floor":18},{"not_picked":["Sword Boomerang"],"picked":"SKIP","floor":20},{"not_picked":["Carnage"],"picked":"SKIP","floor":21},{"not_picked":["Rampage"],"picked":"SKIP","floor":24},{"not_picked":["Armaments"],"picked":"SKIP","floor":25},{"not_picked":["Brutality"],"picked":"SKIP","floor":30},{"not_picked":[],"picked":"Hemokinesis+1","floor":35},{"not_picked":[],"picked":"Sever Soul","floor":36}],"player_experience":31625,"relics_obtained":[{"floor":6,"key":"Pocketwatch"},{"floor":8,"key":"Juzu Bracelet"},{"floor":11,"key":"Sundial"},{"floor":24,"key":"Letter Opener"},{"floor":26,"key":"Pear"},{"floor":30,"key":"Kunai"},{"floor":36,"key":"WingedGreaves"}],"event_choices":[{"damage_healed":0,"gold_gain":0,"player_choice":"Got Potions","damage_taken":0,"max_hp_gain":0,"max_hp_loss":0,"event_name":"Lab","floor":5,"gold_loss":0},{"damage_healed":0,"gold_gain":0,"player_choice":"Gave Potion","damage_taken":0,"relics_obtained":["Old Coin"],"max_hp_gain":0,"max_hp_loss":0,"event_name":"WeMeetAgain","floor":19,"gold_loss":0},{"damage_healed":0,"gold_gain":0,"player_choice":"Inject Mutagens","damage_taken":0,"relics_obtained":["MutagenicStrength"],"max_hp_gain":0,"max_hp_loss":0,"event_name":"Drug Dealer","floor":22,"gold_loss":0},{"damage_healed":0,"gold_gain":0,"player_choice":"Traded Relic","damage_taken":0,"relics_obtained":["Nloth\u0027s Gift"],"max_hp_gain":0,"max_hp_loss":0,"event_name":"N\u0027loth","floor":29,"relics_lost":["Old Coin"],"gold_loss":0},{"cards_removed":["Defend_R"],"damage_healed":0,"gold_gain":0,"player_choice":"Elegance","damage_taken":0,"max_hp_gain":0,"max_hp_loss":0,"event_name":"Back to Basics","floor":31,"gold_loss":0},{"damage_healed":0,"gold_gain":0,"player_choice":"Fight","damage_taken":0,"max_hp_gain":0,"max_hp_loss":0,"event_name":"MindBloom","floor":36,"gold_loss":0},{"damage_healed":0,"gold_gain":0,"player_choice":"0 cards matched","damage_taken":0,"max_hp_gain":0,"max_hp_loss":0,"event_name":"Match and Keep!","floor":37,"gold_loss":0,"cards_obtained":[]},{"damage_healed":0,"gold_gain":0,"player_choice":"Embrace Madness","damage_taken":11,"max_hp_gain":0,"max_hp_loss":0,"event_name":"Winding Halls","floor":39,"gold_loss":0,"cards_obtained":["Madness","Madness"]}],"is_beta":false,"boss_relics":[{"not_picked":["Runic Dome","White Beast Statue"],"picked":"Busted Crown"},{"not_picked":["Orrery","Runic Cube"],"picked":"Black Blood"}],"items_purged_floors":[27,38],"is_endless":false,"potions_floor_spawned":[1,7,11,12,21,25,35],"killed_by":"Giant Head","ascension_level":1}