{"gold_per_floor":[113,15,15,27,39,39,139,170,170,170,188,188,188,207,207,302,302,322,247,261,161,341,369,74,89,89,108,108,123,123,141,141,241,241,258,268,268,284,330,330,340,340,364,364,398,7,23,23,23,23],"floor_reached":51,"playtime":4026,"items_purged":["Strike_R","Strike_R","Defend_R"],"score":772,"play_id":"24c90cf8-75d6-4372-9c69-fd7e84da08a5","local_time":"20190510014308","is_ascension_mode":false,"campfire_choices":[{"data":"True Grit","floor":6.0,"key":"SMITH"},{"data":"Clothesline","floor":10.0,"key":"SMITH"},{"data":"Bash","floor":12.0,"key":"SMITH"},{"data":"Wild Strike","floor":15.0,"key":"SMITH"},{"data":"Anger","floor":28.0,"key":"SMITH"},{"data":"Wild Strike","floor":30.0,"key":"SMITH"},{"data":"Iron Wave","floor":32.0,"key":"SMITH"},{"data":"Perfected Strike","floor":40,"key":"SMITH"},{"data":"Pommel Strike","floor":42,"key":"SMITH"},{"data":"Shrug It Off","floor":44,"key":"SMITH"},{"data":"Perfected Strike","floor":49,"key":"SMITH"}],"neow_cost":"PERCENT_DAMAGE","seed_source_timestamp":1036033594403100,"circlet_count":0,"master_deck":["Strike_R","Strike_R","Defend_R","Defend_R","Bash+1","Wild Strike+1","True Grit+1","Anger+1","Shrug It Off+1","Clothesline+1","Wild Strike+1","Clothesline+1","Iron Wave+1","Iron Wave+1","Clothesline+1","Twin Strike+1","Iron Wave+1","Perfected Strike+1","Pommel Strike+1","Perfected Strike+1","Twin Strike+1"],"special_seed":0,"relics":["Burning Blood","Mango","Pocketwatch","Bottled Flame","Mark of Pain","Bag of Marbles","Vajra","Letter Opener","Philosopher\u0027s Stone","Bird Faced Urn","Orichalcum","Dead Branch","MealTicket","Strawberry"],"potions_floor_usage":[39,50],"damage_taken":[{"damage":1.0,"enemies":"Jaw Worm","floor":1.0,"turns":3.0},{"damage":0.0,"enemies":"2 Louse","floor":4.0,"turns":3.0},{"damage":0.0,"enemies":"Cultist","floor":5.0,"turns":3.0},{"damage":13.0,"enemies":"Gremlin Nob","floor":8.0,"turns":4.0},{"damage":0.0,"enemies":"3 Louse","floor":11.0,"turns":3.0},{"damage":4.0,"enemies":"Red Slaver","floor":14.0,"turns":3.0},{"damage":0.0,"enemies":"The Guardian","floor":16.0,"turns":12.0},{"damage":5.0,"enemies":"Shell Parasite","floor":18.0,"turns":6.0},{"damage":1.0,"enemies":"Chosen","floor":20.0,"turns":4.0},{"damage":4.0,"enemies":"Book of Stabbing","floor":23.0,"turns":5.0},{"damage":0.0,"enemies":"3 Cultists","floor":25.0,"turns":3.0},{"damage":12.0,"enemies":"Sentry and Sphere","floor":27.0,"turns":4.0},{"damage":0.0,"enemies":"Snecko","floor":29.0,"turns":2.0},{"damage":2.0,"enemies":"Shelled Parasite and Fungi","floor":31.0,"turns":4.0},{"damage":38.0,"enemies":"Automaton","floor":33.0,"turns":8.0},{"damage":15.0,"enemies":"3 Darklings","floor":35.0,"turns":6.0},{"damage":0.0,"enemies":"3 Shapes","floor":36.0,"turns":3.0},{"damage":8.0,"enemies":"Writhing Mass","floor":38.0,"turns":4.0},{"damage":18,"enemies":"2 Orb Walkers","floor":39,"turns":4},{"damage":11,"enemies":"Maw","floor":41,"turns":6},{"damage":27,"enemies":"Giant Head","floor":45,"turns":8},{"damage":0,"enemies":"Sphere and 2 Shapes","floor":47,"turns":5},{"damage":53,"enemies":"Time Eater","floor":50,"turns":11}],"seed_played":"-6786923512061801493","potions_obtained":[{"floor":4.0,"key":"LiquidBronze"},{"floor":11.0,"key":"SkillPotion"},{"floor":14.0,"key":"AttackPotion"},{"floor":20.0,"key":"Ancient Potion"},{"floor":23.0,"key":"Swift Potion"},{"floor":25.0,"key":"SteroidPotion"},{"floor":29.0,"key":"Fire Potion"},{"floor":36.0,"key":"Block Potion"},{"floor":38.0,"key":"Explosive Potion"},{"floor":47,"key":"Fire Potion"}],"is_trial":false,"path_per_floor":["M","$","?","M","M","R","?","E","T","R","M","R","?","M","R","B",null,"M","?","M","$","?","E","$","M","T","M","R","M","R","M","R","B",null,"M","M","?","M","?","R","M","R","T","R","E","$","M","$","R","B",null],"character_chosen":"IRONCLAD","items_purchased":["True Grit","Vajra","Iron Wave","Dexterity Potion","MealTicket","Strawberry"],"campfire_rested":0,"item_purchase_floors":[2,24,24,46,46,46],"current_hp_per_floor":[61,61,75,81,87,87,87,80,80,80,86,86,86,88,88,94,94,94,94,94,94,67,69,69,75,75,69,69,75,75,79,79,47,94,85,91,91,89,77,77,72,72,72,72,51,58,64,79,79,34],"gold":23,"neow_bonus":"REMOVE_TWO","is_prod":false,"is_daily":false,"chose_seed":false,"campfire_upgraded":11,"win_rate":0,"timestamp":1557477788,"path_taken":["M","$","?","M","M","R","?","E","T","R","?","R","?","M","R","BOSS","M","?","M","$","?","E","$","M","T","M","R","?","R","M","R","BOSS","M","M","?","M","?","R","M","R","T","R","E","$","M","$","R","BOSS"],"build_version":"2019-05-07","purchased_purges":3,"victory":true,"max_hp_per_floor":[80,80,94,94,94,94,94,94,94,94,94,94,94,94,94,94,94,94,94,94,94,94,94,94,94,94,94,94,94,94,94,94,94,94,94,94,94,94,94,94,94,94,94,94,94,101,101,101,101,101],"card_choices":[{"not_picked":["Clash","Metallicize"],"picked":"Wild Strike","floor":1.0},{"not_picked":["Infernal Blade","Intimidate"],"picked":"Anger","floor":4.0},{"not_picked":["Flex","Anger"],"picked":"Shrug It Off","floor":5.0},{"not_picked":["Rage","Bludgeon"],"picked":"Clothesline","floor":8.0},{"not_picked":["Body Slam","Havoc","Wild Strike"],"picked":"SKIP","floor":11.0},{"not_picked":["Sentinel","Searing Blow"],"picked":"Wild Strike","floor":14.0},{"not_picked":["Flame Barrier","Clothesline","Rupture+1"],"picked":"SKIP","floor":18.0},{"not_picked":["Clash","Flex+1"],"picked":"Clothesline+1","floor":20.0},{"not_picked":["Havoc","Burning Pact+1","Seeing Red"],"picked":"SKIP","floor":23.0},{"not_picked":["Carnage","Hemokinesis"],"picked":"Iron Wave+1","floor":25.0},{"not_picked":["Hemokinesis","Seeing Red","Sentinel"],"picked":"SKIP","floor":27.0},{"not_picked":["Heavy Blade+1","Spot Weakness"],"picked":"Clothesline+1","floor":29.0},{"not_picked":["Feel No Pain","Uppercut+1","Sentinel+1"],"picked":"SKIP","floor":31.0},{"not_picked":["Havoc+1","Flex"],"picked":"Twin Strike+1","floor":35.0},{"not_picked":["Anger+1","Fire Breathing","Thunderclap"],"picked":"SKIP","floor":36.0},{"not_picked":["Headbutt+1","Flex"],"picked":"Iron Wave+1","floor":38.0},{"not_picked":["Wild Strike+1","Armaments+1"],"picked":"Perfected Strike","floor":39},{"not_picked":["Searing Blow","Dual Wield+1"],"picked":"Pommel Strike","floor":41},{"not_picked":["Cleave","Double Tap"],"picked":"Perfected Strike","floor":45},{"not_picked":["Burning Pact+1","Sword Boomerang+1"],"picked":"Twin Strike+1","floor":47}],"player_experience":3434280,"relics_obtained":[{"floor":8.0,"key":"Pocketwatch"},{"floor":9.0,"key":"Bottled Flame"},{"floor":23.0,"key":"Bag of Marbles"},{"floor":26.0,"key":"Letter Opener"},{"floor":39,"key":"Bird Faced Urn"},{"floor":43,"key":"Orichalcum"},{"floor":45,"key":"Dead Branch"}],"event_choices":[{"damage_healed":0.0,"max_hp_gain":0.0,"max_hp_loss":0.0,"gold_gain":0.0,"event_name":"Big Fish","player_choice":"Box","floor":3.0,"gold_loss":0.0,"damage_taken":0.0,"relics_obtained":["Mango"],"cards_obtained":["Regret"]},{"damage_healed":0.0,"max_hp_gain":0.0,"max_hp_loss":0.0,"gold_gain":100.0,"event_name":"Golden Shrine","player_choice":"Pray","floor":7.0,"gold_loss":0.0,"damage_taken":0.0},{"damage_healed":0.0,"max_hp_gain":0.0,"max_hp_loss":0.0,"gold_gain":0.0,"event_name":"NoteForYourself","player_choice":"Ignored","floor":13.0,"gold_loss":0.0,"damage_taken":0.0},{"cards_removed":["Regret"],"damage_healed":0.0,"max_hp_gain":0.0,"max_hp_loss":0.0,"gold_gain":0.0,"event_name":"Beggar","player_choice":"Gave Gold","floor":19.0,"gold_loss":75.0,"damage_taken":0.0},{"damage_healed":0.0,"max_hp_gain":0.0,"max_hp_loss":0.0,"gold_gain":180.0,"event_name":"Knowing Skull","player_choice":"GOLD GOLD ","floor":22.0,"potions_obtained":[],"gold_loss":0.0,"damage_taken":27.0,"cards_obtained":[]},{"damage_healed":0.0,"max_hp_gain":0.0,"max_hp_loss":0.0,"gold_gain":0.0,"event_name":"SensoryStone","player_choice":"Memory 1","floor":37.0,"gold_loss":0.0,"damage_taken":0.0},{"damage_healed":0,"gold_gain":0,"player_choice":"Fight","damage_taken":0,"max_hp_gain":0,"max_hp_loss":0,"event_name":"Mysterious Sphere","floor":39,"gold_loss":0}],"is_beta":true,"boss_relics":[{"not_picked":["Runic Cube","Ectoplasm"],"picked":"Mark of Pain"},{"not_picked":["Lizard Tail","Sozu"],"picked":"Philosopher\u0027s Stone"}],"items_purged_floors":[2,21,24],"is_endless":false,"potions_floor_spawned":[4,11,14,20,23,25,29,36,38,47],"ascension_level":0}