{"gold_per_floor":[111,128,128,2,13,43,43,53,98,131,147,163,163,175,175,175],"floor_reached":16,"playtime":1050,"items_purged":["Defend_R"],"score":125,"play_id":"d0ea405d-e248-4b13-a354-3501ce1f9444","local_time":"20190910112754","is_ascension_mode":true,"campfire_choices":[{"floor":7,"key":"RECALL"},{"floor":13,"key":"REST"},{"floor":15,"key":"REST"}],"neow_cost":"NONE","seed_source_timestamp":559478897148499,"circlet_count":0,"master_deck":["Strike_R","Strike_R","Strike_R","Strike_R","Strike_R","Defend_R","Defend_R","Defend_R","Bash","Flex","Burning Pact","Shrug It Off","Pommel Strike","Pommel Strike","Pummel","Exhume","Cleave","Dropkick"],"relics":["Burning Blood","NeowsBlessing","Kunai","Smiling Mask","Strawberry"],"potions_floor_usage":[6,10,14],"damage_taken":[{"damage":0,"enemies":"Small Slimes","floor":1,"turns":1},{"damage":0,"enemies":"Cultist","floor":2,"turns":1},{"damage":0,"enemies":"2 Louse","floor":5,"turns":1},{"damage":20,"enemies":"Gremlin Nob","floor":6,"turns":4},{"damage":20,"enemies":"2 Fungi Beasts","floor":8,"turns":4},{"damage":42,"enemies":"Lagavulin","floor":10,"turns":6},{"damage":6,"enemies":"Blue Slaver","floor":11,"turns":4},{"damage":21,"enemies":"Gremlin Gang","floor":12,"turns":4},{"damage":0,"enemies":"2 Fungi Beasts","floor":14,"turns":1},{"damage":69,"enemies":"The Guardian","floor":16,"turns":9}],"seed_played":"8172326710879571423","potions_obtained":[{"floor":5,"key":"Strength Potion"},{"floor":6,"key":"FearPotion"},{"floor":11,"key":"Ancient Potion"},{"floor":12,"key":"Explosive Potion"}],"is_trial":false,"path_per_floor":["M","M","?","$","M","E","R","M","T","E","M","M","R","M","R","B"],"character_chosen":"IRONCLAD","items_purchased":["Shrug It Off"],"campfire_rested":2,"item_purchase_floors":[4],"current_hp_per_floor":[80,80,80,80,80,66,66,52,52,23,23,8,34,40,66,0],"gold":175,"neow_bonus":"THREE_ENEMY_KILL","is_prod":false,"is_daily":false,"chose_seed":false,"campfire_upgraded":0,"win_rate":0,"timestamp":1568086074,"path_taken":["M","M","?","$","?","E","R","M","T","E","?","M","R","M","R","BOSS"],"build_version":"2019-07-17","purchased_purges":1,"victory":false,"max_hp_per_floor":[80,80,80,80,80,80,80,80,80,87,87,87,87,87,87,87],"card_choices":[{"not_picked":["Searing Blow","Headbutt"],"picked":"Flex","floor":1},{"not_picked":["Rupture","Second Wind"],"picked":"Burning Pact","floor":2},{"not_picked":["Clash","Carnage"],"picked":"Pommel Strike","floor":5},{"not_picked":["Body Slam","Flex"],"picked":"Pommel Strike","floor":6},{"not_picked":["Havoc","Combust"],"picked":"Pummel","floor":8},{"not_picked":["Warcry","Iron Wave"],"picked":"Exhume","floor":10},{"not_picked":["Iron Wave","Metallicize"],"picked":"Cleave","floor":11},{"not_picked":["Iron Wave","Flame Barrier"],"picked":"Dropkick","floor":12},{"not_picked":["Wild Strike","Carnage","Shrug It Off"],"picked":"SKIP","floor":14}],"player_experience":99405,"relics_obtained":[{"floor":3,"key":"Kunai"},{"floor":6,"key":"Smiling Mask"},{"floor":10,"key":"Strawberry"}],"event_choices":[{"damage_healed":0,"gold_gain":0,"player_choice":"Relic","damage_taken":0,"max_hp_gain":0,"max_hp_loss":0,"event_name":"Wheel of Change","floor":3,"gold_loss":0}],"is_beta":false,"boss_relics":[],"items_purged_floors":[4],"is_endless":false,"potions_floor_spawned":[5,6,11,12],"killed_by":"The Guardian","ascension_level":2}