{"gold_per_floor":[111,121,135,135,153,182,182,182,209,241,241,253,284,209,209,282,282,295,311,327,89,89,89,89,89,89,89,101,116,116,135,135,211,211,227,243,296,309,309,338,338,368,368,380,21,38,51,83,83,83],"floor_reached":51,"playtime":3959,"items_purged":["Strike_R","True Grit"],"score":1368,"play_id":"c1fbdb5b-d2b1-4d96-9000-02344766786d","local_time":"20190918000717","is_ascension_mode":true,"campfire_choices":[{"data":"Bash","floor":8,"key":"SMITH"},{"data":"Pommel Strike","floor":11,"key":"SMITH"},{"data":"Flame Barrier","floor":15,"key":"SMITH"},{"data":"Apotheosis","floor":23,"key":"SMITH"},{"floor":25,"key":"REST"},{"floor":27,"key":"REST"},{"floor":32,"key":"REST"},{"data":"Demon Form","floor":41,"key":"SMITH"},{"data":"Demon Form","floor":49,"key":"SMITH"}],"neow_cost":"NONE","seed_source_timestamp":114721968997100,"circlet_count":0,"master_deck":["AscendersBane","Defend_R","Defend_R","Defend_R","Defend_R","Bash+1","Flame Barrier+1","Carnage","Pommel Strike+1","Offering","Ghostly Armor","Feed","Shrug It Off","Battle Trance","Spot Weakness","Apotheosis+1","Bite","Bite","Bite","Bite","Bite","Impervious","Whirlwind+1","Demon Form+1","Madness","Madness","Reaper","Demon Form+1","Uppercut"],"relics":["Burning Blood","Akabeko","Gremlin Horn","Juzu Bracelet","Bronze Scales","Omamori","Smiling Mask","Cursed Key","Nilry\u0027s Codex","Sundial","Coffee Dripper","Thread and Needle","Orichalcum","Potion Belt","MawBank","Membership Card","CeramicFish"],"potions_floor_usage":[5,5,13,16,36,37,47,50,50],"damage_taken":[{"damage":13,"enemies":"2 Louse","floor":1,"turns":3},{"damage":11,"enemies":"Jaw Worm","floor":2,"turns":4},{"damage":8,"enemies":"Small Slimes","floor":3,"turns":4},{"damage":10,"enemies":"Exordium Thugs","floor":5,"turns":6},{"damage":25,"enemies":"3 Sentries","floor":6,"turns":8},{"damage":8,"enemies":"Gremlin Nob","floor":10,"turns":3},{"damage":0,"enemies":"2 Fungi Beasts","floor":12,"turns":2},{"damage":10,"enemies":"3 Sentries","floor":13,"turns":6},{"damage":40,"enemies":"The Guardian","floor":16,"turns":9},{"damage":13,"enemies":"2 Thieves","floor":18,"turns":3},{"damage":2,"enemies":"Chosen","floor":19,"turns":5},{"damage":6,"enemies":"Snecko","floor":20,"turns":5},{"damage":3,"enemies":"Snake Plant","floor":28,"turns":3},{"damage":2,"enemies":"Centurion and Healer","floor":29,"turns":4},{"damage":35,"enemies":"3 Cultists","floor":31,"turns":4},{"damage":33,"enemies":"Automaton","floor":33,"turns":10},{"damage":6,"enemies":"3 Shapes","floor":35,"turns":4},{"damage":17,"enemies":"3 Darklings","floor":36,"turns":5},{"damage":29,"enemies":"2 Orb Walkers","floor":37,"turns":4},{"damage":12,"enemies":"Transient","floor":38,"turns":6},{"damage":29,"enemies":"Nemesis","floor":40,"turns":7},{"damage":22,"enemies":"Reptomancer","floor":42,"turns":5},{"damage":43,"enemies":"Spire Growth","floor":46,"turns":5},{"damage":52,"enemies":"Maw","floor":47,"turns":8},{"damage":54,"enemies":"Giant Head","floor":48,"turns":6},{"damage":28,"enemies":"Awakened One","floor":50,"turns":8}],"seed_played":"960059804407915111","potions_obtained":[{"floor":2,"key":"Regen Potion"},{"floor":3,"key":"Fire Potion"},{"floor":6,"key":"SpeedPotion"},{"floor":10,"key":"Fire Potion"},{"floor":13,"key":"EssenceOfSteel"},{"floor":16,"key":"Block Potion"},{"floor":31,"key":"SpeedPotion"},{"floor":33,"key":"AttackPotion"},{"floor":36,"key":"LiquidBronze"},{"floor":38,"key":"LiquidBronze"},{"floor":40,"key":"SteroidPotion"},{"floor":42,"key":"SpeedPotion"},{"floor":48,"key":"Explosive Potion"}],"is_trial":false,"path_per_floor":["M","M","M","?","M","E","T","R","T","E","R","M","E","?","R","B",null,"M","M","M","$","?","R","?","R","T","R","M","M","?","M","R","B",null,"M","M","?","M","?","E","R","E","T","$","$","M","M","E","R","B",null],"character_chosen":"IRONCLAD","items_purchased":["Apotheosis","Membership Card","Demon Form","Uppercut","Regen Potion"],"campfire_rested":3,"item_purchase_floors":[21,45,45,45,45],"current_hp_per_floor":[68,63,61,56,67,48,48,48,48,46,46,52,48,48,48,14,65,61,65,65,65,44,44,19,46,46,73,80,88,68,49,70,64,70,75,75,58,73,59,61,61,75,75,75,75,57,75,46,46,79],"gold":83,"neow_bonus":"TEN_PERCENT_HP_BONUS","is_prod":false,"is_daily":false,"chose_seed":false,"campfire_upgraded":6,"win_rate":0,"timestamp":1568790437,"path_taken":["M","M","M","?","M","E","?","R","T","E","R","M","E","?","R","BOSS","M","M","M","$","?","R","?","R","T","R","M","M","?","M","R","BOSS","M","M","?","M","?","E","R","E","T","?","$","M","M","E","R","BOSS"],"build_version":"2019-09-17","purchased_purges":2,"victory":true,"max_hp_per_floor":[82,82,82,82,82,82,82,82,82,82,82,82,82,82,82,82,82,85,85,85,85,85,85,90,90,90,90,94,98,68,72,72,72,72,75,75,75,75,75,75,75,75,75,75,75,75,75,75,75,79],"card_choices":[{"not_picked":["Warcry","Clash","Second Wind"],"picked":"SKIP","floor":1},{"not_picked":["Metallicize","Reckless Charge"],"picked":"Flame Barrier","floor":2},{"not_picked":["Clash","Sword Boomerang"],"picked":"Carnage","floor":3},{"not_picked":["Iron Wave","Anger"],"picked":"Pommel Strike","floor":5},{"not_picked":["Flex","True Grit"],"picked":"Offering","floor":6},{"not_picked":["Sword Boomerang","Reckless Charge"],"picked":"Ghostly Armor","floor":10},{"not_picked":["Clothesline","Thunderclap","Warcry"],"picked":"SKIP","floor":12},{"not_picked":["Bloodletting","Sword Boomerang","Iron Wave"],"picked":"SKIP","floor":13},{"not_picked":["Exhume","Bludgeon"],"picked":"Feed","floor":16},{"not_picked":["Cleave","Searing Blow"],"picked":"Shrug It Off","floor":18},{"not_picked":["Dual Wield","Havoc"],"picked":"Battle Trance","floor":19},{"not_picked":["True Grit","Pommel Strike"],"picked":"Spot Weakness","floor":20},{"not_picked":["Blood for Blood","Sword Boomerang"],"picked":"True Grit","floor":28},{"not_picked":["Berserk","Iron Wave","Heavy Blade"],"picked":"SKIP","floor":29},{"not_picked":["Iron Wave","Twin Strike","Second Wind"],"picked":"SKIP","floor":31},{"not_picked":["Berserk","Dark Embrace"],"picked":"Impervious","floor":33},{"not_picked":["Shrug It Off","Wild Strike","True Grit+1"],"picked":"SKIP","floor":35},{"not_picked":["Twin Strike","Carnage+1"],"picked":"Whirlwind+1","floor":36},{"not_picked":["Entrench","Battle Trance"],"picked":"Demon Form","floor":38},{"not_picked":["Havoc","Warcry+1"],"picked":"Reaper","floor":40},{"not_picked":["Body Slam","Spot Weakness","True Grit"],"picked":"SKIP","floor":42},{"not_picked":["Body Slam","Spot Weakness","True Grit"],"picked":"SKIP","floor":42},{"not_picked":["Corruption+1","Twin Strike","Feed"],"picked":"SKIP","floor":46},{"not_picked":["Sword Boomerang","Dual Wield+1","Body Slam+1"],"picked":"SKIP","floor":47},{"not_picked":["Spot Weakness","Perfected Strike","Power Through"],"picked":"SKIP","floor":48}],"player_experience":1439863,"relics_obtained":[{"floor":6,"key":"Gremlin Horn"},{"floor":7,"key":"Juzu Bracelet"},{"floor":9,"key":"Bronze Scales"},{"floor":10,"key":"Omamori"},{"floor":13,"key":"Smiling Mask"},{"floor":22,"key":"Nilry\u0027s Codex"},{"floor":26,"key":"Sundial"},{"floor":37,"key":"Thread and Needle"},{"floor":40,"key":"Orichalcum"},{"floor":42,"key":"Potion Belt"},{"floor":43,"key":"MawBank"},{"floor":48,"key":"CeramicFish"}],"event_choices":[{"damage_healed":0,"gold_gain":0,"player_choice":"Success","damage_taken":5,"relics_obtained":["Akabeko"],"max_hp_gain":0,"max_hp_loss":0,"event_name":"Scrap Ooze","floor":4,"gold_loss":0},{"cards_removed":["Strike_R"],"damage_healed":0,"gold_gain":0,"player_choice":"Card Removal","damage_taken":0,"max_hp_gain":0,"max_hp_loss":0,"event_name":"The Cleric","floor":14,"gold_loss":75},{"damage_healed":0,"gold_gain":0,"player_choice":"Obtained Book","damage_taken":21,"max_hp_gain":0,"max_hp_loss":0,"event_name":"Cursed Tome","floor":22,"gold_loss":0},{"damage_healed":0,"gold_gain":0,"player_choice":"Shed Blood","damage_taken":30,"max_hp_gain":5,"max_hp_loss":0,"event_name":"Forgotten Altar","floor":24,"gold_loss":0},{"damage_healed":0,"gold_gain":0,"player_choice":"Became a vampire","damage_taken":0,"max_hp_gain":0,"max_hp_loss":30,"event_name":"Vampires","floor":30,"gold_loss":0,"cards_obtained":["Bite","Bite","Bite","Bite","Bite"]},{"damage_healed":0,"gold_gain":0,"player_choice":"Fight","damage_taken":0,"max_hp_gain":0,"max_hp_loss":0,"event_name":"Mysterious Sphere","floor":37,"gold_loss":0},{"damage_healed":0,"gold_gain":0,"player_choice":"Embrace Madness","damage_taken":14,"max_hp_gain":0,"max_hp_loss":0,"event_name":"Winding Halls","floor":39,"gold_loss":0,"cards_obtained":["Madness","Madness"]}],"is_beta":true,"boss_relics":[{"not_picked":["Runic Dome","Empty Cage"],"picked":"Cursed Key"},{"not_picked":["SlaversCollar","SacredBark"],"picked":"Coffee Dripper"}],"items_purged_floors":[21,45],"is_endless":false,"potions_floor_spawned":[2,3,6,10,13,16,31,33,36,38,40,42,48],"ascension_level":18}