{"gold_per_floor":[117,117,135,19,38,71,89,89],"floor_reached":8,"playtime":802,"items_purged":[],"score":116,"play_id":"dc88dd57-f9f8-456d-b214-7b7b0b96dc9b","local_time":"20190524161939","is_ascension_mode":true,"campfire_choices":[],"neow_cost":"TEN_PERCENT_HP_LOSS","seed_source_timestamp":108605761610143,"circlet_count":0,"master_deck":["AscendersBane","Defend_G","Defend_G","Defend_G","Defend_G","Defend_G","Strike_G","Strike_G","Strike_G","Strike_G","Strike_G","Survivor","Neutralize","Envenom+1","Blade Dance","PiercingWail","Well Laid Plans","Backstab","Wraith Form v2","Catalyst","Deadly Poison"],"special_seed":0,"relics":["Ring of the Snake","Pen Nib"],"potions_floor_usage":[6],"damage_taken":[{"damage":11.0,"enemies":"Jaw Worm","floor":1.0,"turns":8.0},{"damage":1.0,"enemies":"Cultist","floor":3.0,"turns":4.0},{"damage":4.0,"enemies":"2 Louse","floor":5.0,"turns":3.0},{"damage":17,"enemies":"Gremlin Nob","floor":6,"turns":7},{"damage":11,"enemies":"Blue Slaver","floor":7,"turns":4},{"damage":17,"enemies":"Gremlin Gang","floor":8,"turns":4}],"seed_played":"7760670573321101725","potions_obtained":[{"floor":5.0,"key":"PowerPotion"},{"floor":7,"key":"SteroidPotion"}],"is_trial":false,"path_per_floor":["M","?","M","$","M","E","M","M"],"character_chosen":"THE_SILENT","items_purchased":["Well Laid Plans","Backstab"],"campfire_rested":0,"item_purchase_floors":[4,4],"current_hp_per_floor":[48,48,47,47,43,26,15,0],"gold":89,"neow_bonus":"THREE_RARE_CARDS","is_prod":false,"is_daily":false,"chose_seed":false,"campfire_upgraded":0,"win_rate":0,"timestamp":1558729179,"path_taken":["M","?","M","$","M","E","?","M"],"build_version":"2019-01-23","purchased_purges":0,"victory":false,"max_hp_per_floor":[60,60,60,60,60,60,60,60],"card_choices":[{"not_picked":["Bullet Time","Doppelganger"],"picked":"Envenom","floor":0.0},{"not_picked":["Bane","Underhanded Strike"],"picked":"Blade Dance","floor":1.0},{"not_picked":["Finisher","Slice"],"picked":"PiercingWail","floor":3.0},{"not_picked":["Sucker Punch","Backflip"],"picked":"Wraith Form v2","floor":5.0},{"not_picked":["Slice","Deflect"],"picked":"Catalyst","floor":6},{"not_picked":["Flying Knee","Blade Dance"],"picked":"Deadly Poison","floor":7}],"player_experience":557926,"relics_obtained":[{"floor":6,"key":"Pen Nib"}],"event_choices":[{"damage_healed":0.0,"max_hp_gain":0.0,"max_hp_loss":0.0,"gold_gain":0.0,"event_name":"Upgrade Shrine","player_choice":"Upgraded","floor":2.0,"gold_loss":0.0,"damage_taken":0.0,"cards_upgraded":["Envenom"]}],"is_beta":false,"boss_relics":[],"items_purged_floors":[],"is_endless":false,"potions_floor_spawned":[5,7],"killed_by":"Gremlin Gang","ascension_level":20}