{"gold_per_floor":[110,121,0,18,18,18,34,34,91,91,101,128,138,138,138,210,210,229,81,95,108,118,118,129,129,129,129,139,157,157,157,157,157],"floor_reached":33,"playtime":1870,"items_purged":["Defend_G"],"score":414,"play_id":"80657c6c-3a47-420d-876b-e5ae1dbf82d2","local_time":"20180712001409","is_ascension_mode":true,"campfire_choices":[{"data":"Neutralize","floor":6,"key":"SMITH"},{"data":"Sucker Punch","floor":8,"key":"SMITH"},{"data":"Skewer","floor":10,"key":"SMITH"},{"floor":15,"key":"REST"},{"floor":23,"key":"REST"},{"data":"Malaise","floor":27,"key":"SMITH"},{"floor":30,"key":"REST"},{"floor":32,"key":"REST"}],"neow_cost":"NONE","seed_source_timestamp":268198450349965,"circlet_count":0,"master_deck":["Defend_G","Defend_G","Defend_G","Defend_G","Strike_G","Strike_G","Strike_G","Survivor","Neutralize+1","AscendersBane","Skewer+1","Well Laid Plans","Sucker Punch+1","Riddle With Holes","Heel Hook","Blur","Outmaneuver","Tools of the Trade","Malaise+1","Underhanded Strike+1","Noxious Fumes","Dash"],"relics":["Empty Cage","Tiny Chest","Boot","Mummified Hand","Snecko Eye","Pen Nib","Strawberry","Toxic Egg 2"],"potions_floor_usage":[12,13,29,33],"damage_taken":[{"damage":15,"enemies":"Cultist","floor":1,"turns":7},{"damage":2,"enemies":"Small Slimes","floor":2,"turns":7},{"damage":6,"enemies":"Jaw Worm","floor":4,"turns":5},{"damage":4,"enemies":"Large Slime","floor":7,"turns":6},{"damage":10,"enemies":"3 Louse","floor":11,"turns":3},{"damage":14,"enemies":"3 Sentries","floor":12,"turns":6},{"damage":8,"enemies":"Exordium Wildlife","floor":13,"turns":3},{"damage":10,"enemies":"Slime Boss","floor":16,"turns":9},{"damage":4,"enemies":"Shell Parasite","floor":18,"turns":4},{"damage":12,"enemies":"Chosen","floor":20,"turns":3},{"damage":2,"enemies":"Snecko","floor":21,"turns":5},{"damage":28,"enemies":"Slaver and Parasite","floor":22,"turns":6},{"damage":1,"enemies":"Cultist and Chosen","floor":24,"turns":6},{"damage":15,"enemies":"Snake Plant","floor":28,"turns":4},{"damage":8,"enemies":"3 Cultists","floor":29,"turns":5},{"damage":84,"enemies":"Collector","floor":33,"turns":7}],"seed_played":"-4605165431037356304","potions_obtained":[{"floor":4,"key":"Swift Potion"},{"floor":7,"key":"Energy Potion"},{"floor":11,"key":"Strength Potion"},{"floor":20,"key":"Fire Potion"},{"floor":28,"key":"Fire Potion"}],"is_trial":false,"path_per_floor":["M","M","$","M","?","R","M","R","T","R","M","E","M","T","R","B",null,"M","$","M","M","M","R","M","?","T","R","M","M","R","T","R"],"character_chosen":"THE_SILENT","items_purchased":["Sucker Punch","Pen Nib"],"campfire_rested":4,"item_purchase_floors":[3,19],"current_hp_per_floor":[48,46,46,40,45,45,41,41,41,41,31,17,9,9,31,21,62,58,58,46,44,16,38,37,37,44,44,29,21,45,45,69,0],"gold":157,"neow_bonus":"BOSS_RELIC","is_prod":false,"is_daily":false,"chose_seed":false,"campfire_upgraded":4,"win_rate":0,"timestamp":1531379649,"path_taken":["M","M","$","M","?","R","M","R","T","R","M","E","M","?","R","BOSS","M","$","M","M","M","R","M","?","T","R","M","M","R","?","R","BOSS"],"build_version":"2018-07-10","purchased_purges":1,"victory":false,"max_hp_per_floor":[70,70,70,70,75,75,75,75,75,75,75,75,75,75,75,75,75,75,75,75,75,75,75,75,75,82,82,82,82,82,82,82,82],"card_choices":[{"not_picked":["Outmaneuver","Deadly Poison"],"picked":"Skewer","floor":1},{"not_picked":["Backflip","Terror"],"picked":"Well Laid Plans","floor":2},{"not_picked":["Endless Agony","Deflect"],"picked":"Riddle With Holes","floor":4},{"not_picked":["Dodge and Roll","Deflect"],"picked":"Heel Hook","floor":7},{"not_picked":["Deflect","Poisoned Stab"],"picked":"Blur","floor":11},{"not_picked":["Prepared","Sucker Punch"],"picked":"Outmaneuver","floor":12},{"not_picked":["Finisher","Riddle With Holes","Deflect"],"picked":"SKIP","floor":13},{"not_picked":["Doppelganger","Burst"],"picked":"Tools of the Trade","floor":16},{"not_picked":["Poisoned Stab","Masterful Stab"],"picked":"Malaise","floor":18},{"not_picked":["Outmaneuver","Dagger Spray","Setup"],"picked":"SKIP","floor":20},{"not_picked":["Sucker Punch","Deadly Poison"],"picked":"Underhanded Strike+1","floor":21},{"not_picked":["Accuracy","Poisoned Stab"],"picked":"Noxious Fumes","floor":22},{"not_picked":["Deflect+1","Prepared+1","Distraction"],"picked":"SKIP","floor":24},{"not_picked":["Distraction+1","Reflex"],"picked":"Dash","floor":28},{"not_picked":["Bane","Setup","Blade Dance"],"picked":"SKIP","floor":29}],"player_experience":818709,"relics_obtained":[{"floor":9,"key":"Tiny Chest"},{"floor":12,"key":"Boot"},{"floor":14,"key":"Mummified Hand"},{"floor":26,"key":"Strawberry"},{"floor":31,"key":"Toxic Egg 2"}],"event_choices":[{"event_name":"Big Fish","player_choice":"Donut","floor":5,"damage_taken":0},{"event_name":"Ghosts","player_choice":"Ignored","floor":25,"damage_taken":0}],"boss_relics":[{"not_picked":["Sozu","Black Star"],"picked":"Snecko Eye"}],"items_purged_floors":[3],"is_endless":false,"potions_floor_spawned":[4,7,11,20,28],"killed_by":"Collector","ascension_level":13}