{"gold_per_floor":[111,131,141,161,171,206,206,241,264,264,539,313,293,293,293,369,369,384,395,395,395],"floor_reached":21,"playtime":1037,"items_purged":["Strike_B"],"score":359,"play_id":"4213dcf9-9530-485e-9c15-76182e780c29","local_time":"20181022043403","is_ascension_mode":true,"campfire_choices":[{"data":"Creative AI","floor":7,"key":"SMITH"},{"data":"Zap","floor":10,"key":"SMITH"},{"floor":15,"key":"REST"}],"neow_cost":"NONE","seed_source_timestamp":2683190984514196,"circlet_count":0,"master_deck":["Strike_B","Strike_B","Defend_B","Defend_B","Defend_B","Defend_B","Zap+1","Dualcast+1","AscendersBane","FTL","Glacier","Streamline","Lockon","Cold Snap","Creative AI+1","Heatsinks","All For One","Echo Form","Ball Lightning","Conserve Battery"],"relics":["Cracked Core","Art of War","Juzu Bracelet","Boot","Omamori","Inserter"],"potions_floor_usage":[8,18,19],"damage_taken":[{"damage":2,"enemies":"2 Louse","floor":1,"turns":3},{"damage":1,"enemies":"Cultist","floor":2,"turns":3},{"damage":0,"enemies":"Small Slimes","floor":3,"turns":3},{"damage":2,"enemies":"Looter","floor":4,"turns":4},{"damage":5,"enemies":"Blue Slaver","floor":5,"turns":4},{"damage":19,"enemies":"Lagavulin","floor":6,"turns":8},{"damage":3,"enemies":"3 Sentries","floor":8,"turns":12},{"damage":19,"enemies":"The Guardian","floor":16,"turns":10},{"damage":13,"enemies":"Chosen","floor":18,"turns":5},{"damage":36,"enemies":"3 Byrds","floor":19,"turns":6},{"damage":14,"enemies":"Shelled Parasite and Fungi","floor":21,"turns":1}],"seed_played":"-6291546109725165746","potions_obtained":[{"floor":1,"key":"Swift Potion"},{"floor":3,"key":"SkillPotion"},{"floor":6,"key":"Energy Potion"},{"floor":13,"key":"Block Potion"}],"is_trial":false,"path_per_floor":["M","M","M","M","M","E","R","E","T","R","?","$","?","?","R","B",null,"M","M","?"],"character_chosen":"DEFECT","items_purchased":["All For One"],"campfire_rested":1,"item_purchase_floors":[12],"current_hp_per_floor":[62,61,61,59,54,35,35,32,32,32,32,32,32,25,46,27,60,47,11,11,0],"gold":395,"neow_bonus":"RANDOM_COMMON_RELIC","is_prod":false,"is_daily":false,"chose_seed":false,"campfire_upgraded":2,"win_rate":0,"timestamp":1540208043,"path_taken":["M","M","M","M","M","E","R","E","T","R","?","$","?","?","R","BOSS","M","M","?","M"],"build_version":"2018-10-19","purchased_purges":1,"victory":false,"max_hp_per_floor":[71,71,71,71,71,71,71,71,71,71,71,71,71,71,71,71,71,71,71,71,71],"card_choices":[{"not_picked":["Heatsinks","Double Energy"],"picked":"FTL","floor":1},{"not_picked":["Go for the Eyes","Sweeping Beam"],"picked":"Glacier","floor":2},{"not_picked":["Blizzard","Fusion"],"picked":"Streamline","floor":3},{"not_picked":["Conserve Battery","Redo"],"picked":"Lockon","floor":4},{"not_picked":["Go for the Eyes","Conserve Battery"],"picked":"Cold Snap","floor":5},{"not_picked":["Tempest","Stack"],"picked":"Creative AI","floor":6},{"not_picked":["Genetic Algorithm","Tempest"],"picked":"Heatsinks","floor":8},{"not_picked":["Biased Cognition","Reboot"],"picked":"Echo Form","floor":16},{"not_picked":["Tempest","Steam"],"picked":"Ball Lightning","floor":18},{"not_picked":["Coolheaded","Lockon+1"],"picked":"Conserve Battery","floor":19}],"player_experience":953095,"relics_obtained":[{"floor":6,"key":"Juzu Bracelet"},{"floor":8,"key":"Boot"},{"floor":9,"key":"Omamori"}],"event_choices":[{"damage_healed":0,"gold_gain":275,"player_choice":"Desecrate","damage_taken":0,"max_hp_gain":0,"max_hp_loss":0,"event_name":"Golden Shrine","floor":11,"gold_loss":0,"cards_obtained":["Regret"]},{"damage_healed":0,"gold_gain":0,"player_choice":"Bought 1 Potion","damage_taken":0,"max_hp_gain":0,"max_hp_loss":0,"event_name":"The Woman in Blue","floor":13,"gold_loss":0},{"cards_removed":["Strike_B"],"damage_healed":0,"gold_gain":0,"player_choice":"Card Removal","damage_taken":7,"max_hp_gain":0,"max_hp_loss":0,"event_name":"Golden Wing","floor":14,"gold_loss":0},{"damage_healed":0,"gold_gain":0,"player_choice":"Upgraded","damage_taken":0,"max_hp_gain":0,"max_hp_loss":0,"event_name":"Upgrade Shrine","floor":20,"gold_loss":0,"cards_upgraded":["Dualcast"]}],"is_beta":true,"boss_relics":[{"not_picked":["Philosopher\u0027s Stone","Pandora\u0027s Box"],"picked":"Inserter"}],"items_purged_floors":[12],"is_endless":false,"potions_floor_spawned":[1,3,6,16],"killed_by":"Shelled Parasite and Fungi","ascension_level":18}